2840 4010
134 1277 145 1288 ⁴¹
159 1276 225 1298 Vers.
242 1282 259 1297 1.

134 1600 145 1611 ·
160 1599 226 1621 Vers.
241 1606 269 1627 ¹5-

136 1654 144 1662 ·
159 1653 209 1674 Art.
225 1652 328 1680 praeced.

135 1812 145 1821 ·
159 1810 225 1832 Vers.
241 1816 268 1832 12.

233 1851 247 1885 β

134 1887 145 1896 ”
159 1885 225 1907 Vers.
240 1892 259 1913 3.

133 1971 142 1979 ·
155 1969 203 2017 2⁰⁹
215 1975 260 1996 cxx,
271 1973 312 1990 art.
324 1975 343 1995 2,

135 2002 154 2023 3,
178 2000 344 2023 ,9;qu.cx,art.

134 2029 158 2048 2;
167 2028 205 2049 qu.
217 2028 262 2049 cxi,
271 2026 313 2044 art.
324 2028 344 2043 2.

231 2124 247 2149 Υ

377 186 453 232 324

1063 178 1327 225 QUAESTIO
1358 150 1476 223 cxii,
1506 176 1801 213 ARTICULUS
1832 177 1862 213 11

1143 311 1460 354 ARTICULUS
1489 311 1788 354 SECUNDUS

420 415 573 446 UTRUM
598 410 880 448 REQUIRATUR
904 408 1067 445 ALIQUA
1092 404 1396 436 PRAEPARArio
1417 403 1510 435 SIVE
1527 405 1764 445 DISPOSITIO
1788 404 1845 435 AD
1864 404 2061 435 GRATIAM
2085 405 2141 435 Ex
2158 406 2300 436 PARTE
2324 406 2504 438 HOMINIS

627 500 676 528 Qu.
696 506 745 530 sq„
765 502 810 521 art.
832 496 859 525 3;
880 496 911 519 IV
933 496 1014 524 Sent„
1036 495 1093 519 dist.
1113 501 1171 522 xvn,
1191 498 1238 517 art.
1259 500 1282 521 2.
1302 492 1351 524 qu*
1375 499 1396 523 1,
1417 499 1444 523 2;
1466 492 1495 517 In
1517 493 1599 522 Ioan„
1619 500 1675 525 cap.
1694 500 1727 523 iv,
1748 493 1806 517 lect.
1824 500 1854 523 113
1873 493 1916 517 Aa
1936 492 2026 521 Hebr„
2046 500 2102 525 cap.
2122 500 2164 523 xn,
2184 493 2242 517 lect.
2261 500 2298 517 111.

409 620 433 637 s„
490 614 531 637 ,μς
563 606 569 611 -
584 599 605 622 D
621 597 810 622 SECUNDUM
825 596 877 620 sxc
897 594 1135 620 PROCEDITUR.
1153 581 1311 618 Videtur
1325 580 1433 629 quod

440 636 447 644 ¹
585 651 662 675 non
692 637 900 686 requiratur
928 636 1052 684 aliqua
1082 634 1322 684 praeparatio
1352 633 1432 670 sive

547 687 778 739 dispositio
808 690 857 726 ad
885 689 1042 737 gratiam
1066 700 1109 725 ex
1129 695 1234 736 parte
1253 686 1431 724 hominis.

586 744 685 790 Quia
714 750 754 779 ut
783 743 990 791 Apostolus
1019 741 1118 787 dicit,
1146 741 1258 777 Rom.
1281 752 1316 776 iv
1333 739 1370 786 ²¹⁶,
1399 740 1435 775 ei

374 798 439 846 qui
472 788 668 844 operatur,
704 807 844 832 merces
878 807 951 832 non
989 795 1194 843 imputatur
1229 793 1432 830 secundum

372 850 550 900 gratiam,
579 851 643 886 sed
669 850 870 885 secundum
891 848 1065 884 debitum.
1097 848 1173 884 Sed
1193 845 1431 895 praeparatio

373 903 535 939 hominis
555 915 622 950 per
642 902 801 938 liberum
826 901 1021 938 arbitrium
1051 913 1128 936 non
1159 907 1213 937 est
1234 905 1249 920 ‘²
1278 899 1346 935 nisi
1363 911 1434 958 per

373 957 538 1003 aliquam
555 955 829 1004 operationem.
847 955 948 1001 Ergo
964 954 1156 990 tolleretur
1171 952 1264 990 ratio
1280 951 1431 1000 gratiae.

427 1021 462 1045 2.
474 1009 706 1055 PRAETEREA,
723 1008 780 1044 ille
793 1007 858 1055 qui
873 1007 910 1043 in
925 1014 1083 1055 peccato
1094 1004 1343 1054 progreditur,
1355 1017 1433 1041 non

373 1075 413 1098 se
442 1069 640 1110 praeparat
668 1061 716 1098 ad
745 1060 902 1108 gratiam
932 1059 1161 1096 habendam.
1197 1059 1274 1095 Sed
1303 1058 1432 1106 aliqui-

373 1116 444 1151 bus
477 1114 515 1150 in
547 1122 703 1162 peccato
738 1112 1066 1161 progredientibus
1095 1112 1181 1149 data
1213 1118 1268 1148 est
1295 1110 1432 1158 gratia:

373 1168 467 1204 sieut
494 1175 595 1215 patet
624 1167 670 1203 de
701 1168 832 1211 Paulo,
851 1166 913 1213 qui
942 1166 1098 1212 gratiam
1128 1171 1353 1200 consecutus
1379 1171 1433 1200 est

374 1220 466 1257 dum
487 1227 584 1256 esset
602 1220 748 1268 spirans
772 1219 963 1255 minarum
983 1223 1018 1254 et
1036 1217 1159 1254 caedis
1178 1217 1215 1253 in
1236 1216 1433 1263 discipulos

372 1273 537 1318 Domini,
567 1280 608 1308 ut
637 1272 769 1308 dicitur
796 1272 877 1308 Act.
900 1283 933 1307 1x
955 1272 986 1307 *.
1018 1271 1119 1318 Ergo
1149 1270 1251 1306 nulla
1274 1281 1433 1317 praepa-

372 1325 464 1362 ratio
494 1325 543 1362 ad
570 1325 725 1372 gratiam
756 1323 956 1372 requiritur
984 1335 1028 1359 ex
1056 1330 1162 1372 parte
1190 1321 1369 1359 hominis.

427 1380 460 1415 3.
491 1379 724 1424 PRAETEREA,
754 1389 868 1425 agens
898 1376 1066 1413 infinitae
1094 1375 1240 1412 virtutis
1269 1387 1345 1412 non
1377 1387 1432 1411 re-

373 1431 482 1479 quirit
510 1430 796 1479 dispositionem
826 1430 863 1466 in
892 1429 1067 1466 materia:
1098 1441 1185 1466 cum
1210 1440 1281 1465 nec
1308 1427 1432 1487 ipsam

373 1484 570 1520 materiam
600 1483 776 1532 requirat,
798 1483 891 1519 sicut
910 1483 947 1519 in
969 1482 1157 1519 creatione
1178 1488 1351 1530 apparet;
1373 1480 1432 1518 cui

374 1537 522 1574 collatio
559 1536 698 1584 gratiae
727 1543 996 1585 comparatur,
1032 1548 1129 1584 quae
1163 1534 1297 1572 dicitur
1333 1545 1432 1571 nova

373 1595 559 1635 creatura,
588 1591 640 1626 ad
669 1590 751 1626 Gal.
774 1590 837 1626 ult.
858 1589 878 1610 ’³‘
907 1589 983 1625 Sed
1013 1590 1114 1625 solus
1143 1589 1262 1634 Deus,
1292 1587 1358 1635 qui
1377 1594 1433 1624 est

372 1643 538 1679 infinitae
566 1643 724 1688 virtutis,
753 1642 910 1689 gratiam
941 1649 1081 1688 causat,
1102 1649 1142 1678 ut
1163 1641 1305 1678 dictum
1327 1647 1383 1677 est
1399 1640 1431 1677 *.

374 1696 475 1742 Ergo
491 1695 592 1731 nulla
607 1694 844 1744 praeparatio
867 1694 1067 1743 requiritur
1082 1707 1127 1731 ex
1142 1701 1247 1742 parte
1267 1693 1433 1730 hominis

373 1749 422 1785 ad
449 1749 606 1795 gratiam
636 1748 959 1796 consequendam.

427 1801 500 1837 SED
514 1812 674 1837 *CONTRA
694 1813 759 1837 EST
778 1801 883 1849 quod
904 1801 1039 1838 dicitur
1057 1802 1177 1837 Amos
1198 1812 1232 1836 tv
1253 1801 1288 1836 *ε
1318 1801 1433 1837 Prae-

366 1866 511 1902 parare
524 1852 539 1883 β
554 1854 591 1890 in
612 1855 808 1890 decursum
829 1854 904 1890 Dei
920 1855 983 1900 tui,
999 1854 1131 1890 Israel.
1153 1854 1202 1889 Et
1217 1854 1229 1889 I
1246 1852 1434 1903 Reg.vn*

372 1906 522 1944 dicitur:
550 1907 781 1955 Praeparate
809 1907 923 1943 corda
951 1913 1074 1944 vestra
1103 1906 1280 1943 Domino.

426 1961 650 1996 RESPONDEO
670 1971 853 1997 mcENnUM
869 1960 986 2008 quod,
1008 1959 1101 1996 sicut
1121 1965 1235 2007 supra
1249 1959 1269 1981 '¹‘
1289 1958 1431 1996 dictum

373 2020 443 2059 est,
472 2012 589 2060 gratia
618 2012 814 2061 dupliciter
839 2012 991 2049 dicitur:
1022 2013 1254 2062 quandoque
1275 2012 1432 2060 quidem

371 2065 496 2114 ipsum
524 2065 714 2102 habituale
743 2065 889 2103 donum
918 2066 1011 2111 Dei;
1042 2065 1274 2115 quandoque
1303 2073 1431 2102 autem

372 2118 498 2166 ipsum
518 2124 532 2146 Υ
562 2118 741 2155 auxilium
772 2118 842 2155 Dei
872 2118 1063 2156 moventis
1093 2118 1263 2156 animam
1292 2119 1340 2156 ad
1364 2119 1431 2155 bo-

372 2183 477 2208 num
516 2171 646 2208 Primo
683 2171 793 2220 igitur
830 2172 948 2209 modo
986 2171 1208 2221 accipiendo
1246 2171 1430 2219 gratiam,

372 2224 622 2272 praeexigitur
651 2225 699 2261 ad
727 2224 883 2272 gratiam
914 2225 1038 2273 aliqua
1066 2225 1205 2273 gratiae
1234 2236 1433 2273 praepara-

372 2276 446 2314 tio:
467 2277 556 2326 quia
583 2278 684 2314 nulla
712 2277 835 2314 forma
863 2286 987 2326 potest
1016 2290 1098 2315 esse
1127 2277 1198 2314 nisi
1218 2277 1255 2314 in
1275 2277 1432 2314 materia

373 2329 563 2378 disposita.
595 2330 670 2367 Sed
699 2330 728 2366 si
757 2331 960 2379 loquamur
989 2331 1035 2367 de
1070 2331 1186 2378 gratia
1222 2330 1432 2367 secundum

373 2383 479 2430 quod
498 2382 682 2430 significat
701 2383 882 2420 auxilium
899 2383 970 2420 Dei
992 2384 1182 2421 moventis
1202 2383 1250 2421 ad
1270 2383 1430 2430 bonum,

373 2435 426 2471 sic
453 2436 555 2472 nulla
583 2436 820 2484 praeparatio
850 2437 1049 2485 requiritur
1078 2449 1123 2473 ex
1142 2444 1246 2485 parte
1267 2436 1432 2473 hominis

372 2488 479 2536 quasi
506 2489 757 2536 praeveniens
786 2489 958 2526 divinum
983 2490 1182 2526 auxilium:
1211 2489 1279 2526 secl
1306 2489 1432 2538 potius

373 2553 638 2590 quaecumque
666 2542 904 2590 praeparatio
934 2543 972 2579 in
1001 2543 1158 2580 homine
1188 2554 1270 2579 esse
1296 2549 1431 2591 potest,

373 2601 428 2630 est
456 2606 501 2630 ex
529 2594 667 2631 auxilio
696 2595 767 2631 Dei
796 2596 986 2632 moventis
1014 2596 1182 2644 animam
1204 2596 1252 2632 ad
1272 2595 1430 2632 bonum.

372 2647 421 2683 Et
449 2648 659 2685 secundum
693 2649 779 2695 hoc,
809 2649 889 2697 ipse
918 2649 1042 2686 bonus
1063 2656 1189 2695 motus
1208 2648 1314 2707 libe)
1337 2648 1434 2685 arbi-

371 2699 428 2736 trii
457 2713 534 2748 quo
563 2701 646 2750 quis
674 2709 921 2751 praeparatur
948 2702 996 2739 acl
1026 2701 1194 2739 donum
1201 2694 1340 2749 gratiae
1372 2714 1432 2738 su-

372 2752 619 2801 scipiendum,
650 2762 705 2791 est
732 2762 836 2791 actus
864 2754 971 2791 liberi
999 2754 1138 2792 arbitrii
1158 2754 1251 2791 moti
1281 2766 1302 2791 a
1327 2755 1430 2792 Deo:

1490 591 1525 619 et
1553 590 1736 631 quantum
1765 581 1814 618 ad
1840 582 1926 627 hoc,
1958 580 2090 617 dicitur
2108 581 2228 616 homo
2249 593 2289 617 se
2309 593 2548 630 praeparare,

1487 636 1699 672 seeundum
1727 634 1817 671 illud
1845 635 1957 671 Prov.
1979 646 2037 670 xvi
2056 633 2091 669 *ε
2119 633 2299 670 Hominis
2322 639 2376 670 est
2385 646 2549 682 praepa·
2575 645 2585 654 ⁸

1487 701 1576 725 rare
1594 688 1775 725 animum.
1806 687 1855 723 Et
1874 694 1929 723 est
1946 686 2200 735 principaliter
2220 698 2241 723 a
2261 687 2346 723 Deo
2366 694 2548 724 movente

1487 742 1647 778 liberum
1676 739 1872 777 arbitrIum
1891 739 1926 776 *z
1957 747 1992 776 et
2020 740 2231 776 secundum
2259 740 2346 786 hoc,
2370 739 2548 778 dicitura

1486 796 1569 832 Deo
1597 794 1768 830 voluntas
1795 793 1956 828 hominis
1977 793 2210 840 praeparari
2222 792 2253 838 ²¹³,
2280 801 2316 829 et
2335 805 2358 830 a
2382 794 2547 830 Domino

1485 859 1636 897 gressus
1663 845 1823 883 hominis
1851 845 1967 894 dirigi
1982 845 2013 882 *.

1540 903 1597 937 AD
1619 911 1754 936 PR1MUM
1774 909 1872 934 ERGO
1892 909 2076 935 mCENDUM
2094 899 2201 947 quod
2221 898 2459 948 praeparatio
2478 899 2548 935 ho—

1487 953 1600 990 minis
1620 953 1668 989 ad
1688 951 1844 1000 gratiam
1868 950 2099 998 habendam,
2129 952 2320 1000 quaedam
2351 959 2406 988 est
2434 951 2546 988 simul

1488 1019 1575 1042 curn
1604 1006 1685 1054 ipsa
1713 1003 1900 1041 infusione
1930 1003 2081 1050 gratiae.
2112 1005 2160 1041 Et
2187 1005 2268 1042 talis
2297 1004 2468 1054 operatio
2494 1013 2549 1042 est

1488 1059 1643 1108 quidem
1673 1056 1881 1101 meritoria;
1902 1056 1969 1092 sed
1998 1068 2076 1092 non
2099 1058 2251 1104 gratiae,
2268 1070 2366 1107 quae
2387 1058 2463 1095 iam
2482 1058 2548 1094 ha-

1487 1113 1608 1158 betur,
1638 1111 1706 1148 sed
1734 1109 1886 1158 gloriae,
1911 1121 2010 1157 quae
2039 1109 2214 1147 nondum
2241 1111 2413 1148 habetur.
2435 1132 2459 1138 -
2480 1111 2548 1148 Est

1487 1173 1614 1202 autem
1644 1164 1714 1201 alia
1741 1162 1980 1212 praeparatio
2010 1161 2149 1209 gratiae
2178 1162 2419 1211 imperfecta,
2449 1176 2546 1213 quae

1487 1218 1688 1266 aliquando
1708 1214 1900 1264 praecedit
1915 1215 2060 1252 donum
2083 1214 2220 1262 gratiae
2241 1224 2388 1263 gratum
2408 1217 2546 1254 facien—

1486 1271 1543 1318 tis,
1564 1283 1661 1318 quae
1685 1278 1811 1306 tamen
1837 1275 1892 1305 est
1915 1280 1937 1304 a
1962 1268 2046 1304 Deo
2068 1276 2261 1305 movente.
2283 1269 2362 1306 Sed
2380 1269 2450 1307 ista
2469 1282 2548 1307 non

1487 1323 1624 1360 sufficit
1647 1323 1694 1359 ad
1724 1321 1912 1367 meritum,
1934 1321 2107 1358 nondum
2127 1321 2284 1358 homine
2301 1334 2371 1371 per
2388 1322 2546 1382 gratiam

1486 1376 1707 1413 iustificato:
1738 1374 1825 1424 quia
1853 1374 2000 1411 nullum
2030 1374 2218 1411 meritum
2231 1382 2357 1424 potest
2376 1387 2458 1412 esse
2477 1374 2549 1413 nisi

1488 1441 1532 1466 ex
1560 1429 1687 1477 gratia,
1717 1436 1758 1464 ut
1785 1427 1880 1464 infra
1898 1427 1919 1449 '¹‘
1947 1426 2102 1464 dicetur.

1540 1483 1598 1519 AD
1631 1493 1818 1518 SECUNDUM
1856 1492 2039 1517 DICENDUM
2073 1480 2190 1528 quod,
2229 1493 2316 1518 cum
2353 1481 2474 1519 homo
2498 1480 2548 1518 ad

1486 1536 1642 1583 gratiam
1672 1547 1711 1571 se
1740 1545 1966 1583 praeparare
1995 1545 2074 1570 non
2101 1533 2222 1582 possit
2252 1533 2323 1570 nisi
2350 1534 2436 1573 Deo
2457 1545 2547 1571 eum

1487 1587 1754 1637 praeveniente
1784 1594 1819 1623 et
1848 1593 2030 1624 movente
2058 1587 2107 1623 ad
2135 1587 2299 1634 bonum,
2329 1599 2408 1624 non
2436 1586 2548 1624 refert

1486 1649 1613 1678 utrum
1644 1640 1766 1677 subito
1786 1640 1847 1676 vel
1867 1637 2087 1688 paulatim⁶
2116 1639 2251 1688 aliquis
2270 1616 2319 1678 a’d
2340 1639 2547 1689 perfectam

1486 1694 1815 1744 praeparationem
1835 1691 2047 1741 perveniat:
2068 1691 2203 1729 dicitur
2222 1692 2323 1729 enim
2339 1692 2456 1731 Eccli.
2464 1689 2546 1745 x1*,

1487 1748 1591 1797 quod
1615 1747 1729 1795 facile
1748 1751 1801 1783 est
1819 1746 1855 1782 in
1877 1745 1992 1782 oculis
2011 1745 2086 1782 Dei
2101 1745 2221 1782 subito
2240 1746 2438 1783 honestare
2447 1741 2547 1801 pail-

1480 1813 1625 1849 perem.
1657 1799 1847 1847 Contingit
1876 1807 2004 1836 autom
2038 1798 2273 1846 quandoque
2308 1799 2414 1848 quod
2441 1783 2548 1839 Deu's

1488 1861 1619 1891 movet
1646 1854 1843 1889 hominem
1873 1852 1922 1889 ad
1951 1851 2105 1900 aliquod
2134 1851 2292 1900 bonum,
2321 1864 2399 1890 non
2418 1858 2548 1896 tamen

1486 1907 1718 1956 perfectum:
1749 1914 1785 1942 et
1804 1906 1886 1942 talis
1905 1904 2145 1964 praeparatio
2164 1904 2359 1954 praecedit
2377 1898 2547 1980 gratiam.

1488 1960 1564 1997 Sed
1585 1959 1815 2008 quandoque
1836 1958 1959 1996 statim
1979 1957 2143 2017 perfecte
2164 1966 2297 1995 movet
2319 1957 2449 2008 ipsum
2457 1954 2584 2002 *ad*

1486 2014 1646 2060 bonurn,
1664 2021 1698 2049 et
1713 2011 1836 2049 subito
1852 2013 1972 2048 homo
1987 2010 2146 2060 gratiam
2166 2011 2318 2061 accipit;
2335 2009 2555 2060 secundum

1486 2066 1577 2103 illud
1606 2068 1709 2102 Ioan.
1730 2065 1823 2102 V1*:
1859 2065 1987 2102 Omnis
2021 2065 2087 2114 qui
2117 2065 2261 2102 audivit
2283 2069 2295 2085 ⁸
2323 2076 2347 2102 a
2374 2064 2488 2103 Patre
2513 2069 2582 2116 et

1486 2120 1622 2165 didiczsst
1643 2119 1742 2156 venit
1755 2119 1806 2155 ad
1823 2130 1893 2155 me.
1916 2117 1964 2154 Et
1982 2117 2032 2155 ita
2052 2117 2205 2166 contigit
2223 2117 2361 2155 Paulo:
2379 2117 2468 2167 quia
2486 2128 2548 2155 su—

1487 2172 1578 2219 bito,
1600 2185 1687 2208 cum
1708 2179 1806 2208 esset
1826 2171 1863 2208 in
1882 2183 2085 2220 progressu
2104 2170 2261 2220 peccati,
2281 2170 2445 2219 perfecte
2465 2182 2548 2223 mq-

1486 2233 1566 2262 tum
1588 2233 1643 2262 est
1662 2237 1727 2261 cor
1752 2225 1832 2261 eius
1852 2237 1874 2261 a
1892 2225 1977 2261 Deo
1993 2223 2024 2271 *,
2046 2223 2239 2261 audiendo
2260 2231 2296 2261 et
2315 2222 2547 2268 addiscendo

1488 2286 1524 2315 et
1537 2278 1744 2323 veniendo;
1762 2285 1798 2314 et
1817 2277 1902 2315 ideo
1920 2277 2043 2314 subito
2065 2285 2120 2315 est
2133 2276 2292 2326 gratiam
2309 2282 2547 2315 consecutus.

1540 2334 1599 2368 AD
1621 2343 1778 2368 TERTtUM
1803 2342 1987 2368 mCENDUM
2007 2330 2112 2379 quod
2139 2342 2256 2379 agens
2284 2329 2452 2368 infinitae
2474 2325 2548 2371 vir-

1487 2385 1574 2421 tutis
1602 2397 1679 2421 non
1709 2384 1819 2432 exigit
1845 2383 2056 2430 materiam,
2077 2384 2139 2421 vel
2159 2382 2447 2432 dispositionem
2469 2395 2548 2432 mg

1488 2437 1614 2484 teriae‚
1644 2437 1750 2485 quasi
1782 2437 2113 2486 praesuppositam
2147 2449 2192 2474 ex
2226 2436 2376 2474 alterius
2411 2435 2548 2477 causae

1488 2491 1647 2527 actione.
1675 2491 1750 2527 Sed
1770 2498 1899 2527 tamen
1919 2497 2068 2539 oportet
2087 2489 2205 2538 quod,
2226 2489 2439 2527 secundum
2459 2501 2548 2530 con—

1489 2543 1670 2580 ditionem
1691 2543 1743 2580 rei
1763 2543 1990 2591 causandae,
2019 2542 2058 2580 in
2085 2541 2166 2591 ipsa
2195 2554 2234 2579 re
2263 2549 2392 2580 causet
2411 2550 2448 2580 et
2469 2555 2549 2580 ma-

1487 2596 1619 2633 teriam
1650 2604 1685 2633 et
1713 2596 2001 2645 dispositionem
2027 2594 2193 2633 debitam
2219 2595 2266 2633 ad
2293 2596 2470 2633 formam.
2500 2596 2550 2634 Et

1489 2649 1658 2686 similiter
1676 2650 1723 2686 ad
1750 2650 1825 2687 hoc
1854 2650 1959 2698 quod
1978 2650 2084 2686 Deus
2103 2649 2260 2697 gratiam
2280 2648 2454 2687 infundat
2473 2648 2550 2690 ani-

1489 2715 1592 2749 mae,
1627 2704 1728 2739 nulla
1755 2701 1995 2751 praeparatio
2031 2701 2185 2750 exigitur
2217 2714 2334 2751 quam
2363 2701 2443 2751 ipse
2472 2714 2550 2759 non

425 2869 452 2901 α)
472 2872 517 2894 est.
536 2883 554 2888 -
566 2869 603 2902 fit
621 2869 672 2894 EF.

425 2903 450 2936 β)
470 2905 646 2936 Ρναερανανε.
663 2919 682 2923 -
700 2905 838 2936 Ρναερανα
857 2908 882 2929 te
901 2905 932 2935 P,

371 2940 509 2972 Praepara
529 2941 606 2973 HpB3
626 2940 803 2972 Praeparare.
814 2957 821 2964 .
832 2957 838 2964 .

953 2906 1020 2929 idern
1036 2906 1075 2930 vel
1091 2905 1255 2938 Praeparate
1273 2906 1434 2937 DFGKLsB,

860 2940 944 2965 Israel
961 2949 1013 2965 orn.
1034 2941 1062 2965 E.

1488 2755 1607 2792 faciat.

1561 2871 1569 2903 )
1589 2871 1682 2903 ipsum.
1701 2885 1719 2890 -
1737 2871 1798 2895 Om.
1817 2870 1862 2895 Pa.

1542 2879 1567 2939 g)
1582 2906 1724 2938 paulatim.
1743 2919 1762 2939 7
1774 2906 1912 2938 paulative
1931 2905 2158 2930 ABCDEFHIKL.

1543 2942 1565 2974 ε)
1583 2942 1695 2966 audivit.
1713 2955 1732 2960 -
1749 2942 1826 2966 audit
1845 2940 2095 2967 PABCDGHIKLa.

1045 3028 1378 3062 Commentario»
1399 3029 1518 3063 Card
1523 3030 1650 3062 inane
1672 3030 1871 3062 Caietam

377 3123 423 3185 IN
447 3114 577 3144 articulo
599 3115 737 3149 secundo
762 3114 903 3145 eiusdem
925 3115 1129 3156 quaestionis,
1152 3116 1287 3147 dubium
1303 3116 1438 3148 occurrit

405 3157 483 3187 circa
505 3158 597 3194 illud,
623 3158 738 3188 scilicet
760 3159 849 3199 quod
875 3159 991 3199 gratiae
1015 3159 1139 3190 donum
1162 3160 1320 3191 habituale
1344 3160 1438 3200 exigit

375 3201 653 3241 praeparationem,
673 3204 747 3242 quia
772 3203 862 3233 nulla
877 3203 995 3243 forma
1013 3209 1120 3244 potest
1143 3214 1210 3235 esse
1235 3205 1297 3235 nisi
1320 3206 1352 3235 in
1369 3214 1436 3235 ma-

377 3245 457 3274 teria
480 3245 638 3285 disposita.
664 3246 796 3276 Videtur
819 3247 905 3277 enim
933 3247 994 3278 hoc
1018 3257 1084 3278 esse
1112 3248 1242 3279 falsum:
1267 3255 1435 3289 propterea

375 3288 462 3327 quod
486 3289 583 3327 gratia
606 3297 651 3320 est
675 3290 776 3320 forma
804 3291 981 3321 secundum
1004 3301 1037 3321 se
1061 3302 1127 3322 non
1151 3293 1276 3333 exigens
1301 3293 1434 3333 disposi-

375 3331 506 3362 tionem.
533 3333 615 3362 Nam
642 3333 667 3363 si
691 3334 825 3373 exigeret
853 3335 1110 3374 dispositionem,
1136 3344 1319 3377 sequeretur
1346 3338 1435 3378 quod

376 3384 442 3404 non
461 3383 567 3415 posset
591 3377 723 3407 conferri
748 3377 867 3414 infanti,
892 3379 924 3408 in
948 3389 1014 3419 quo
1039 3390 1103 3410 non
1122 3387 1167 3411 est
1183 3390 1260 3411 usus
1283 3380 1372 3411 liberi
1387 3391 1433 3412 ar-

376 3418 469 3449 bitrii.
493 3419 558 3450 Nec
581 3427 626 3450 est
649 3420 764 3460 fingere
788 3422 927 3462 aliquam
950 3423 1134 3463 qualitatem
1158 3424 1190 3454 in
1215 3425 1347 3456 essentia
1368 3426 1434 3456 ani-

375 3472 455 3498 mae,
481 3469 535 3493 aut
557 3463 589 3493 in
608 3473 809 3505 quacumque
833 3467 982 3505 potentia,
1000 3467 1221 3518 disponentem
1245 3478 1303 3508 pro
1326 3469 1433 3509 gratia.

434 3506 470 3537 Η.
488 3507 539 3537 Ad
552 3507 614 3537 hoc
629 3508 742 3538 dicitur
757 3509 854 3549 quod,
872 3519 944 3540 cum
961 3510 1057 3549 gratia
1073 3511 1113 3542 sit
1127 3511 1299 3543 deificativa
1315 3512 1432 3544 forma-

1490 3116 1560 3147 liter
1583 3123 1711 3147 naturae
1735 3117 1907 3153 rationalis,
1931 3126 2128 3158 consequens
2152 3123 2197 3148 est
2221 3123 2265 3153 ut,
2290 3117 2371 3148 sicut
2392 3116 2551 3158 quaelibet

1491 3160 1594 3191 forma
1618 3161 1818 3191 constitutiva
1842 3161 1974 3192 alicuius
1997 3161 2030 3191 in
2054 3161 2160 3204 aliqua
2183 3167 2294 3192 natura
2308 3160 2440 3202 requirit
2454 3166 2551 3193 mnte-

1490 3204 1569 3235 riam
1593 3205 1778 3245 dispositam
1801 3205 1839 3235 ad
1864 3205 1960 3242 illam,
1985 3205 2027 3236 ita
2049 3205 2155 3246 gratia.
2182 3204 2215 3236 Si
2231 3204 2316 3235 enim
2331 3205 2431 3236 horno
2454 3204 2488 3235 in
2504 3201 2548 3235 di-

1490 3249 1595 3279 vinam
1624 3249 1736 3279 elevari
1765 3249 1856 3280 debet
1884 3256 2045 3286 naturam,
2071 3255 2197 3290 oportet
2219 3255 2256 3280 ut
2278 3249 2383 3290 primo
2405 3248 2440 3279 in
2462 3246 2549 3279 illam

1490 3300 1633 3324 naturam
1662 3293 1803 3324 divinam
1831 3303 1888 3334 per
1914 3293 2080 3334 proprium
2109 3300 2216 3324 actum
2239 3302 2271 3324 se
2295 3298 2470 3328 convertat,
2495 3298 2550 3322 aut

1488 3347 1545 3377 per
1560 3338 1686 3368 alterius
1709 3344 1825 3374 actum,
1842 3345 1919 3378 puta
1935 3337 1984 3368 sui
2001 3336 2120 3378 capitis.
2145 3337 2187 3368 Et
2201 3343 2366 3378 propterea
2381 3344 2547 3377 nunquam

1489 3382 1580 3412 datur
1601 3382 1699 3422 gratia
1723 3381 1781 3412 nisi
1803 3381 1957 3422 disposito
1973 3390 2029 3422 per
2044 3387 2151 3412 actum
2164 3379 2340 3422 proprium,
2358 3379 2383 3410 si
2399 3385 2446 3411 est
2460 3379 2548 3410 adul-

1487 3432 1554 3462 tus;
1578 3426 1629 3456 vel
1652 3435 1708 3466 per
1730 3432 1835 3456 actum
1859 3425 1985 3462 Christi,
2010 3425 2035 3456 si
2059 3431 2106 3456 est
2126 3423 2239 3455 infami.

1543 3469 1664 3501 Verum
1688 3469 1763 3511 quia
1786 3477 1913 3500 naturas
1937 3469 2112 3500 formarum
2134 3467 2341 3499 describentes
2358 3476 2423 3497 non
2446 3468 2547 3498 inten-

1489 3515 1568 3545 dunt
1592 3514 1731 3545 divinam
1755 3513 1931 3554 potentiam
1956 3513 2119 3548 discutere,
2143 3511 2216 3542 ideo
2235 3511 2268 3542 in
2284 3511 2439 3552 praesenti
2462 3512 2546 3551 loco,

2575 749 2628 771 ·D.
2642 750 2692 777 678.

2574 1461 2594 1477 2.

2602 644 2666 667 Vers-
2682 651 2697 667 ι.

2575 796 2787 825 *Prov.enp.v1u,

2574 823 2760 923 Ξξῖξὼέῗιὲὶ,

2604 875 2689 897 Ρ.ιιΙι-ιι
2707 851 2786 904 min,

2590 908 2634 923 e.rs
2648 907 2681 928 ις.

2574 1429 2648 1457 ⁸Qn.
2662 1434 2715 1451 mv
2721 1445 2727 1456 .
2743 1432 2786 1451 nrt.

2575 1699 2583 1708 ·
2598 1697 2665 1720 Ven.
2679 1703 2712 1727 ²³·

2575 2229 2584 2238 ·
2599 2227 2628 2249 D.
2643 2226 2693 2255 985.

2600 1961 2628 1983 D.
2642 1967 2690 1990 ιρι.

2599 2067 2667 2090 νει-ε.
2680 2073 2716 2096 45.

2676 2104 2687 2121 ι
