2840 4010
74 1805 90 1813 ⁸-
108 1797 185 1811 ἱΥ-ΕΙΛὛᾌ
223 1796 225 1798 “

1016 168 1282 214 QUAEsrlo
1312 168 1415 215 cxl,
1445 169 1740 206 ARTICULUS
1772 171 1802 206 11
2409 173 2482 219 319

314 247 377 284 llle
405 254 534 283 tamen
562 253 688 282 motus
718 259 795 283 non
816 253 871 283 est
891 259 1003 283 causa
1023 247 1173 295 gratiae,
1194 246 1261 283 sed
1283 246 1370 282 effe-

313 307 405 336 ctus.
435 299 545 336 Unde
574 306 652 336 tota
681 299 848 348 operatio
877 299 1037 348 pertinet
1065 301 1111 336 ad
1139 298 1309 346 gratiam.

365 353 423 388 An
443 363 602 388 TERTlUM
618 364 800 389 morannum
817 352 921 400 quod
942 351 1139 400 cooperari
1156 350 1289 388 dicitur
1308 351 1371 386 ali-

312 404 396 453 quis
429 404 538 441 alicui
571 417 648 442 non
682 406 806 441 solum
840 405 934 441 sicut
963 402 1227 440 secundarium
1257 415 1370 450 agens

310 457 506 506 principali
535 458 670 505 agenti,
700 459 765 495 sed
795 457 890 494 sicut
917 457 1103 494 adiuvans
1123 456 1170 492 ad
1190 467 1371 504 praesup-v

311 510 478 560 positum
515 511 646 547 finem.
673 511 802 546 Homo
837 517 964 546 autem
993 521 1062 556 per
1094 507 1250 555 gratiam
1280 520 1370 555 ope-

1426 255 1570 283 rantem
1591 247 1790 284 adiuvatur
1809 261 1831 284 a
1851 249 1934 300 Deo
1954 257 1995 285 ut
2015 249 2161 286 bonum
2180 249 2281 286 velit.
2313 251 2360 286 Et
2380 250 2480 297 ideo,

1425 300 1713 349 praesupposito
1743 301 1817 337 iam
1847 301 1936 348 fine,
1967 303 2203 350 consequens
2233 310 2288 339 est
2307 311 2347 339 ut
2366 303 2480 350 gratia

1426 353 1534 388 nobis
1563 360 1798 402 cooperetur.

1478 406 1534 441 AD
1565 417 1735 447 QUARTUM
1765 417 1947 444 mcaNDUM
1977 407 2081 454 quod
2106 407 2222 455 gratia
2251 419 2415 456 operans
2444 416 2479 444 et

1424 469 1634 504 cooperans
1663 466 1718 495 est
1747 459 1881 496 eadem
1911 459 2038 507 gratia,
2068 460 2135 497 sed
2161 460 2396 508 distinguitur
2423 473 2479 497 se-

1425 511 1590 546 cundum
1622 511 1793 547 diversos
1822 511 1989 558 effectus,
2020 520 2060 548 ut
2089 525 2132 549 ex
2162 513 2268 550 dictis
2287 513 2307 534 '¹‘
2335 521 2447 562 patet.

982 595 1314 629 Commentmaa
1335 595 1585 629 cardinalis
1606 597 1805 631 Caietam

344 690 364 710 N
389 679 520 710 articulo
545 677 684 708 secundo
708 674 901 716 quaestionis
925 673 1309 709 centesimaeundecimae,
1334 683 1370 702 o—

316 692 443 754 Imisso
472 722 594 763 primo,
623 720 757 751 dubium
787 718 922 749 occurrit
950 718 1030 748 circa
1056 717 1262 748 differentiam
1291 716 1371 747 inter

311 768 444 808 gratiam
468 771 651 808 operantem
674 770 705 794 et
729 768 962 803 cooperantem,
982 772 1040 801 pro
1061 761 1196 802 gratuita
1217 760 1276 791 Dei
1299 770 1369 790 mo-

311 812 398 843 tione
421 817 592 852 sumptam.
610 807 813 847 Implicantur
832 806 989 847 siquidem
1012 806 1077 836 duo
1094 804 1247 836 contraria
1264 804 1368 835 simul.

311 856 394 886 Nam
417 853 604 894 assignando
628 850 845 888 differentiam,
862 850 975 880 dicitur
998 850 1085 890 quod
1101 858 1234 890 operans
1258 848 1370 878 dicitur

312 899 442 940 quando
458 907 548 928 mens
564 902 671 927 nostra
695 905 728 925 se
744 895 838 925 habet
861 894 907 924 uti
923 901 1010 924 mota
1029 900 1172 929 tantum;
1196 902 1369 932 cooperans

311 952 402 979 vero,
425 941 555 983 quando
586 949 676 970 mens
699 945 806 969 nostra
829 949 861 969 se
885 939 978 968 habet
1002 944 1037 968 ut
1059 946 1191 967 movens
1214 943 1244 967 et
1272 942 1370 966 mota.

311 985 511 1027 Applicando
527 991 635 1016 autem
649 984 688 1014 ad
711 990 799 1013 actus
823 989 958 1018 nostros,
975 981 1175 1021 subiungitur
1190 981 1279 1021 quod
1295 990 1368 1011 cum

313 1039 480 1062 movemur
492 1029 535 1060 ad
557 1028 646 1064 velle,
664 1035 710 1058 est
735 1027 834 1067 gratia
849 1035 998 1066 operans;
1016 1036 1089 1056 curn
1105 1035 1179 1055 vero
1203 1034 1370 1055 movemur

278 1106 282 1112 ,
311 1075 351 1106 ad
371 1073 504 1105 exterius
519 1083 612 1113 opus,
628 1078 675 1102 est
696 1071 793 1112 gratia
809 1080 993 1111 cooperans.
1010 1070 1144 1101 Constat
1159 1076 1266 1100 autern
1281 1068 1369 1109 quod

312 1118 352 1149 ad
370 1117 450 1148 velle
465 1117 612 1148 voluntas
627 1126 659 1146 se
682 1115 776 1146 habet
793 1125 858 1145 non
882 1121 917 1144 ut
933 1121 1020 1144 mota
1036 1120 1175 1144 tantum:
1200 1122 1275 1143 nam
1290 1112 1369 1142 velle

312 1173 330 1193 a
343 1162 506 1193 voluntate
523 1167 569 1192 est
590 1166 621 1191 et
638 1161 671 1190 in
687 1160 863 1195 voluntate;
886 1158 1028 1198 alioquin
1047 1168 1114 1188 non
1131 1163 1210 1188 esset
1224 1157 1367 1187 liberum.

367 1206 407 1237 Et
431 1204 644 1239 confirmatur.
669 1204 753 1241 Quia
776 1213 903 1233 movere
926 1203 965 1232 ad
995 1202 1091 1237 velle,
1116 1201 1194 1232 nihil
1214 1201 1301 1231 aliud
1325 1207 1370 1231 est

260 1273 266 1275 f
310 1250 534 1291 quarnfffac‘ere
557 1256 593 1279 ut
613 1248 764 1279 velimus:
788 1254 824 1278 ut
845 1246 1053 1286 Augustinus,
1070 1246 1181 1277 allatus
1203 1244 1235 1276 in
1258 1245 1368 1280 littera,

311 1300 450 1326 testatur.
467 1293 582 1324 Facere
604 1299 708 1323 autem
734 1298 769 1322 ut
791 1291 935 1327 velimus,
953 1297 999 1321 est
1018 1288 1118 1320 facere
1140 1296 1176 1320 ut
1198 1289 1277 1320 moti
1301 1299 1370 1329 mof

311 1347 442 1371 veamus
465 1347 525 1368 nos
548 1337 588 1367 ad
609 1336 794 1366 volendum.

366 1383 537 1417 Praeterea,
562 1386 616 1411 aut
631 1383 751 1410 Auctor
773 1379 907 1410 intendit
927 1379 1016 1420 quod
1036 1388 1125 1408 mens
1148 1383 1254 1408 nostra
1268 1386 1300 1407 se
1315 1376 1369 1407 ha-

311 1427 384 1458 beat
405 1425 450 1456 sic
472 1425 614 1465 respectu
644 1430 731 1454 actus
755 1423 910 1454 interioris
934 1431 964 1453 et
987 1421 1163 1453 exterioris:
1186 1427 1242 1452 aut
1264 1430 1367 1461 respe-

311 1474 366 1501 ctu
392 1469 515 1500 formae
541 1475 648 1504 actus,
676 1474 753 1507 puta
782 1467 930 1497 bonitatis
957 1466 1143 1497 meritoriae.
1167 1465 1200 1496 Si
1227 1471 1368 1505 respectu

311 1521 408 1550 actus,
425 1523 500 1544 cum
517 1520 648 1553 uterque
665 1511 704 1542 sit
719 1522 737 1541 a
752 1511 916 1542 voluntate
937 1511 1119 1551 imperatus,
1135 1515 1277 1550 respectu
1294 1509 1368 1540 utri-

311 1567 413 1599 usque
433 1557 528 1598 gratia
542 1556 662 1587 dicetur
677 1565 861 1595 cooperans,
877 1555 962 1586 iuxta
978 1555 1153 1586 doctrinam
1169 1554 1327 1585 litterae-
1337 1553 1368 1584 Si

310 1608 454 1643 respectu
477 1600 625 1632 bonitatis
648 1598 836 1635 meritoriae,
853 1609 927 1630 cum
951 1606 1084 1639 utraque
1106 1597 1146 1629 sit
1164 1608 1182 1628 a
1204 1598 1368 1628 voluntate

310 1645 481 1685 informata
504 1645 628 1675 caritate
647 1651 678 1674 et
699 1643 806 1683 gratia,
822 1653 878 1684 par
893 1650 939 1673 est
962 1643 1056 1673 etiarn
1071 1642 1150 1673 ratio
1175 1642 1212 1673 de
1235 1648 1368 1682 utraque

311 1687 421 1732 quoad
443 1689 514 1725 hoc,
539 1689 627 1729 quod
651 1695 696 1718 est
719 1697 737 1718 a
760 1687 923 1718 voluntate
946 1684 1033 1717 mota‘
1056 1697 1073 1716 a
1096 1686 1176 1717 Deo.

366 1734 404 1764 11.
421 1733 472 1764 Ad
495 1733 558 1763 hoc
580 1732 693 1763 dicitur
712 1731 887 1771 dupliciter.
905 1730 1023 1766 Primo,
1040 1730 1128 1771 quod
1151 1729 1238 1760 nulla
1261 1737 1307 1760 est
1322 1729 1368 1759 in-

311 1786 360 1811 ter
381 1778 462 1810 dicta
477 1776 688 1808 contrarietas.
704 1775 867 1813 Quoniam
888 1785 954 1805 non
977 1775 1090 1807 dicitur
1107 1774 1139 1805 in
1158 1774 1258 1805 littera
1281 1774 1370 1814 quod

312 1828 456 1863 respectu
472 1821 578 1852 omnis
593 1827 680 1851 actus
695 1819 850 1850 interioris
865 1819 1036 1850 voluntatis
1051 1818 1164 1850 dicitur
1178 1818 1276 1859 gratia
1292 1828 1368 1859 ope-

312 1875 401 1898 rans:
423 1866 478 1896 sed
501 1865 614 1896 dicitur
634 1861 806 1900 indefinite,
827 1863 1016 1894 remittendo
1039 1873 1071 1894 se
1086 1863 1126 1893 ad
1144 1862 1321 1903 supradicta
1337 1862 1369 1892 in

313 1921 368 1953 qu.
383 1920 423 1946 1x,
437 1916 494 1940 art.
507 1919 538 1949 4.
557 1907 602 1939 Ibi
619 1907 703 1939 enim
717 1907 887 1938 habuimus
906 1907 995 1948 quod
1016 1913 1159 1948 respectu
1173 1906 1267 1947 primi
1282 1912 1369 1937 actus

311 1950 461 1985 voluntas
484 1963 516 1983 se
541 1953 634 1983 habet
665 1958 699 1982 ut
725 1958 814 1982 mota
836 1955 976 1987 tantum',
1001 1957 1032 1981 et
1054 1951 1140 1982 Deus
1163 1957 1199 1981 ut
1226 1960 1368 1981 movens.

313 1999 355 2030 Et
381 1997 511 2029 nomine
534 1996 628 2036 primi
651 2002 739 2027 actus
769 2006 833 2026 non
861 1995 1044 2035 intelligitur
1075 1995 1163 2025 solus
1189 1993 1241 2025 ille
1272 2004 1368 2035 quem

312 2043 460 2075 voluntas
483 2042 517 2072 in
532 2040 689 2081 principio
704 2040 927 2080 operationum
943 2049 1074 2070 suarum
1093 2038 1240 2070 omnium
1258 2039 1368 2069 habet:

313 2087 368 2117 sed
391 2086 586 2127 quicumque
610 2085 731 2124 primus
754 2085 872 2125 absque
886 2083 1021 2114 consilio
1045 2090 1075 2113 et
1097 2083 1224 2124 praevio
1247 2083 1369 2114 motivo

313 2132 353 2162 ad
376 2131 510 2161 bonum.
530 2129 571 2160 Et
591 2135 758 2169 propterea
780 2131 904 2162 Auctor,
921 2127 1011 2158 dixit:
1036 2132 1066 2157 et
1082 2127 1273 2168 praesertim
1298 2137 1369 2158 cum

313 2175 462 2206 voluntas
485 2173 593 2213 incipit
615 2173 730 2204 bonum
755 2172 850 2209 velle,
877 2173 959 2213 quae
975 2172 1071 2212 prius
1093 2172 1212 2202 malum
1237 2171 1369 2202 volebat.

313 2218 464 2250 Similiter
484 2217 579 2258 igitur
601 2214 634 2247 se
658 2217 751 2246 habet
773 2216 921 2246 voluntas
951 2222 1038 2246 mota
1062 2226 1079 2245 a
1106 2215 1175 2246 Deo
1191 2212 1238 2246 lad
1261 2214 1371 2246 huius-

314 2262 403 2294 modi
425 2261 515 2298 velle,
533 2261 613 2292 sicut
634 2268 726 2300 grave
750 2261 790 2290 ad
813 2266 939 2290 motum
962 2260 1123 2290 deorsum.
1143 2259 1183 2290 Et
1205 2265 1370 2300 propterea

313 2307 395 2338 sicut
417 2316 509 2346 grave
533 2315 599 2336 non
610 2303 723 2336 “movet
741 2304 881 2344 seipsum
897 2304 937 2334 ad
952 2304 1147 2340 descensum,
1163 2304 1217 2335 sed
1240 2310 1286 2334 est
1301 2313 1369 2333 rno-

313 2358 384 2383 tum
407 2361 425 2381 a
440 2356 626 2390 generante;
650 2349 693 2379 ita
715 2349 863 2379 voluntas
879 2354 967 2379 mota
989 2358 1006 2378 a
1030 2348 1099 2378 Deo
1122 2348 1162 2378 ad
1183 2348 1369 2379 huiusmodi

314 2405 436 2426 novum
459 2394 548 2430 velle,
566 2403 631 2423 non
655 2399 764 2423 movet
786 2392 921 2432 seipsam
945 2392 984 2422 ad
1007 2391 1078 2427 hoc,
1098 2391 1152 2422 sed
1177 2399 1223 2422 est
1244 2398 1369 2423 tantum

313 2446 403 2470 mota
425 2449 443 2469 a
465 2439 545 2469 Deo.
562 2438 619 2468 Est
642 2443 747 2467 tamen
763 2437 823 2467 tale
846 2437 925 2466 velle
943 2435 1042 2476 ipsius
1066 2435 1207 2472 elicitive,
1223 2436 1304 2467 sicut
1318 2437 1370 2466 de-

314 2483 460 2515 scendere
484 2489 530 2512 est
554 2489 660 2512 motus
676 2481 787 2521 gravis.
805 2481 846 2510 Et
868 2487 914 2510 est
928 2480 1072 2516 liberum,
1088 2479 1162 2520 quia
1180 2486 1285 2520 potest
1307 2480 1368 2510 dis-

314 2527 427 2558 sentire
451 2537 468 2556 a
491 2526 544 2557 tali
558 2525 656 2556 velle:
682 2525 767 2555 Deus
785 2524 869 2554 enim
893 2531 1000 2554 movet
1017 2524 1152 2555 suaviter
1173 2524 1307 2555 liberum
1323 2534 1368 2554 ar-

313 2571 443 2602 bitrium
466 2569 642 2600 secundum
666 2568 882 2599 conditionem
905 2568 982 2598 eius.

369 2615 410 2645 Et
432 2624 488 2654 per
518 2614 579 2644 hoc
602 2620 688 2653 patet
717 2613 880 2652 responsio
905 2612 944 2642 ad
968 2618 1077 2643 cetera.
1101 2612 1183 2642 Nam
1212 2611 1312 2642 facere
1335 2619 1371 2642 ut

313 2659 459 2694 velimus,
484 2668 549 2688 non
573 2657 727 2697 contingit
747 2667 812 2687 uno
836 2657 946 2692 modo,
971 2656 1025 2686 sed
1041 2657 1181 2686 duobus:
1206 2656 1321 2687 scilicet
1336 2663 1371 2686 ut

313 2702 449 2733 velimus
477 2702 637 2732 movendo
665 2711 724 2731 nos
748 2700 834 2740 ipsos
859 2701 898 2730 ad
921 2701 998 2736 hoc;
1023 2707 1053 2731 et
1075 2706 1112 2731 ut
1133 2699 1267 2731 velimus
1291 2700 1370 2730 moti

315 2753 440 2778 tantum
464 2746 502 2775 ab
526 2745 596 2785 ipso
626 2745 706 2775 Deo.
731 2744 878 2774 Secundo
902 2744 1012 2780 modo,
1037 2750 1155 2784 spectat
1177 2745 1216 2774 ad
1239 2743 1371 2784 gratiam

315 2795 518 2830 operantem;
543 2788 656 2829 primo,
673 2788 711 2818 ad
732 2794 972 2827 cooperantem;
996 2788 1082 2819 iuxta
1098 2788 1215 2818 calcem
1230 2788 1371 2828 corporis

315 2833 435 2865 articuli
460 2833 499 2863 de
523 2831 618 2872 opere
642 2832 813 2862 meritorio.
895 2867 900 2871 ,

372 2878 413 2908 Et
435 2877 577 2907 similiter
604 2886 668 2906 non
700 2875 805 2906 omnis
835 2883 922 2906 actus
947 2875 1068 2906 elicitus
1091 2886 1109 2905 a
1131 2876 1294 2907 voluntate
1326 2883 1371 2907 est

313 2922 486 2962 imperatus
502 2916 545 2951 ab⁴
558 2930 602 2951 ea.
621 2920 661 2950 Et
679 2927 844 2959 propterea
859 2930 925 2950 non
944 2927 990 2950 est
1012 2920 1121 2950 eadem
1147 2927 1202 2951 aut
1216 2931 1272 2960 par
1292 2920 1371 2951 ratio

312 2966 354 2996 de
377 2971 447 2996 actu
472 2970 503 2995 et
524 2964 663 2995 bonitate
687 2963 845 2994 meritoria
867 2963 952 2994 intus
976 2970 1006 2994 et
1029 2970 1121 2995 extra.

373 3009 425 3041 111.
442 3009 590 3040 Secundo
613 3007 727 3038 dicitur
749 3007 848 3048 quod,
865 3007 939 3048 quia
962 3000 994 3038 in
1015 3007 1125 3044 littera,
1148 3007 1371 3048 distinguendo

313 3053 455 3094 gratiam,
467 3052 636 3093 gratuitam
652 3051 710 3082 Dei
730 3051 917 3087 motionem,
935 3057 1004 3087 etc.‚
1017 3061 1160 3092 expresse
1175 3051 1297 3089 dicitur,
1307 3061 1371 3093 qua

313 3106 479 3129 movemur
493 3096 536 3128 ad
551 3096 666 3127 bonum
683 3095 899 3132 meritorium
913 3095 1044 3126 intentio
1057 3095 1204 3127 Auctoris
1221 3102 1267 3126 est
1281 3095 1372 3136 loqui

312 3142 353 3172 de
375 3142 463 3171 bono
487 3140 661 3171 meritorio.
682 3139 726 3170 Ita
749 3139 838 3180 quod
861 3138 1028 3180 dupliciter
1049 3138 1207 3170 invenitur
1223 3140 1372 3171 voluntas

312 3196 346 3216 se
370 3185 483 3215 habere
507 3185 547 3215 ad
566 3185 689 3214 bonum
713 3183 919 3219 meritorium,
937 3182 1054 3213 scilicet
1076 3189 1111 3213 ut
1126 3189 1214 3214 mota
1235 3190 1370 3219 tantum,

314 3236 345 3260 et
358 3236 394 3260 ut
409 3238 541 3259 movens
557 3234 644 3259 mota
657 3237 663 3258 z
687 3227 844 3269 quidquid
858 3226 898 3257 sit
913 3227 951 3257 de
967 3234 1038 3257 actu
1055 3227 1222 3258 substrato.
1239 3227 1280 3258 Et
1297 3228 1371 3268 quia

311 3273 409 3304 etiam
431 3273 464 3304 in
487 3272 589 3303 littera
613 3271 778 3302 manifeste
801 3270 1003 3311 distinguitur
1025 3270 1106 3301 inter
1121 3277 1227 3302 actum
1245 3271 1371 3303 interio-

313 3327 380 3348 rem
403 3316 602 3348 meritorium
626 3323 662 3346 ut
685 3322 731 3346 est
754 3325 791 3346 ex
813 3315 919 3355 gratia,
943 3314 1023 3345 idest
1045 3314 1197 3345 habituali
1225 3315 1321 3352 dono,
1342 3322 1372 3346 et

314 3368 350 3392 ut
373 3368 419 3392 est
443 3371 460 3391 a
475 3361 581 3401 gratia,
598 3360 678 3390 idest
700 3359 835 3400 gratuita
851 3358 909 3389 Dei
925 3358 1083 3394 motione;
1108 3365 1138 3389 et
1151 3357 1255 3399 primo
1271 3359 1370 3389 modo

313 3405 493 3436 attribuitur
515 3404 630 3444 gratiae
660 3403 862 3444 cooperanti,
887 3403 1027 3433 secundo
1051 3412 1125 3432 vero
1158 3402 1316 3443 operanti:
1341 3409 1371 3433 et

313 3449 388 3490 quia
404 3449 499 3480 etiarn
516 3458 552 3479 ex
568 3448 668 3480 littera
687 3448 820 3478 habetur
834 3447 923 3488 quod
939 3446 1066 3478 effectus
1081 3446 1196 3486 gratiae
1213 3446 1370 3486 operantis

312 3492 407 3524 habet
429 3493 583 3524 rationem
607 3492 701 3533 primi
724 3492 800 3522 boni
825 3491 986 3527 meritorii,
1011 3490 1138 3521 effectus
1155 3499 1230 3520 vero
1255 3499 1370 3530 coope-

1423 674 1518 704 rantis
1534 675 1628 705 habet
1651 676 1805 706 rationem
1829 678 2012 713 secundarii,
2031 685 2158 709 extenso
2175 680 2304 711 nomine
2321 681 2397 711 boni
2413 691 2479 712 me-

1423 717 1520 748 ritorii
1544 719 1638 749 etiam
1661 720 1700 749 ad
1724 730 1791 750 esse
1813 731 1879 761 quo
1903 722 2104 752 constituitur
2126 723 2239 763 aliquis
2262 724 2294 754 in
2316 731 2398 755 statu
2414 735 2479 756 me-

1423 761 1547 798 ritorio:
1576 773 1773 803 consequens
1797 771 1843 795 est
1865 766 1953 805 quod
1982 766 2113 796 intentio
2137 768 2284 798 Auctoris
2309 775 2355 799 est
2378 769 2479 800 dicere

1423 806 1510 845 quod
1533 814 1608 837 tunc
1631 807 1778 838 voluntas
1795 818 1827 837 se
1845 808 1936 839 habet
1953 810 1991 838 ad
2007 811 2129 840 bonum
2144 811 2340 842 meritorium
2357 820 2392 843 ut
2407 823 2478 844 mo-

1422 859 1498 879 vens
1517 858 1615 886 mota,
1632 851 1761 891 quando
1785 861 1819 881 ex
1842 853 2037 890 praecedenti
2065 864 2130 884 esse
2153 855 2202 885 vel
2225 862 2294 886 actu
2316 857 2477 888 meritorio

1424 892 1502 923 facta
1525 894 1557 924 in
1582 902 1663 930 actu,
1687 894 1751 924 iam
1776 903 1883 926 movet
1906 906 1938 926 se
1962 898 1999 926 ad
2024 897 2220 928 meritorium
2242 900 2379 936 bonum;
2405 908 2478 931 sunt

1423 937 1508 967 enim
1523 945 1598 968 tunc
1616 939 1680 968 duo
1697 946 1872 978 operantes,
1890 940 2006 971 scilicet
2026 941 2121 977 Deus,
2139 949 2168 972 et
2184 943 2330 974 voluntas
2350 944 2429 975 facta
2445 945 2476 975 in

1423 989 1493 1011 actu
1510 981 1541 1011 in
1562 983 1614 1012 tali
1639 992 1714 1013 esse.
1732 983 1772 1013 Et
1795 990 1959 1023 propterea
1981 985 2079 1023 gratia
2095 995 2268 1025 cooperans
2284 988 2396 1018 dicitur
2413 996 2477 1019 tam

1423 1024 1613 1055 confirmans
1629 1026 1826 1057 voluntatem
1843 1027 1882 1058 ad
1905 1027 2038 1058 exterius
2054 1038 2145 1068 opus,
2170 1029 2412 1072 facultatemque
2427 1043 2477 1062 ex-

1422 1068 1543 1099 terioris
1563 1070 1666 1109 operis
1690 1071 1855 1110 praebens3
1876 1076 1973 1111 qu'am
1993 1079 2028 1102 ut
2047 1079 2092 1102 est
2113 1073 2303 1114 principium
2323 1075 2477 1106 interioris

1423 1113 1526 1152 operis
1551 1114 1702 1144 meritorii
1733 1115 1909 1145 secundum
1941 1115 2099 1146 habituale
2129 1117 2251 1148 donum
2281 1119 2344 1148 iarn
2368 1120 2477 1150 datum

1423 1156 1561 1188 facultati
1583 1157 1672 1188 liberi
1696 1158 1811 1189 arbitrii
1836 1160 1874 1189 ad
1899 1160 2054 1190 utendum
2070 1170 2144 1191 curn
2159 1161 2237 1192 vult.
2261 1163 2355 1193 Tunc
2370 1170 2477 1194 autem

1422 1201 1569 1232 voluntas
1593 1211 1625 1232 se
1648 1202 1741 1232 habet
1773 1209 1807 1233 ut
1837 1210 1924 1233 mota
1953 1210 2077 1234 tantum
2099 1205 2131 1234 in
2155 1205 2216 1236 hoc
2239 1216 2322 1243 esse,
2348 1208 2477 1248 quando

1423 1255 1487 1276 non
1511 1255 1548 1275 ex
1571 1246 1767 1286 praecedenti
1796 1248 1908 1278 merito
1935 1254 1991 1278 aut
2018 1258 2084 1279 esse
2108 1250 2283 1286 meritorio,
2309 1251 2347 1281 ad
2370 1258 2477 1282 actum

1422 1290 1470 1319 vel
1490 1296 1606 1320 statum
1623 1290 1819 1320 meritorium
1837 1291 1970 1322 ducitur.
1995 1292 2035 1322 Et
2051 1300 2215 1333 propterea
2230 1295 2328 1334 gratia
2343 1305 2477 1335 operans

1423 1334 1536 1364 dicitur
1554 1340 1618 1364 tam
1642 1334 1776 1374 gratuita
1798 1335 1856 1365 Dei
1880 1335 1981 1366 motio
2004 1336 2043 1366 ad
2066 1343 2172 1367 actum
2187 1338 2368 1369 interiorem
2383 1339 2476 1369 meri-

1422 1377 1539 1408 torium
1563 1378 1705 1419 quinon
1730 1379 1872 1418 procedit
1895 1389 1931 1409 ex
1954 1380 2062 1410 habitu
2086 1381 2135 1410 vel
2163 1388 2234 1412 actu
2257 1383 2354 1413 altero
2384 1384 2476 1414 meri-

1422 1422 1520 1458 torio;
1546 1432 1642 1462 quam
1665 1422 1762 1462 gratia
1789 1423 1857 1462 ipsa
1890 1423 2057 1453 habitualis
2087 1431 2122 1454 ut
2145 1422 2198 1455 'dat
2220 1435 2296 1456 esse.
2325 1427 2375 1456 Ad
2399 1427 2476 1457 nihss

1422 1466 1506 1495 enim
1530 1466 1646 1496 horum
1677 1473 1751 1496 sunt
1773 1467 1839 1497 duo
1862 1474 2045 1506 operantes,
2070 1469 2197 1508 proprie
2218 1469 2396 1510 loquendo,
2422 1472 2476 1502 sed

1422 1520 1504 1540 unus
1527 1517 1661 1546 tantum,
1685 1510 1802 1541 scilicet
1823 1511 1924 1541 Deus:
1939 1511 2085 1542 voluntas
2108 1519 2223 1549 autem,
2249 1514 2305 1544 etsi
2327 1515 2366 1544 ad
2389 1522 2477 1545 actus

1421 1555 1594 1584 substratos
1617 1564 1649 1584 se
1673 1554 1785 1584 habeat
1808 1562 1843 1585 ut
1865 1565 2015 1594 operans,
2040 1556 2079 1585 ad
2094 1556 2248 1587 rationem
2265 1564 2370 1588 tamen
2386 1559 2477 1589 meri-

1421 1598 1503 1634 torii,
1528 1608 1602 1629 cum
1625 1608 1694 1628 eam
1719 1608 1783 1628 non
1808 1598 1995 1638 praehabeat
2018 1599 2050 1629 in
2072 1607 2158 1636 actu,
2184 1611 2250 1631 non
2270 1611 2303 1632 se
2325 1602 2419 1633 habet
2442 1611 2477 1634 ut

1421 1652 1564 1682 operans,
1581 1642 1636 1672 sed
1660 1649 1694 1673 ut
1713 1643 1904 1683 obsequens;
1927 1650 1961 1673 ut
1976 1643 2007 1673 in
2025 1645 2230 1684 responsione
2247 1646 2285 1675 ad
2300 1647 2475 1677 secundum

1422 1686 1453 1716 in
1475 1686 1576 1716 littera
1599 1687 1704 1716 habes.

1481 1731 1572 1760 Unde
1589 1737 1674 1770 patet
1689 1730 1852 1770 responsio
1873 1731 1912 1760 ad
1928 1731 2057 1762 obiecta.
2074 1732 2236 1769 Quoniam
2252 1733 2284 1762 in
2300 1735 2475 1774 aequivoco

1421 1775 1580 1806 laboratur
1603 1775 1641 1804 de
1664 1783 1731 1804 esse
1751 1780 1772 1804 ‘a
1794 1774 1967 1805 voluntate.
1987 1775 2084 1806 Aliud
2107 1776 2226 1816 quippe
2242 1783 2289 1807 est
2303 1787 2369 1808 esse
2386 1789 2404 1808 a
2418 1789 2475 1809 vo-

1421 1819 1554 1849 luntate:
1579 1825 1609 1849 et
1632 1818 1727 1853 aliud,
1745 1828 1811 1848 esse
1833 1828 1852 1848 a
1874 1819 2036 1849 voluntate
2056 1819 2087 1849 in
2111 1827 2182 1851 actu
2205 1821 2238 1851 in
2261 1821 2314 1851 tali
2333 1831 2409 1859 esse,
2432 1823 2475 1853 ita

1423 1869 1457 1892 ut
1481 1869 1607 1893 moveat
1635 1872 1667 1892 se
1691 1863 1730 1892 ad
1759 1862 1918 1893 meritum.
1950 1863 2060 1903 Longe
2090 1864 2162 1904 plus
2191 1865 2231 1894 ad
2259 1865 2321 1895 hoc
2344 1866 2476 1906 exigitur

1422 1916 1519 1947 quarn
1543 1907 1581 1936 ad
1605 1906 1693 1942 illud,
1718 1913 1753 1936 ut
1776 1913 1871 1946 patet.

1477 1951 1523 1980 Ex
1546 1951 1608 1981 hoc
1631 1949 1725 1981 etiam
1758 1956 1843 1990 patet
1872 1951 1961 1990 quod
1988 1950 2092 1990 primo
2122 1953 2220 1983 modo
2244 1953 2365 1993 primus
2388 1961 2476 1984 actus

1422 1995 1592 2025 voluntatis
1613 2001 1659 2024 est
1681 1995 1719 2024 ab
1739 2004 1785 2031 ea,
1802 2001 1838 2025 ut
1852 1994 2046 2034 praedictum
2070 2002 2117 2026 est
2131 1996 2157 2032 *‚
2175 2003 2205 2027 et
2227 2003 2331 2027 tamen
2346 2008 2412 2028 non
2431 2006 2478 2029 est

1423 2040 1460 2068 ab
1485 2049 1520 2068 ea
1543 2045 1579 2069 ut
1602 2045 1749 2068 movente
1773 2047 1819 2068 se:
1844 2038 1925 2068 sicut
1948 2049 2004 2069 nec
2028 2040 2194 2070 descensus
2218 2041 2366 2071 deorsum
2391 2049 2437 2073 est
2459 2053 2477 2072 a

1423 2083 1505 2123 gravi
1531 2089 1567 2113 ut
1590 2089 1737 2113 movente
1761 2093 1803 2118 se,
1828 2083 2106 2122 proportionaliter
2127 2084 2290 2125 loquendo
2314 2096 2446 2126 semper.

1480 2127 1530 2156 lV.
1562 2126 1672 2158 Unum
1700 2133 1841 2166 superest
1870 2126 2021 2157 dubium:
2047 2137 2086 2157 an
2118 2135 2204 2158 actus
2233 2129 2318 2159 idem
2348 2130 2477 2162 interior

1424 2171 1523 2211 possit
1553 2170 1650 2200 simul
1673 2180 1739 2200 esse
1763 2181 1781 2200 a
1803 2170 1901 2210 gratia
1924 2178 2073 2210 operante
2102 2179 2132 2202 et
2160 2180 2359 2212 cooperante.
2382 2174 2476 2204 Verbi

1424 2215 1536 2255 gratia,
1561 2215 1647 2245 Deus
1670 2214 1805 2254 gratuita
1827 2224 1884 2245 sua
1907 2214 2049 2245 motione
2065 2215 2176 2247 excitat
2190 2217 2319 2247 Petrum
2333 2217 2398 2247 iam
2414 2218 2475 2248 exi-

1423 2265 1556 2290 stentem
1570 2258 1603 2288 in
1618 2259 1725 2298 gratia,
1742 2259 1781 2288 ad
1795 2258 1977 2289 interiorem
1993 2266 2101 2290 actum
2116 2260 2259 2297 caritatis,
2275 2268 2306 2291 et
2321 2261 2476 2292 consentit

1423 2304 1533 2333 Petrus
1556 2313 1640 2333 novo
1666 2302 1793 2333 cuidam
1815 2302 1889 2333 zelo.
1899 2302 2030 2333 honoris
2053 2303 2127 2334 Dei:
2148 2314 2188 2334 an
2211 2311 2298 2335 actus
2317 2305 2368 2336 ille
2384 2306 2424 2336 sit
2438 2307 2476 2336 ab

1424 2354 1556 2388 utraque
1579 2347 1692 2386 gratia,
1717 2354 1747 2377 et
1770 2353 1806 2377 ut
1829 2353 1875 2377 est
1896 2347 1935 2377 ab
1958 2347 2082 2384 habitu,
2107 2348 2146 2378 sit
2169 2349 2376 2388 cooperantis,
2402 2357 2436 2380 ut
2459 2360 2477 2380 a

1422 2391 1555 2431 gratuita
1574 2390 1632 2421 Dei
1653 2391 1806 2427 motione,
1823 2390 1862 2421 sit
1881 2391 2038 2430 operantis
2051 2387 2183 2432 gfatiae;
2208 2403 2247 2422 an
2263 2393 2331 2433 ipsa
2344 2394 2477 2433 gratuita

1422 2435 1480 2465 Dei
1504 2435 1615 2471 motio,
1640 2441 1768 2475 propter
1791 2435 2028 2475 praecedentem
2051 2436 2204 2472 habitum,
2221 2443 2339 2476 spectet
2353 2438 2392 2468 ad
2409 2448 2476 2477 gra-

1422 2479 1498 2509 tiam
1523 2485 1756 2519 cooperantem.

1479 2523 1539 2553 Sed
1563 2523 1624 2553 hoc
1647 2533 1712 2553 non
1737 2529 1782 2553 est
1805 2522 1928 2553 difficile
1952 2523 2072 2553 solvere
2095 2524 2229 2555 intuenti
2250 2524 2404 2555 rationem
2426 2525 2477 2556 lit-

1424 2574 1514 2603 terae,
1533 2573 1563 2597 et
1586 2567 1758 2597 formaliter
1780 2566 1917 2597 rationes
1940 2573 2069 2598 actuum
2093 2567 2311 2599 consideranti.
2326 2569 2408 2599 Nam
2429 2579 2477 2600 ac-

1423 2618 1473 2641 tus
1506 2610 1683 2647 meritorius
1709 2611 1942 2651 praeexistentis
1965 2611 1997 2641 in
2020 2611 2126 2651 gratia,
2151 2619 2204 2642 aut
2232 2619 2278 2642 est
2305 2613 2477 2653 imperatus

1424 2666 1441 2685 a
1456 2655 1567 2700 gratia:
1592 2662 1622 2685 et
1645 2662 1720 2685 tunc
1735 2654 1801 2685 sine
1821 2655 1918 2692 dubio
1935 2655 1974 2684 ad
1989 2656 2090 2685 solam
2105 2656 2237 2694 gratiam
2253 2664 2476 2696 cooperantem

1425 2706 1552 2740 spectat,
1569 2698 1650 2729 sicut
1673 2706 1704 2729 et
1727 2706 1813 2728 actus
1830 2698 1971 2729 exterior.
1988 2701 2054 2729 Aut
2069 2709 2133 2729 non
2149 2700 2319 2739 imperatus
2336 2711 2353 2730 a
2369 2701 2475 2741 gratia,

1426 2744 1479 2773 sed
1502 2743 1599 2783 gratia
1622 2753 1654 2772 se
1678 2743 1771 2773 habet
1789 2743 1828 2772 ad
1850 2742 1943 2773 illum
1967 2743 2162 2774 obsecutive:
2188 2751 2222 2774 ut
2238 2744 2417 2784 contingere
2434 2745 2478 2775 vi-

1426 2788 1516 2818 detur
1539 2787 1571 2817 in
1594 2787 1685 2817 novis
1708 2787 1828 2817 actibus
1852 2787 2072 2817 excedentibus
2096 2788 2335 2827 proportionem
2351 2789 2476 2829 gratiae,

1426 2831 1480 2872 qui
1504 2831 1590 2861 illam
1614 2831 1704 2860 valde
1727 2837 1851 2870 augent.
1873 2830 1914 2860 Et
1936 2837 2011 2861 tunc
2034 2831 2165 2870 gratuita
2188 2831 2246 2861 Dei
2271 2832 2371 2862 motio
2400 2843 2477 2873 ope-

1426 2875 1520 2906 rantis
1544 2875 1658 2914 gratiae
1682 2874 1837 2905 rationem
1860 2874 1955 2905 habet
1977 2875 2015 2904 ad
2039 2875 2133 2905 talem
2156 2882 2261 2905 actum
2285 2877 2343 2906 sub
2363 2876 2416 2907 tali
2431 2887 2478 2907 ra-

1426 2920 1528 2950 tione:
1560 2918 1704 2959 quamvis
1732 2919 1790 2949 sub
1822 2918 1985 2949 communi
2015 2919 2135 2949 ratione
2159 2919 2319 2955 meritorii,
2343 2920 2437 2950 etiam
2460 2931 2478 2950 a

1426 2963 1523 3003 gratia
1546 2970 1735 3003 cooperante
1754 2962 1802 2998 sit,
1818 2963 1947 3003 quando
1971 2969 2006 2992 ut
2028 2963 2072 2993 sic
2097 2973 2114 2992 a
2129 2962 2226 3002 gratia
2249 2963 2399 2994 habituali
2418 2964 2478 2995 im-

1427 3014 1552 3048 peratur
1575 3014 1703 3047 propter
1725 3006 1983 3046 praeexistentem
2003 3005 2098 3036 finem
2114 3006 2146 3036 in
2168 3016 2216 3037 eo.
2241 3007 2281 3038 Et
2297 3017 2334 3038 ex
2348 3007 2410 3038 hoc
2424 3008 2479 3039 ha—

1426 3053 1480 3082 bes
1501 3051 1588 3092 quod
1611 3050 1708 3090 gratia
1732 3060 1865 3090 operans
1890 3059 1953 3080 non
1975 3050 2081 3080 solum
2097 3050 2253 3081 invenitur
2266 3051 2300 3082 in
2320 3051 2479 3083 infusione

1426 3095 1540 3135 gratiae
1564 3101 1594 3124 et
1616 3093 1836 3124 iustificatione
1859 3093 1964 3133 impii,
1989 3094 2042 3123 sed
2066 3101 2138 3134 post
2165 3101 2325 3135 acceptam
2347 3095 2479 3136 gr'atiam

1426 3139 1558 3179 pluries;
1579 3137 1723 3178 quamvis
1739 3137 1934 3167 manifestius
1950 3137 1983 3167 in
1998 3137 2219 3168 iustificatione
2235 3138 2335 3179 impii.
2350 3139 2391 3170 Et
2406 3149 2479 3180 pro-

1426 3189 1531 3223 pterea
1554 3182 1586 3211 in
1610 3181 1711 3212 littera
1731 3181 1843 3211 dicitur
1860 3181 1958 3222 quod,
1975 3189 2130 3222 quantum
2147 3183 2185 3212 ad
2202 3189 2307 3213 actum
2322 3183 2479 3214 interioris

1426 3226 1538 3262 meriti,
1556 3226 1702 3256 voluntas
1724 3235 1759 3255 se
1779 3225 1871 3255 habet
1892 3231 1928 3255 ut
1942 3231 2038 3263 mota,
2056 3226 2146 3256 Deus
2161 3231 2266 3257 autem
2284 3232 2320 3257 ut
2338 3237 2478 3265 movens,

1420 3270 1612 3310 praesertim
1644 3269 1771 3309 quando
1795 3270 1942 3300 voluntas
1964 3279 2047 3309 quae
2070 3271 2167 3310 prius
2190 3271 2309 3301 malum
2336 3272 2480 3309 volebat,

1426 3315 1534 3354 incipit
1556 3313 1670 3343 bonum
1695 3313 1784 3344 velle.

1479 3358 1517 3388 V.
1536 3357 1622 3387 Haec
1646 3357 1782 3388 secunda
1805 3357 1922 3388 solutio
1939 3357 2119 3397 principalis
2136 3357 2223 3388 dubii
2246 3359 2344 3399 magis
2359 3359 2480 3390 videtur

1425 3402 1463 3431 ad
1487 3407 1625 3431 mentem
1650 3401 1806 3431 Auctoris.
1824 3401 1894 3431 Una
1917 3408 2021 3432 tamen
2045 3401 2139 3431 aliam
2162 3401 2317 3433 clarificat.

1483 3445 1517 3475 ln
1542 3445 1669 3485 reliquis
1693 3445 1791 3475 tribus
1815 3445 1909 3475 huius
1933 3445 2126 3485 quaestionis
2150 3446 2288 3477 articulis
2305 3446 2382 3477 nihil
2406 3447 2480 3477 scri-

1424 3489 1565 3520 bendum
1589 3488 1733 3520 occurrit.

2509 526 2517 533 ·
2532 523 2556 544 In
2572 529 2677 551 corpore.

2504 2008 2512 2015 ”
2527 2006 2596 2028 Num.
2613 2012 2638 2027 n.
