2840 4010
135 713 163 766 230

164 718 187 760 ετξ-

118 745 139 793 ψ’·
118 714 127 722 ·

196 717 239 759 {a

121 1239 129 1247 ·
144 1237 211 1259 Vers.
226 1237 246 1259 6.

126 2193 197 2215 'Vide
203 2193 334 2216 Comment.

126 2219 197 2241 Caietr
206 2223 259 2248 post
267 2224 308 2242 art.
314 2227 334 2249 3.

124 2300 133 2310 ·
149 2299 215 2321 Vers.
231 2306 261 2327 ¹9·

124 2438 132 2447 ·
141 2436 208 2458 ven.
217 2443 230 2458 2
240 2437 275 2463 (cf.
283 2442 334 2465 cap.

122 2469 159 2490 xi,
175 2469 233 2485 vers.
244 2464 288 2491 45).

357 166 431 191 200

1125 271 1441 338 ARTICULUS

990 152 1254 199 QUAESTIO
1284 151 1424 196 XCIX,
1453 147 1748 187 ARTICULUS
1777 151 1826 198 11,
1856 153 1905 188 111

1471 271 1769 314 SECUNDUS
2291 272 2308 275 ¹

844 370 996 400 UTRUM
1022 369 1105 399 LEX
1129 356 1270 399 'VETUS
1294 348 1554 400 co‘N'TiNEAr
1572 362 1827 401 'PRAECEPTA
1851 363 2048 402 MORALJIA

1174 454 1250 487 Infra,
1269 460 1316 481 arr.
1335 463 1369 487 4;
1389 455 1419 480 In
1439 455 1546 486 Matth„
1567 464 1622 489 cap.
1641 463 1711 482 xxm.

410 587 419 594 ,
444 562 451 575 2
476 566 525 594 „4-
551 565 554 567 >
569 557 591 581 D
607 556 795 580 SECUNDUM
811 555 863 580 εις
879 554 1117 580 PROCEDITUR.
1138 543 1297 581 Videtur
1312 544 1415 593 quod

418 594 433 615 ³
569 598 627 633 lex
646 604 756 633 vetus
784 609 862 633 non
886 595 1077 633 contineat
1103 604 1307 645 praecepta
1333 609 1418 634 mo-

549 645 670 686 ralia.
692 650 771 686 Lex
791 649 892 686 enim
908 656 1019 686 vetus
1040 649 1276 697 distinguitur
1294 662 1318 686 a
1335 651 1416 697 lege

569 709 746 748 naturae,
775 709 817 738 ut
845 714 959 750 supra
986 702 1006 724 '³‘
1038 702 1210 739 habitum
1243 710 1309 740 est.
1340 703 1417 740 Sed

355 761 558 802 praecepta
592 754 751 791 moralia
788 755 975 803 pertinent
1012 755 1060 792 ad
1087 755 1211 802 legem
1248 762 1415 793 naturae.

357 807 458 854 Ergo
488 819 565 843 non
591 807 780 856 pertinent
807 808 855 845 ad
883 808 1005 856 legem
1033 814 1216 845 veterem.

411 871 446 896 2.
466 860 700 908 PRAETEREA,
727 861 779 897 ibi
804 860 1007 899 subvenire
1029 861 1158 897 debuit
1187 861 1334 899 homini
1358 862 1417 898 lex

358 911 504 960 divina,
533 913 600 950 ubi
631 913 758 950 deficit
786 914 878 950 ratio
907 914 1097 950 humana:
1128 913 1223 951 sicut
1247 922 1352 963 patet
1380 915 1417 952 in

356 964 415 1002 his
435 977 531 1014 quae
557 966 606 1003 ad
625 966 744 1004 fidem
773 967 969 1015 pertinent,
990 978 1089 1015 quae
1118 975 1205 1005 sunt
1224 979 1338 1017 supra
1360 980 1417 1004 ra-

357 1018 513 1055 tionem.
536 1019 612 1056 Sed
637 1019 684 1056 ad
714 1027 916 1068 praecepta
944 1019 1105 1056 moralia
1134 1020 1226 1058 ratio
1252 1021 1417 1058 hominis

357 1072 531 1109 sufficere
546 1072 706 1109 videtur.
725 1073 825 1120 Ergo
841 1067 1044 1121 praecepta
1062 1073 1220 1110 moralia
1235 1086 1312 1110 non
1332 1082 1419 1112 sunt

359 1125 405 1162 de
434 1125 515 1172 lege
544 1125 674 1173 veteri,
704 1137 802 1173 quae
832 1133 887 1162 est
914 1126 973 1161 lex
1003 1125 1141 1162 divina.

414 1178 447 1214 3.
469 1178 701 1224 PRAETEREA‚
731 1178 789 1214 lex
807 1186 918 1215 vetus
945 1177 1078 1215 dicitur
1097 1178 1216 1215 littera
1236 1177 1417 1226 occidens,

357 1238 399 1267 ut
417 1237 520 1278 patet
535 1231 566 1266 II
582 1231 633 1267 ad
651 1231 737 1267 Cor.
755 1242 790 1267 111
804 1230 835 1268 ³³⁵.
853 1230 931 1268 Sed
942 1238 1149 1279 praecepta
1163 1232 1321 1269 moralia
1338 1245 1418 1270 non

359 1282 549 1330 occidunt,
574 1283 642 1320 sed
669 1283 886 1330 vivificant;
916 1283 1129 1321 secundum
1158 1284 1248 1322 illud
1276 1286 1419 1323 Psalmi

359 1334 517 1373 cxvn1*·:
541 1337 588 1372 In
607 1342 802 1374 aeternum
822 1349 896 1374 non
926 1336 1126 1374 obliviscar
1144 1337 1419 1386 iustificationes

359 1395 458 1434 tuas,
489 1390 577 1438 quia
596 1390 633 1426 in
663 1390 749 1438 ipsis
767 1390 965 1438 vivificasti
991 1401 1060 1427 me.
1090 1391 1192 1438 Ergo
1215 1400 1419 1441 praecepta

354 1442 520 1479 ‘moralia
548 1452 626 1481 non
653 1443 843 1491 pertinent
871 1443 920 1480 ad
947 1450 1116 1479 veterem
1146 1444 1279 1492 legem.

415 1495 489 1532 SED
509 1506 655 1532 CONTRA
674 1507 740 1533 Es’r
769 1496 873 1546 quod
898 1495 1031 1533 dicitur
1052 1496 1167 1533 Eccli.
1188 1508 1260 1534 xvn
1279 1496 1315 1534 *ε
1343 1498 1419 1535 Ad-

354 1545 452 1585 didit
475 1547 546 1585 illis
573 1549 817 1598 disciplinam,
839 1554 874 1585 et
905 1549 1025 1599 legem
1054 1550 1153 1586 vitae
1179 1550 1422 1588 haereditavit

354 1612 434 1638 eos.
452 1601 658 1651 Disciplina
673 1611 801 1640 autem
817 1602 977 1652 pertinet
992 1602 1040 1639 ad
1055 1614 1199 1639 mores:
1217 1602 1305 1640 dicit
1319 1603 1420 1641 enim

362 1654 498 1691 Glossa
511 1655 532 1675 '¹‘
550 1656 602 1692 ad
617 1651 720 1693 Hel).
738 1667 798 1702 xn,
815 1665 929 1704 super
943 1655 1033 1692 illud
1047 1655 1099 1702 *ἦ
1121 1655 1249 1693 Omnis
1263 1657 1421 1706 discipli-

336 1711 412 1743 -'na
441 1714 532 1744 etc.:
556 1708 768 1757 ‘Disciplina
799 1714 853 1746 est
878 1709 1034 1745 eruditio
1059 1720 1210 1746 morum
1227 1720 1302 1758 per
1323 1710 1420 1758 diffi-

352 1759 458 1797 cilia.
479 1761 582 1808 Ergo
597 1761 656 1798 lex
671 1763 793 1799 aDeo
814 1762 912 1808 data,
933 1769 1135 1811 praecepta
1154 1763 1313 1800 moralia
1333 1767 1421 1800 con-

360 1813 513 1850 tinebat.

402 1867 640 1916 *RESPONDEO
660 1879 843 1905 DICENDUM
863 1867 968 1917 quod
997 1868 1054 1904 lex
1074 1875 1184 1905 vetus
1205 1869 1422 1908 continebat

274 1934 302 1949 ¹·
360 1918 564 1970 praecepta
585 1917 774 1969 quaedam
802 1920 978 1957 moralia:
1004 1929 1045 1957 ut
1063 1929 1165 1970 patet
1183 1922 1307 1960 Exod.
1327 1934 1374 1960 xx
1387 1923 1419 1971 ²⁸¹,

361 1973 452 2011 Non
476 1973 630 2020 occides,
659 1974 750 2011 Non
765 1975 918 2023 furtum
927 1974 1064 2022 facies.
1086 1975 1135 2011 Et
1162 1975 1237 2012 hoc
1260 1975 1421 2013 rationa-

362 2025 494 2063 biliter.
516 2026 619 2063 Nam
640 2025 735 2063 sicut
754 2024 909 2064 intentio
931 2026 1145 2076 principalis
1173 2027 1264 2076 legis
1286 2029 1421 2067 huma-
1452 2031 1454 2034 '

362 2091 433 2116 nae
454 2087 509 2116 est
527 2088 568 2116 ut
584 2079 696 2116 faciat
714 2079 922 2131 amicitiam*
943 2080 1145 2118 hominum
1170 2081 1219 2118 ad
1238 2081 1418 2129 invicem3

362 2131 412 2169 ita
432 2131 588 2169 intentio
609 2133 698 2182 legis
718 2132 867 2170 divinae
888 2140 944 2169 est
961 2141 1002 2170 ut
1018 2132 1218 2171 constituat
1235 2134 1421 2185 principa-

362 2185 444 2223 liter
471 2185 674 2223 amicitiam
702 2186 868 2223 hominis
897 2187 945 2223 ad
973 2187 1101 2223 Deum
1115 2187 1146 2224 ¹².
1169 2187 1270 2224 Cum
1289 2195 1417 2226 autem

363 2236 568 2276 similitudo
589 2238 634 2275 sit
662 2239 756 2276 ratio
777 2239 931 2286 amoris,
953 2240 1163 2277 secundum
1193 2240 1283 2278 illud
1303 2241 1418 2279 Eccli.

362 2303 423 2328 xm
438 2290 473 2339 ²¹⁸,
499 2291 618 2329 Omne
636 2292 780 2329 animal
798 2292 919 2342 diligit
941 2292 1062 2330 simile
1079 2292 1166 2338 sihi;
1190 2292 1420 2344 impossibile

364 2351 420 2381 est
439 2357 521 2382 esse
542 2344 746 2382 amicitiam
761 2345 927 2383 hominis
947 2346 994 2383 ad
1004 2344 1149 2394 Deum,
1166 2346 1231 2396 qui
1251 2354 1306 2384 est
1325 2346 1418 2397 opti·
1434 2387 1435 2390 ,

363 2410 462 2446 mus,
491 2398 561 2435 nisi
584 2398 761 2436 homines
789 2399 881 2436 boni
907 2399 1136 2436 efficiantur:
1165 2400 1269 2438 unde
1289 2399 1422 2438 dicitur

362 2451 480 2488 Levit.
510 2463 570 2488 xxx
588 2451 624 2488 *z
659 2452 788 2489 Sancti
814 2452 929 2498 eritis,
959 2453 1138 2501 quoniam
1170 2464 1242 2503 ego
1273 2458 1422 2491 sanctus

416 2566 442 2597 α)
464 2566 510 2590 ita.
527 2579 547 2584 —
565 2566 626 2590 Om.
646 2567 755 2591 codiceS.

1467 2240 1612 2288 probat
1631 2239 1668 2276 in
1688 2239 1783 2276 libro
1803 2240 1848 2276 de
1867 2239 2007 2288 Spiritu
2026 2245 2063 2277 et
2078 2240 2221 2278 Littera
2235 2240 2267 2289 ⁸²,
2285 2241 2398 2278 etiam
2412 2239 2536 2279 'littera

1469 556 1564 582 sum.
1594 545 1750 582 Bonitas
1781 553 1906 582 autem
1934 545 2101 583 hominis
2123 554 2177 583 est
2195 546 2327 595 virtus,
2358 551 2531 597 quaefa-

1471 598 1521 633 cit
1546 598 1685 634 bonum
1704 599 1899 635 habentem
1919 598 1949 635 ²¹⁶.
1967 597 2015 635 Et
2035 599 2122 636 ideo
2143 599 2310 648 oportuit
2327 609 2532 650 praecepta
2559 612 2769 643 ·‚Ari⁸tot.E1nic.

1471 650 1567 697 legis·
1589 650 1728 687 veteris
1757 650 1870 688 etiam
1900 651 1947 688 de
1975 652 2121 689 actibus
2148 652 2332 691 virtutum
2363 653 2455 692 dari.
2483 655 2532 693 Et
2559 638 2771 712 ἓὲ-ΙῘἘο-Ῥῧῖἑοῗῖ

1470 704 1566 740 haec
1593 710 1679 739 sunt
1706 703 1865 740 moralia
1891 704 1982 752 legis
2009 713 2223 754 praecepta.
2452 719 2465 755 ,χ
2513 738 2515 744 ,
2586 707 2592 713 ’

1524 757 1583 792 Αι)
1612 767 1748 792 ptumum
1775 767 1874 792 ERGO
1900 768 2086 795 DtCENDUM
2102 759 2221 808 quod
2241 759 2300 796 lex
2318 760 2428 809 vetus
2458 756 2532 799 dis-

1471 808 1649 856 tinguitur
1672 821 1694 844 a
1721 808 1802 855 lege
1832 816 1987 847 naturae
2014 822 2094 849 non
2122 819 2304 860 tanquam
2338 813 2387 851 ab
2421 825 2466 851 ea
2487 827 2531 851 o-

1472 861 1604 898 mnino
1638 861 1779 907 aliena,
1809 860 1876 898 sed
1902 869 2085 912 tanquam
2118 863 2260 913 aliquid
2289 865 2323 902 ei
2351 867 2531 914 superad-

1473 914 1576 951 dens.
1600 914 1703 950 Sicut
1723 913 1824 950 enim
1844 914 1960 961 gratia
1977 917 2252 966 praesupponit
2270 926 2462 967 naturam,
2481 919 2532 956 ita

1472 974 1621 1056 oportet
1648 966 1753 1015 quod
1781 966 1840 1002 lex
1863 964 1992 1005 divina
2019 979 2304 1020 praesupponat
2321 972 2446 1019 legem
2466 985 2531 1010 na-

1471 1027 1554 1057 tura
1569 1032 1643 1056 em.

1525 1075 1584 1110 AD
1613 1084 1800 1109 SECUNDUM
1829 1083 2012 1110 DICENDUM
2041 1073 2147 1122 quod
2173 1075 2245 1124 legi
2269 1076 2419 1114 divinae
2441 1090 2530 1115 con-

1435 1152 1438 1175 ᾗ
1471 1126 1629 1163 veniens
1655 1132 1732 1162 erat
1759 1132 1799 1161 ut
1827 1137 1905 1162 non
1933 1126 2058 1163 solum
2086 1128 2304 1175 provideret
2322 1130 2470 1168 homini
2493 1131 2531 1168 in

1471 1178 1529 1215 his
1558 1179 1605 1216 ad
1640 1191 1737 1226 quae
1767 1177 1859 1214 ratio
1889 1190 1968 1215 non
1995 1186 2139 1227 potest,
2169 1181 2237 1218 sed
2265 1182 2379 1220 etiarn
2407 1184 2445 1221 in
2473 1184 2531 1220 his

1470 1231 1571 1268 circa
1597 1243 1695 1279 quae
1725 1230 1905 1278 contingit
1933 1231 2118 1269 rat-ionem
2150 1233 2316 1271 hominis
2343 1235 2528 1286 impediri.

1473 1285 1583 1321 Ratio
1622 1292 1749 1321 autern
1787 1283 1953 1321 hominis
1986 1285 2084 1322 circa
2115 1294 2319 1335 praecepta
2351 1289 2530 1336 moralia,
2556 1285 2564 1290 ⁹

1472 1345 1656 1386 quantum
1684 1337 1733 1374 ad
1761 1337 1842 1385 ipsa
1870 1336 2186 1376 communissima
2210 1342 2390 1391 ‘praeceps
2415 1341 2454 1389 gl
2502 1342 2532 1379 ‘s

1472 1398 1640 1437 naturae,
1669 1402 1746 1427 non
1766 1396 1914 1438 poterat
1940 1402 2064 1428 errare
2084 1391 2123 1428 in
2141 1348 2533 1444 universaliz‘seffl-

1468 1455 1575 1491 men,
1591 1451 1744 1492 propter
1764 1443 2078 1481 consuetudinem
2086 1445 2286 1494 peccandi,
2303 1445 2532 1497 obscuiahh-

1471 1497 1585 1533 turin
1603 1496 1888 1545 particularibus
1909 1497 2075 1544 agendis.
2090 1497 2296 1536 Gireasalia
2307 1510 2404 1536 vero
2420 1496 2532 1549 'prae-
2616 1502 2684 1545 *¹¹³2
2700 1501 2737 1543 {1¹

1475 1557 1582 1598 cepta
1602 1549 1770 1596 moralia,
1801 1561 1898 1597 quae
1927 1554 2013 1587 s'u'nt
2040 1551 2150 1598 quasi
2174 1552 2440 1590 'conclusiones
2468 1554 2532 1590 de»

1475 1602 1609 1640 ductae
1639 1615 1683 1638 ex
1717 1602 1986 1639 communibus
2014 1603 2206 1652 principiis
2239 1605 2332 1652 legis
2363 1613 2532 1653 naturae,

1475 1656 1682 1692 multorum
1702 1655 1795 1692 ratio
1815 1656 2028 1702 oberrabat,
2058 1656 2107 1693 ita
2123 1661 2141 1679 ⁴²
2163 1658 2414 1705 utquaedam
2433 1667 2532 1708 quae
2649 1661 2687 1678 “⁴

1475 1709 1685 1746 secundum
1706 1721 1745 1745 se
1766 1716 1853 1745 sunt
1864 1709 1982 1756 mala,
2012 1708 2106 1746 ratio
2125 1710 2336 1747 multorum
2352 1710 2534 1753 ticinen»

1475 1761 1626 1799 dicaret.
1648 1761 1758 1798 Unde
1778 1761 1944 1810 oportuit
1960 1769 2094 1799 contra
2111 1767 2318 1812 utrumque
2340 1763 2533 1801 desectum

1475 1815 1622 1852 homini
1650 1814 1842 1852 subveniri
1870 1826 1939 1863 per
1962 1815 2223 1852 auctoritatem
2244 1816 2344 1865 tegis
2360 1816 2531 1854 *divinae

1477 1868 1579 1905 Sicut
1613 1868 1723 1904 etiam
1762 1868 1859 1904 inter
1895 1867 2086 1906 credenda
2121 1869 2232 1906 nobis
2263 1875 2536 1919 proponuntur

1467 1930 1553 1958 'non
1573 1922 1696 1958 solum
1726 1934 1770 1958 ea
1790 1921 1839 1958 ad
1859 1933 1956 1970 quae
1980 1921 2075 1958 ratio
2095 1922 2379 1970 attingerestimn
2391 1930 2532 1972 potest,

1474 1981 1516 2011 ut
1534 1976 1661 2011 Deum
1682 1986 1764 2011 esse
1783 1974 1944 2021 trinum3
1968 1974 2036 2011 sed
2055 1973 2170 2012 etiam
2182 1975 2422 2026 vea‘ad'quae
2440 1976 2535 2014 mio

1475 2035 1576 2064 recta
1594 2028 1804 2076 pertingere
1833 2034 1968 2076 potest,
1981 2034 2031 2064 ·ut
2055 2028 2186 2065 Deum
2202 2040 2289 2066 ›esse
2310 2035 2457 2074 ²unum*;
2473 2029 2537 2070 ›ad

1477 2081 1753 2118 excludendum
1782 2080 1936 2117 rationis
1964 2081 2154 2118 humanae
2173 2088 2357 2130 errorem,
2379 2082 2537 2131 quibe—

1477 2133 1625 2170 cidebat
1651 2134 1689 2170 in
1718 2133 1856 2170 multis.

1529 2189 1587 2223 AD
1624 2198 1782 2223 TERTmM
1811 2198 1994 2224 DICENDUM
2028 2187 2149 2236 quod,
2179 2187 2275 2224 sicut
2302 2187 2536 2236 Augustinus

2482 2131 2517 2153 Χῖ(

2480 2153 2519 2164 ιι»

2564 2250 2574 2260 '
2589 2249 2648 2278 Cup.
2662 2255 2711 2271 xxv.

1475 2292 1566 2340 legis
1590 2300 1775 2341 quantum
1796 2293 1844 2330 ad
1863 2299 2066 2342 praecepta
2093 2293 2266 2341 moralia,
2289 2294 2464 2333 occidere
2484 2293 2538 2332 di-

1476 2345 1569 2382 citur
1598 2345 1904 2383 occasionaliter:
1934 2345 2160 2394 inquantum
2190 2346 2330 2384 scilieet
2350 2346 2536 2398 *praecipit
2568 2352 2570 2354 '

1476 2399 1581 2447 quod
1609 2399 1755 2435 bonum
1776 2406 1842 2446 est,
1872 2411 1950 2436 non
1978 2399 2166 2448 praebens
2194 2400 2374 2438 auxilium
2399 2400 2538 2448 gratiae

1476 2452 1524 2489 ad
1553 2451 1790 2500 implendum
1808 2452 1839 2488 ⁹⁸.
2565 2457 2577 2468 ·
2590 2457 2620 2480 n.
2634 2457 2682 2479 810.

1170 2701 1485 2746 ARTICULUS
1514 2704 1741 2749 TERTIUS

541 2796 695 2827 UTRUM
719 2796 803 2826 LEX
827 2796 968 2827 VETUS
994 2797 1248 2828 CONTINEAT
1271 2796 1526 2828 PRAECEPTA
1550 2797 1917 2835 CAEREMONIALIA,
1942 2797 2143 2828 PRAETER
2165 2790 2364 2829 MORALIA

443 2874 516 2904 Infra,
537 2879 582 2899 art.
602 2882 627 2906 4,
650 2874 676 2905 5;
696 2882 740 2906 qu.
760 2881 793 2904 ci,
814 2879 858 2899 art.

402 3036 424 3046 ,.
484 3022 525 3046 ,ς
573 3011 595 3035 D
615 3010 775 3036 TERTIUM
795 3011 848 3036 Sic
869 3010 1108 3036 PROCEDITUR.
1135 2999 1294 3036 Videtur
1318 2999 1421 3049 quod

362 3090 365 3092 ,
416 3082 436 3107 κ
575 3052 633 3088 lex
657 3059 767 3089 vetus
790 3064 869 3089 non
897 3051 1086 3090 contineat
1108 3060 1311 3101 praecepta
1339 3064 1423 3089 cae—

385 3099 503 3180 ’Ῠέςς
523 3099 816 3152 (remonialiffi
854 3112 1003 3153 praeter
1037 3105 1195 3142 moralia
1222 3111 1249 3142 α.
1286 3104 1422 3143 Omnis

368 3157 373 3163 “
422 3149 511 3184 κί’ὲθῖ
534 3145 676 3193 &enim
706 3158 764 3194 lex
784 3170 880 3206 quae
910 3157 1130 3196 hominibus
1151 3159 1272 3206 datur,
1293 3155 1348 3195 est
1372 3158 1423 3195 di-

365 3209 506 3245 rectiva
520 3210 779 3247 humanorum
796 3218 960 3248 actuum.
978 3213 1095 3249 Actus
1118 3219 1246 3249 autem
1263 3211 1422 3249 humani

365 3262 527 3298 morales
557 3262 750 3310 dicuntur,
777 3271 818 3300 ut
846 3276 961 3312 supra
991 3265 1010 3286 ’¹²
1041 3264 1183 3301 dictum
1222 3272 1287 3302 est.
1318 3265 1419 3312 Ergo

363 3313 514 3350 videtur
541 3315 645 3362 quod
665 3315 702 3352 in
731 3317 812 3364 lege
836 3317 955 3354 veteri
980 3317 1200 3354 hominibus
1226 3317 1322 3365 data,
1343 3330 1421 3354 non

365 3367 529 3403 debeant
557 3365 571 3395 β
601 3368 781 3405 contineri
811 3369 880 3405 nisi
908 3378 1111 3419 praecepta
1139 3371 1308 3408 moralia.

419 3481 445 3514 α)
461 3484 572 3513 praeter
592 3482 713 3506 moralia.
732 3495 750 3501 -
770 3483 829 3507 Om.
850 3483 900 3507 EF.
1452 3480 1455 3519 Ι

884 2882 908 2905 1;
929 2882 972 2907 qu.
994 2882 1047 2907 cm,
1068 2881 1114 2900 art.
1135 2875 1163 2905 33
1184 2883 1229 2908 qu.
1249 2882 1298 2905 cxv.
1318 2880 1363 2900 art.
1387 2883 1411 2906 1;
1432 2875 1466 2900 112

1090 2911 1186 2941 Quodl.
1206 2911 1235 2942 Π,
1255 2919 1298 2944 qu.
1316 2917 1350 2942 tv,
1369 2916 1416 2936 art.
1438 2910 1466 2941 33

1484 2875 1540 2906 11³⁶,
1560 2883 1604 2907 qu.
1624 2882 1698 2904 cxxn,
1718 2880 1763 2901 art.
1787 2884 1808 2906 1,
1827 2877 1859 2901 ad
1880 2882 1907 2906 2;
1927 2876 1961 2900 IV
1980 2876 2062 2905 Seni..
2083 2876 2140 2901 dist.
2159 2883 2177 2906 1,
2197 2883 2240 2908 qu.
2259 2884 2277 2907 1,
2297 2883 2386 2908 expos.
2404 2876 2466 2907 tirt.;
2502 2867 2504 2869 ¹

1487 2910 1516 2935 In
1536 2910 1643 2939 Amittit„
1664 2919 1718 2943 cap.
1737 2918 1807 2935 xxm.

1530 3011 1564 3036 2.
1585 3000 1820 3046 PRAETEREA‚
1850 3006 2053 3049 praecepta
2083 3012 2180 3048 quae
2211 2999 2387 3037 dieuntur
2415 2999 2541 3048 caere-

1475 3052 1666 3100 monialia,
1686 3052 1865 3090 videntur
1893 3052 1942 3090 ad
1964 3052 2137 3090 divinum
2166 3053 2311 3090 cultum
2339 3042 2539 3106 pertitseiie.

1476 3106 1552 3143 Sed
1581 3105 1731 3142 divinus
1760 3106 1882 3143 cultus
1913 3113 1968 3143 est
1991 3114 2096 3143 actus
2116 3105 2273 3154 virtutis,
2295 3106 2436 3143 scilicet
2458 3101 2542 3150 reli-

1474 3158 1606 3206 gionis,
1627 3171 1737 3208 quae,
1767 3166 1808 3196 ut
1833 3158 1983 3196 Tullius
2013 3158 2101 3196 dicit
2128 3158 2167 3196 in
2195 3165 2264 3196 'su'a
2291 3151 2528 3197 Rheto‘rt’css'*

1473 3211 1623 3248 divinae
1659 3217 1818 3248 naturae
1856 3212 1997 3249 cultum
2026 3212 2379 3262 caeremoniamque
2411 3210 2535 3261 affert.
2559 3220 2617 3237 ”¹¹-

1476 3265 1575 3301 Cum
1600 3264 1709 3312 igitur
1727 3272 1931 3314 praecepta
1961 3265 2120 3302 moralia
2139 3265 2213 3303 sint
2231 3264 2280 3302 de
2299 3263 2444 3302 actibus
2462 3263 2536 3300 vir-

1474 3325 1609 3364 tutum,
1634 3325 1675 3354 ut
1704 3318 1845 3355 dictum
1876 3326 1931 3354 est
1961 3318 1997 3364 ²¹⁶,
2027 3317 2177 3355 videtur
2205 3317 2310 3367 quod
2336 3323 2540 3365 praecepta
2567 3319 2764 3348 ‘Art-pm*-

1475 3370 1764 3407 caeremonialia
1783 3383 1861 3407 non
1890 3371 1964 3408 sint
1985 3370 2250 3419 distinguenda
2269 3381 2291 3406 a
2315 3368 2533 3406 moralibus.

1526 3484 1550 3518 β)
1566 3486 1713 3510 hominibus
1727 3486 1802 3516 data,
1815 3492 1865 3510 non
1882 3485 2002 3509 debeant.
2015 3498 2033 3503 -
2047 3484 2108 3509 dari
2122 3483 2186 3516 (om.
2195 3483 2227 3516 F)
2241 3490 2292 3508 non
2308 3483 2419 3508 debeant
2432 3490 2479 3508 nec
2488 3483 2541 3509 EF.

2566 3161 2620 3183 *De
2625 3160 2780 3183 Inventdvoe-

2530 3186 2539 3205 5
2567 3190 2624 3215 tor„
2634 3187 2674 3210 lib.
2687 3187 2717 3215 11,
2728 3193 2779 3216 ‹ap-
2838 3203 2840 3206 -

2825 3302 2840 3403 ,ἐ
