2840 4010
103 263 112 272 ·
126 262 177 284 Art.
192 260 295 290 praeced.

99 462 110 473 ⁶
124 461 183 483 Ibid.

100 727 110 736 ⁶
125 724 183 752 Cup.
196 730 244 746 xiv.

94 1409 213 1441 ‘'Ari-tot.
221 1417 306 1443 Ethic„

95 1443 196 1519 :¹2:233-
205 1482 217 1487 -
250 1459 257 1465 .
271 1449 308 1470 vt,

246 1469 307 1492 .Th.

96 1569 214 1596 ἀδ-μ.

95 1832 306 1856 'stimulum-

92 1861 150 1887 Λοπ,
165 1865 216 1888 up.
229 1865 279 1881 un.

95 2622 158 2646 ·ct·.

215 2638 223 2646 .
237 2628 269 2650 tv,
283 2629 306 2645 n.

96 2649 119 2676 8.
126 2648 196 2677 9.-S.
241 2665 247 2672 .
254 2649 307 2672 lect.

94 2801 105 2812 ⁸
113 2800 151 2825 Ad
159 2800 241 2823 Galat.
253 2807 305 2829 cap.

93 2833 116 2855 v,
129 2833 190 2850 vere.
205 2833 238 2855 ¹7.

1004 171 1268 217 QUAESTIO
1299 172 1437 219 LXXI,
1466 171 1759 208 ARTICULUS
1789 171 1837 207 III
2487 164 2507 202 5

392 251 617 288 ΒΕεΡοΝυεο
645 261 828 286 DtCENDUM
857 250 978 297 quod,
1008 249 1103 286 sicut
1128 250 1270 287 dictum
1291 257 1346 286 est
1363 249 1395 297 ³¹²,

337 302 473 341 vitium
504 301 630 340 virtuti
664 302 921 340 contrariatur.
951 302 1078 339 Virtus
1112 310 1239 339 autem
1269 302 1396 338 unius—

339 355 520 404 cuiusque
548 354 601 392 rei
630 354 797 392 consistit
824 355 862 392 in
890 356 965 392 hoc
993 355 1098 404 quod
1126 354 1172 391 sit
1198 355 1297 390 bene
1325 354 1396 391 dis-

337 408 461 456 posita
488 407 700 445 secundum
729 408 1034 445 convenientiam
1055 419 1146 444 suae
1166 414 1334 453 naturae,
1354 414 1396 442 ut

337 472 451 509 supra
469 459 490 482 '¹‘
517 460 658 498 dictum
689 468 754 498 est.
785 461 895 498 Unde
924 466 1074 508 oportet
1105 458 1211 506 quod
1237 459 1277 495 in
1305 470 1396 505 qua-

336 512 427 550 libet
445 525 485 550 re
504 513 638 550 vitium
659 513 804 550 dicatur
823 524 867 549 ex
886 513 960 548 hoc
979 511 1086 559 quod
1105 518 1161 547 est
1181 510 1361 559 disposita
1380 516 1395 538 Υ

337 573 468 602 contra
486 566 524 603 id
543 566 649 614 quod
672 564 850 603 convenit
870 570 1038 600 naturae.
1067 563 1178 600 Unde
1199 571 1236 599 et
1255 563 1301 600 de
1321 563 1396 599 hoc

337 630 589 667 unaquaeque
609 630 668 655 res
682 617 936 665 vituperatur:
960 627 984 652 a
1003 615 1091 652 vitio
1112 624 1238 652 autem
1259 627 1394 652 nomen

336 671 616 719 vituperationis
651 674 810 706 tractum
833 666 847 689 δ
875 668 1059 713 creditur,
1091 676 1133 704 ut
1162 668 1395 716 Augustinus

339 723 438 771 dicit,
466 724 504 761 in
533 724 583 761 111
609 723 656 759 de
681 721 763 757 Lib.
783 721 877 757 Arb.
898 721 918 741 ²⁸

391 776 470 814 Sed
497 773 815 813 considerandum
845 780 900 809 est
928 775 1033 820 quod
1058 781 1190 810 natura
1217 773 1395 810 uniuscu—

338 829 472 876 iusque
499 826 553 863 rei
579 825 774 874 potissime
803 833 858 862 est
884 826 1008 862 forma
1036 826 1247 863 secundum
1277 837 1394 874 quam

337 893 397 919 res
422 878 590 928 speciem
609 878 770 915 sortitur.
797 879 927 915 Homo
957 886 1083 915 autem
1103 879 1141 915 in
1161 878 1286 926 specie
1306 890 1395 915 con—

336 931 495 969 stituitur
512 943 581 980 per
604 931 772 968 animam
793 931 1027 968 rationalem.
1058 932 1106 968 Et
1124 931 1212 968 ideo
1232 930 1270 967 id
1290 931 1394 979 quod

335 992 392 1021 est
406 991 539 1021 contra
558 983 731 1021 ordinem
752 984 916 1031 rationis,
932 984 1086 1032 proprie
1106 991 1162 1020 est
1181 991 1310 1020 contra
1329 996 1394 1020 na-

336 1043 461 1074 turam
480 1036 646 1074 hominis
665 1036 890 1084 inquantum
911 1044 966 1074 est
983 1037 1120 1079 homo;
1142 1037 1246 1085 quod
1265 1043 1393 1072 autem

337 1096 392 1126 est
418 1089 630 1126 secundum
664 1089 868 1136 rationem,
899 1097 954 1126 est
981 1090 1191 1126 secundum
1220 1096 1392 1125 naturam

334 1141 501 1179 hominis
520 1141 746 1190 inquantum
766 1150 823 1179 est
841 1143 973 1179 homo.
1000 1143 1151 1178 Bonum
1171 1149 1300 1178 autem
1327 1143 1393 1178 ho-

334 1195 446 1232 minis
471 1200 525 1231 est
549 1196 752 1235 secundum
781 1195 965 1232 rationem
983 1206 1073 1240 esse,
1103 1201 1140 1230 et
1166 1194 1309 1231 malum
1327 1196 1392 1231 ho-

258 1279 268 1281 -
320 1247 446 1286 ms
470 1252 528 1285 est
547 1253 701 1296 praeter
727 1248 911 1285 rationem
939 1259 1027 1293 esse,
1052 1254 1093 1284 ut
1111 1246 1318 1295 Dionysius
1338 1248 1392 1284 di-

95 1311 307 1336 ·sruaffixxn.
336 1299 396 1348 cit,
420 1311 456 1337 1v
479 1312 563 1349 cap.
582 1301 629 1338 de
646 1301 734 1338 Div.
754 1301 870 1337 Nom.
891 1301 912 1322 *
938 1301 1048 1338 Unde
1066 1299 1184 1336 virtus
1210 1301 1391 1347 humana,

335 1365 434 1402 quae
461 1353 650 1390 hominem
666 1354 769 1401 facit
786 1358 798 1374 ⁸
826 1354 981 1399 bonum,
1010 1358 1047 1389 et
1072 1364 1164 1401 opus
1192 1353 1305 1400 ipsius
1329 1353 1393 1390 bo-

335 1417 426 1443 num
455 1406 575 1443 reddit
598 1405 635 1453 *,
665 1405 851 1443 intantum
887 1413 943 1442 est
976 1406 1188 1443 secundum
1217 1413 1391 1442 naturam

335 1458 513 1504 hominis,
541 1458 766 1506 inquantum
791 1458 968 1496 convenit
990 1458 1143 1495 rationi:
1172 1458 1308 1495 vitium
1328 1470 1392 1495 au-

335 1518 413 1548 tem
445 1510 631 1548 intantum
665 1519 721 1548 est
753 1519 884 1548 contra
917 1518 1089 1554 naturam
1122 1510 1303 1558 hominis,
1337 1511 1392 1548 in-

334 1570 520 1611 quantum
549 1570 606 1600 est
633 1572 763 1601 contra
791 1564 965 1602 ordinem
994 1563 1146 1601 rationis
1166 1563 1196 1600 *.

334 1654 337 1657 ,
386 1617 447 1653 AD
478 1627 615 1654 ptumum
648 1629 746 1653 ERGO
775 1629 958 1654 memnon
987 1616 1091 1666 quod
1118 1616 1294 1663 virtutes,
1325 1616 1393 1653 etsi

333 1680 413 1705 non
451 1676 651 1706 causentur
687 1682 709 1706 a
746 1677 878 1706 natura
915 1669 1126 1706 secundum
1162 1682 1275 1706 suurn
1311 1681 1392 1706 esse

332 1721 566 1770 perfectum,
595 1729 723 1759 tamen
758 1722 936 1759 inclinant
972 1721 1022 1759 ad
1048 1722 1087 1759 id
1115 1723 1220 1770 quod
1255 1729 1309 1758 est
1337 1734 1393 1758 se-

334 1774 503 1812 cundum
523 1782 710 1821 naturam,
731 1775 828 1812 idest
850 1776 1060 1812 secundum
1079 1774 1253 1812 ordinem
1283 1775 1393 1811 ratio—

333 1826 411 1863 nis:
442 1827 529 1864 dicit
558 1828 659 1864 enim
680 1828 840 1875 Tullius,
861 1828 900 1864 in
919 1840 988 1865 sua
1006 1828 1207 1864 Ritetorica
1227 1827 1257 1874 ²¹⁵,
1288 1828 1393 1875 quod

331 1880 450 1916 virtus
477 1886 531 1917 est
547 1881 696 1918 habitus
724 1881 760 1917 in
782 1881 934 1918 modum
963 1886 1122 1918 naturae
1149 1880 1289 1917 rationi
1305 1892 1392 1917 con-

1448 255 1656 287 sentaneus.
1683 250 1732 286 Et
1758 250 1833 286 hoc
1861 249 1980 286 modo
2017 248 2134 285 virtus
2163 247 2296 285 dicitur
2333 260 2414 284 esse
2448 259 2506 284 se-

1451 303 1619 339 cundum
1648 310 1840 339 naturam:
1879 309 1916 338 et
1942 314 2012 350 per
2039 301 2268 338 contrarium
2296 300 2506 348 intelligitur
2541 348 2543 350 Ι

1450 355 1554 403 quod
1582 355 1716 392 vitium
1745 355 1791 392 sit
1819 362 1949 392 contra
1976 362 2163 391 naturam.

1502 409 1561 443 An
1589 420 1778 445 SECUNDUM
1815 419 1998 444 mcENDUM
2025 407 2131 455 quod
2167 406 2424 454 Philosophus
2451 405 2502 441 ibi

1450 458 1615 506 loquitur
1642 460 1689 497 de
1726 460 1784 497 his
1817 473 1914 509 quae
1952 467 2040 497 sunt
2067 466 2198 496 contra
2226 466 2419 505 naturam,
2447 470 2504 494 se-

1450 512 1618 547 cundum
1647 513 1750 560 quod
1780 525 1861 550 esse
1882 520 2012 549 contra
2039 520 2214 549 naturam
2247 511 2451 560 opponitur
2471 510 2503 547 ei

1450 563 1555 611 quod
1584 571 1639 600 est
1675 577 1756 601 esse
1785 578 1808 601 a
1835 572 1984 602 natura:
2013 577 2091 602 non
2126 572 2254 602 autem
2291 564 2501 601 secundum

1450 615 1555 663 quod
1583 628 1664 652 esse
1686 625 1815 653 contra
1833 626 2006 654 naturam
2030 617 2235 666 opponitur
2267 617 2300 653 ei
2324 617 2429 664 quod
2449 623 2504 653 est

1451 680 1532 704 esse
1561 669 1772 705 secundum
1799 678 1988 717 naturam,
2019 683 2064 706 eo
2094 670 2212 707 modo
2241 682 2319 718 quo
2346 669 2502 706 virtutes

1450 720 1623 757 dicuntur
1643 733 1723 757 esse
1752 722 1963 759 secundum
1991 730 2174 769 naturam,
2194 723 2420 772 inquantum
2448 721 2502 758 in-

1450 773 1589 809 clinant
1617 774 1666 810 ad
1694 773 1731 810 id
1760 774 1865 822 quod
1892 782 2047 810 naturae
2077 775 2264 812 convenit.

1501 827 1560 862 An
1589 837 1747 863 TERTmM
1774 838 1958 863 mcENDUM
1985 828 2091 874 quod
2108 827 2146 863 in
2174 827 2330 864 homine
2358 834 2414 864 est
2433 826 2500 863 du—

1448 879 1533 926 plex
1552 886 1698 925 natura,
1719 878 1857 915 scilicet
1876 879 2065 916 rationalis
2085 887 2119 915 et
2139 880 2326 917 sensitiva.
2348 880 2396 916 Et
2414 879 2502 928 quia

1448 943 1516 979 per
1545 931 1806 979 operationem
1826 944 1959 968 sensus
1987 932 2106 968 homo
2125 933 2298 980 pervenit
2325 933 2372 969 ad
2397 939 2500 969 actus

1449 984 1614 1031 rationis,
1643 984 1730 1020 ideo
1758 984 1885 1032 plures
1914 992 2122 1033 sequuntur
2148 984 2407 1021 inclinationes
2435 997 2500 1021 na·

1447 1044 1554 1073 turae
1584 1036 1784 1073 sensitivae
1818 1049 1932 1085 quam
1965 1037 2139 1074 ordinem
2173 1037 2346 1074 rationis:
2375 1038 2500 1085 plures

1448 1089 1549 1126 enim
1577 1097 1664 1126 sunt
1682 1089 1746 1137 qui
1774 1097 2026 1138 assequuntur
2043 1089 2270 1138 principium
2298 1090 2363 1136 rei,
2384 1102 2500 1138 quam

1447 1142 1512 1190 qui
1531 1142 1580 1179 ad
1609 1142 1980 1179 consummationem
2000 1142 2236 1191 perveniunt.
2258 1144 2316 1179 Ex
2343 1143 2418 1179 hoc
2437 1154 2501 1178 au-

1446 1203 1523 1231 tem
1551 1195 1642 1231 vitia
1670 1202 1706 1231 et
1742 1203 1898 1243 peccata
1924 1195 1962 1231 in
1998 1195 2216 1232 hominibus
2252 1195 2500 1244 proveniunt,

1447 1249 1552 1296 quod
1579 1255 1788 1296 sequuntur
1815 1247 2096 1284 inclinationem
2117 1255 2272 1285 naturae
2301 1247 2501 1285 sensitivae

1447 1307 1576 1337 contra
1605 1300 1778 1337 ordinem
1807 1300 1960 1337 rationis
1987 1300 2018 1337 ²¹⁶.

1499 1355 1556 1389 AD
1586 1364 1758 1395 QUARTUM
1786 1365 1969 1390 DlCENDUM
1989 1353 2093 1400 quod
2122 1353 2307 1401 quidquid
2331 1359 2385 1389 est
2413 1364 2501 1389 con-

1446 1413 1502 1442 tra
1531 1405 1715 1442 rationem
1739 1405 1932 1452 artificiati,
1954 1413 2007 1442 est
2036 1406 2149 1442 etiam
2169 1413 2298 1442 contra
2326 1412 2499 1442 naturam

1447 1458 1533 1495 artis
1555 1471 1630 1507 qua
1654 1457 1891 1494 artificiatum
1917 1458 2148 1507 producitur.
2183 1459 2263 1494 Lex
2291 1466 2418 1494 autem
2437 1470 2498 1494 ae-

1446 1519 1552 1548 terna
1581 1518 1821 1559 comparatur
1849 1511 1897 1547 ad
1926 1511 2099 1549 ordinem
2128 1511 2281 1547 rationis
2310 1511 2500 1547 humanae

1447 1564 1541 1601 sicut
1568 1576 1628 1600 ars
1656 1563 1704 1600 ad
1732 1563 1982 1600 artificIatum.
2014 1564 2122 1601 Unde
2152 1563 2322 1600 eiusdem
2348 1563 2500 1600 rationis

1448 1624 1502 1653 est
1528 1617 1633 1665 quod
1661 1615 1796 1652 vitium
1816 1624 1852 1653 et
1878 1623 2077 1664 peccatum
2107 1616 2151 1653 sit
2177 1624 2307 1653 contra
2326 1616 2500 1653 ordinem

1447 1669 1600 1706 rationis
1628 1669 1832 1716 humanae,
1863 1677 1898 1705 et
1926 1670 2030 1717 quod
2058 1670 2103 1706 sit
2131 1676 2261 1706 contra
2288 1669 2410 1716 legem
2439 1681 2499 1705 ae-

1447 1730 1605 1758 ternam.
1646 1722 1756 1758 Unde
1783 1722 2015 1769 Augustinus
2046 1722 2153 1769 dicit,
2183 1722 2221 1759 in
2251 1723 2299 1758 111
2335 1722 2381 1758 de
2416 1721 2498 1758 Lib.

1446 1776 1538 1811 Arb.
1559 1774 1591 1822 ²¹⁸,
1621 1775 1724 1823 quod
1744 1786 1767 1811 a
1795 1775 1877 1811 Deo
1906 1775 2043 1811 habent
2064 1786 2191 1811 omnes
2220 1780 2378 1811 naturae
2402 1774 2503 1822 quod

1448 1834 1606 1864 naturae
1632 1833 1737 1864 sunt:
1766 1833 1800 1863 et
1827 1828 2008 1864 intantum
2036 1833 2122 1864 sunt
2147 1828 2314 1873 vitios'ae,
2345 1827 2501 1874 inquan-

1448 1886 1525 1917 tum
1553 1881 1601 1917 ab
1629 1881 1719 1925 eius,
1739 1892 1814 1928 qua
1830 1881 1964 1928 factae
1990 1886 2086 1926 sunt,
2107 1885 2188 1916 arte
2215 1880 2414 1917 discedunt.

385 1993 413 2027 γ)
432 2001 470 2019 ex
491 1993 541 2019 hoc
562 1994 635 2026 quod
656 1997 696 2019 est
715 1994 852 2026 disposita.
870 2008 889 2012 -
907 1994 956 2019 hoc
977 1995 1047 2026 quod
1073 1998 1112 2019 est
1131 1995 1288 2025 dispositum
1308 1995 1358 2018 EF.
1375 2008 1394 2013 -

331 2028 382 2063 Pro
401 2033 523 2058 naturae,
541 2037 606 2054 suae
624 2033 738 2054 naturae
756 2030 785 2054 P.

385 2063 410 2096 ὃ)
430 2067 555 2089 tractum.
574 2079 589 2083 —
612 2065 761 2089 detractum
781 2064 1044 2090 PABCDEFGHILa.

1494 1995 1521 2034 ⁴e)
1535 1994 1615 2027 facit.
1632 2007 1662 2053 -ὲ
1669 1994 1821 2026 imperfecte
1833 1994 1904 2027 facit
1921 1994 1952 2018 E.
1969 2007 1988 2013 —
2006 1994 2056 2017 Pro
2072 1993 2213 2022 intantum,
2227 1993 2307 2018 etiam
2322 1993 2453 2018 intantum
2468 1993 2502 2023 E,

1447 2033 1472 2054 et
1491 2033 1623 2054 mtantum
1665 2047 1671 2054 .

1006 2143 1337 2177 Commentario.
1359 2143 1608 2176 Cardtnalis
1628 2144 1828 2177 Caietam·

363 2237 384 2257 N
407 2227 539 2258 articulo
563 2227 703 2257 secundo
728 2227 870 2257 eiusdem
898 2226 1267 2267 septuagesimaeprimae
1295 2235 1390 2267 quae-

336 2239 486 2307 Istionis,
502 2270 535 2301 in
551 2271 758 2310 responsione
774 2271 813 2300 ad
829 2270 966 2306 tertium,
981 2271 1105 2301 adverte
1121 2271 1210 2311 quod
1225 2280 1391 2310 argumen-

333 2321 403 2346 tum
427 2321 473 2345 est
495 2315 646 2351 arduum,
673 2321 703 2345 et
725 2314 862 2345 flebilem
884 2314 1027 2355 ingerens
1051 2314 1268 2345 difficultatem
1296 2314 1334 2344 de
1357 2324 1393 2344 ea

333 2368 431 2400 quam
450 2359 628 2399 experimur
650 2358 681 2388 in
706 2365 813 2388 nostra
829 2358 940 2399 specie,
957 2358 1106 2398 singulari
1121 2358 1256 2389 miseria.
1280 2355 1392 2388 Admi'-

333 2403 469 2433 randum
492 2402 612 2443 quippe
636 2409 682 2432 est
710 2402 812 2442 quod,
843 2412 917 2433 cum
944 2402 1093 2432 omnibus
1122 2402 1285 2443 speciebus
1313 2413 1392 2443 quas

333 2446 478 2477 videmus
508 2453 574 2477 tam
601 2446 682 2476 infra
713 2456 810 2486 quarn
838 2456 934 2486 supra
959 2446 1138 2483 hominem,
1170 2453 1323 2477 statutum
1354 2446 1393 2476 sit

333 2491 458 2521 bonum
482 2498 517 2521 ut
539 2491 572 2520 in
595 2490 756 2530 pluribus;
782 2490 850 2520 sola
872 2490 1012 2520 humana
1039 2497 1150 2521 natura
1172 2490 1204 2521 in
1227 2490 1286 2520 hac
1314 2490 1394 2521 iacet

334 2534 469 2570 miseria,
494 2541 530 2565 ut
552 2534 674 2564 malum
698 2534 810 2564 habeat
834 2541 869 2564 ut
892 2534 1044 2574 pluribus,
1069 2541 1100 2565 et
1122 2535 1245 2565 bonum
1266 2541 1301 2565 ut
1315 2545 1392 2574 pau-

334 2578 480 2610 cioribus.
504 2579 547 2609 Et
569 2585 615 2609 est
638 2588 742 2608 sermo
767 2579 805 2608 de
828 2578 914 2608 malo
938 2584 1046 2608 contra
1069 2585 1228 2615 naturam,
1253 2585 1283 2609 et
1306 2579 1392 2609 bono

334 2622 510 2653 secundum
533 2629 688 2653 naturam.
714 2622 755 2652 Et
776 2624 897 2652 Auctor
920 2632 956 2652 ex
978 2621 1156 2659 Aristotele,
1181 2623 1224 2653 IX
1246 2622 1348 2653 Ethic.
1365 2623 1391 2659 *,

333 2666 440 2703 solvit,
466 2666 571 2697 dicens
595 2666 684 2706 quod
707 2675 799 2696 causa
822 2665 917 2696 huius
946 2665 1167 2697 exorbitantiae
1191 2673 1236 2697 est
1259 2667 1393 2697 dualitas

333 2717 518 2741 naturarum
541 2710 817 2740 subordinatarum
833 2709 865 2739 in
882 2710 1022 2746 homine,
1039 2720 1175 2751 quarum
1190 2721 1254 2741 una
1270 2717 1392 2741 contra-

333 2753 431 2784 riatur
453 2754 552 2784 alteri.
575 2754 623 2784 Ex
644 2753 706 2784 hoc
729 2763 869 2794 namque
891 2755 980 2794 quod
1002 2755 1035 2785 in
1058 2754 1190 2785 homine
1206 2762 1252 2785 est
1267 2755 1346 2785 ratio
1364 2761 1394 2785 et

333 2807 453 2834 sensus,
477 2804 508 2828 et
531 2807 607 2828 caro
630 2799 823 2838 concupiscit
845 2798 1000 2829 adversus
1014 2800 1160 2839 spiritum
1176 2799 1202 2835 *,
1228 2806 1258 2830 et
1274 2809 1291 2829 a
1305 2800 1392 2829 bono

332 2851 443 2872 sensus
461 2841 666 2878 inchoamus3
691 2841 840 2872 adiuncto
862 2842 918 2872 illo
942 2842 1003 2873 alio
1019 2842 1185 2883 principio,
1205 2843 1269 2873 Sed
1277 2843 1392 2883 plures

331 2891 407 2916 sunt
430 2886 614 2916 inchoantes
636 2895 730 2926 quam
760 2892 1034 2924 consummantes;
1057 2887 1221 2917 manifeste
1252 2886 1393 2927 sequitur

331 2929 421 2970 quod
436 2929 542 2970 plures
558 2935 735 2970 sequuntur
749 2930 834 2960 bona
850 2931 1026 2961 secundum
1042 2938 1187 2961 naturam
1201 2931 1390 2966 sensitivam,

2343 2209 2355 2221 ἱ

1446 2237 1543 2267 quam
1566 2227 1780 2267 pervenientes
1804 2228 1844 2257 ad
1867 2227 2065 2268 sequendum
2081 2228 2203 2257 bonum
2219 2227 2394 2257 secundum
2409 2234 2502 2258 natu—

1446 2280 1512 2300 ram
1536 2271 1731 2301 rationalem.
1755 2271 1803 2301 Ex
1825 2271 1886 2301 hoc
1910 2278 2016 2302 autem
2039 2271 2152 2311 aliquis
2175 2271 2296 2301 malurn
2320 2278 2427 2301 contra
2448 2281 2502 2301 na-

1445 2321 1548 2345 turam
1572 2315 1756 2346 rationalem
1779 2315 1918 2351 incurrit,
1942 2315 2016 2355 quia
2037 2315 2069 2345 in
2088 2314 2252 2345 sensitivae
2268 2321 2395 2345 naturae
2410 2315 2502 2345 bonis

1447 2366 1587 2399 quiescit.
2077 2392 2090 2403 ο

1503 2403 1559 2433 Est
1582 2403 1676 2433 etiam
1705 2409 1735 2433 et
1758 2403 1818 2433 alia
1840 2413 1877 2432 ex
1904 2403 2014 2433 eadem
2041 2403 2142 2433 radice
2169 2403 2257 2433 ratio.
2283 2403 2366 2439 Quia
2389 2402 2504 2433 scilicet

1447 2453 1574 2477 naturae
1594 2447 1757 2477 sensitivae
1776 2447 1861 2477 bona
1876 2453 1950 2477 sunt
1964 2447 2070 2487 quoad
2087 2457 2144 2476 nos
2164 2447 2262 2486 magis
2279 2446 2502 2481 connaturalia,

1447 2497 1556 2530 utpote
1580 2492 1619 2521 ab
1642 2491 1770 2522 ineunte
1785 2497 1884 2521 aetate
1899 2491 1932 2520 in
1949 2499 2025 2526 usu;
2050 2497 2080 2520 et
2095 2490 2193 2530 magis
2213 2497 2298 2527 nota,
2313 2497 2424 2530 utpote
2442 2490 2503 2520 evi-

1448 2535 1532 2564 denti
1555 2535 1743 2574 experientia
1766 2543 1933 2570 sensuum;
1959 2541 1989 2565 et
2011 2534 2110 2574 magis
2134 2534 2305 2570 moventia,
2331 2542 2361 2565 et
2383 2534 2503 2564 ratione

1446 2585 1612 2619 promptae
1636 2578 1861 2614 delectationis,
1882 2585 1912 2609 et
1927 2578 2046 2609 ratione
2062 2578 2255 2609 imminentis
2271 2578 2412 2618 oppositi
2428 2588 2502 2608 con-

1446 2622 1593 2653 tristantis
1615 2622 1647 2652 in
1671 2629 1840 2663 promptu„
1858 2622 2000 2653 Rationis
2019 2629 2127 2653 autem
2145 2623 2267 2653 bonum
2283 2629 2356 2662 post
2370 2628 2502 2652 aetatem

1447 2666 1630 2707 percipitur;
1660 2673 1690 2697 et
1716 2677 1831 2706 parum
1860 2666 2072 2706 cognoscitur;
2103 2673 2133 2697 et
2162 2676 2274 2706 parum
2303 2673 2410 2696 movet
2436 2671 2502 2696 tarn

1446 2711 1553 2751 ipsum
1576 2720 1674 2751 quam
1697 2710 1883 2751 oppositum
1903 2710 2034 2747 malum,
2050 2717 2115 2740 tam
2131 2711 2240 2750 culpae
2257 2719 2353 2750 quam
2369 2719 2501 2749 poenae,

1448 2761 1483 2785 ut
1505 2764 1691 2794 experimur.

1506 2798 1652 2830 Ostendit
1674 2805 1782 2829 autem
1804 2798 1881 2829 haec
1901 2798 2059 2828 humanae
2074 2805 2202 2828 naturae
2217 2797 2378 2827 infelicitas
2401 2797 2503 2837 ipsam

1447 2853 1512 2873 non
1541 2852 1606 2872 esse
1635 2843 1777 2873 eiusdem
1808 2849 1936 2872 naturae
1965 2852 2039 2872 cum
2066 2842 2132 2872 aliis
2159 2852 2237 2882 quas
2259 2841 2419 2877 videmus;
2448 2841 2503 2871 sed

1446 2887 1590 2917 altiorem
1613 2886 1733 2926 ingredi
1756 2896 1862 2916 rerum
1885 2886 2038 2922 ordinem,
2056 2896 2168 2926 parum
2184 2893 2289 2916 tamen
2305 2885 2343 2915 de
2358 2885 2414 2915 illo
2430 2894 2504 2925 par-

1446 2931 1616 2970 ticipando.

1135 3084 1452 3126 ARTICULUS
1480 3083 1708 3125 TERTIUS

869 3176 1024 3206 UTRUM
1047 3176 1201 3207 VITIUM
1225 3176 1291 3206 SIT
1314 3176 1434 3207 PE1US
1458 3176 1583 3213 QUAM
1607 3175 1749 3206 Acrus
1773 3174 1967 3205 vmosus

359 3278 390 3315 ⁴,-
417 3281 422 3292 ν
465 3292 490 3313 4
513 3260 566 3299 ἰ)
585 3274 744 3300 TERTtUM
773 3274 826 3299 stc
846 3274 1085 3301 PROCEDITUR.
1106 3264 1264 3301 Videtur
1283 3264 1388 3313 quod

358 3315 412 3344 “”·]
460 3305 520 3375 <334
543 3315 695 3363 vitium,
725 3314 820 3352 idest
856 3315 1007 3352 habitus
1039 3316 1182 3362 malus,
1209 3316 1254 3353 sit
1280 3317 1389 3365 peius

349 3359 469 3419 '152ss
484 3360 511 3408 “6
530 3380 663 3416 ,quam
691 3376 903 3417 peccatum,
924 3367 1020 3405 idest
1047 3376 1152 3405 actus
1177 3369 1311 3405 malus.
1334 3369 1390 3406 Si-

354 3415 363 3423 *
389 3397 607 3459 aef'q'ffzcut
636 3421 735 3458 enim
764 3422 910 3458 bonurn
940 3421 1044 3468 quod
1073 3428 1129 3457 est
1157 3420 1388 3468 diuturnius,

336 3482 391 3512 est
417 3465 570 3521 melius3
599 3474 650 3511 ita
678 3475 822 3511 malum
861 3474 965 3523 quod
994 3481 1050 3510 est
1078 3473 1304 3521 diuturnius,
1335 3482 1391 3511 est

1443 3264 1562 3312 peius.
1595 3263 1671 3300 Sed
1699 3263 1847 3300 habitus
1874 3262 2032 3299 vitiosus
2060 3270 2116 3300 est
2143 3262 2353 3300 diuturnior
2381 3275 2498 3312 quam

1444 3324 1548 3353 actus
1577 3315 1724 3363 vitiosi,
1754 3315 1817 3364 qui
1846 3315 1968 3352 statim
1997 3323 2201 3353 transeunt.
2231 3317 2333 3364 Ergo
2353 3316 2502 3354 habitus

1443 3369 1602 3405 vitiosus
1631 3375 1686 3404 est
1712 3368 1821 3417 peior
1848 3380 1964 3416 quarn
1988 3376 2093 3406 actus
2119 3368 2288 3406 vitiosus.

1499 3433 1533 3458 2.
1556 3422 1788 3468 PRAETEREA,
1809 3422 1916 3470 plura
1942 3422 2042 3458 mala
2070 3429 2156 3459 sunt
2174 3421 2293 3470 magis
2322 3422 2499 3469 fugienda

1445 3485 1562 3522 quam
1590 3486 1712 3511 unum
1741 3475 1896 3511 malum.
1927 3474 2004 3511 Sed
2031 3474 2179 3512 habitus
2208 3475 2330 3512 malus
2358 3475 2499 3512 virtua-

2529 1300 2539 1310 ⁸
2554 1300 2581 1321 D.
2597 1306 2646 1327 295,
2661 1300 2711 1328 839.

2529 1779 2536 1786 ·
2553 1777 2610 1804 Cap.
2625 1783 2662 1798 xv.
