2840 4010
103 1078 114 1089 ⁸
129 1077 194 1099 Vers.
209 1084 237 1106 34
252 1084 287 1105 sq.

1266 21 1273 40 ,l

346 152 414 198 196

986 148 1251 195 QUAESTIO
1282 147 1458 194 XCVIII,
1486 147 1782 185 ARTICULUS
1811 149 1863 186 IV

1116 263 1433 305 ARTICULUS
1464 263 1735 316 QUARTUS

729 357 883 388 UTRUM
907 356 990 385 LEx
1014 355 1155 386 VETUS
1179 354 1281 385 DARI
1305 354 1523 386 DEBUERIT
1547 355 1642 387 som
1666 355 1838 387 POPULO
1863 356 2121 388 mDAEonuM

367 450 432 495 kg
454 453 526 502 Μ(
548 451 570 475 D
591 447 763 479 QUARTUM
778 447 831 471 sm
855 445 1094 470 PRocnm’rUR.
1115 433 1273 471 Videtur
1291 434 1397 481 quod

365 481 492 545 ᾓᾶΔ
526 503 528 506 ·
548 492 606 526 lex
632 495 742 525 vetus
771 499 848 524 non
870 486 1042 523 debuerit
1062 486 1142 524 dari
1161 486 1231 523 soli
1250 487 1395 535 populo

356 522 477 599 55⁵⁹]*r3
498 545 520 588 (ξ
533 537 789 578 Iudaeorum.
821 541 898 576 Lex
920 539 1022 577 enirn
1042 547 1152 576 vetus
1172 539 1398 588 disponebat

395 569 485 623 55²&
508 584 597 631 &ad
625 594 784 630 salutem
814 605 911 641 quae
941 593 1063 629 futura
1092 600 1171 629 erat
1197 605 1267 642 per
1291 592 1396 629 Chri-

336 657 448 695 stum,
477 656 518 684 ut
546 647 687 684 dictum
717 653 772 682 est
786 645 816 682 ²⁸.
848 645 925 682 Sed
945 646 1044 682 salus
1063 645 1124 682 illa
1143 658 1222 682 non
1242 653 1321 682 erat
1340 647 1396 682 tu-

336 710 417 738 tura
446 702 569 737 solum
600 700 636 736 in
658 699 816 745 Iudaeis,
847 698 915 735 sed
943 698 982 735 in
1003 698 1182 735 omnibus
1206 698 1395 746 gentibus;

336 754 546 791 secundum
580 752 670 789 illud
701 751 819 788 Isaiae
842 763 925 788 xLix
947 753 983 788 *z
1017 752 1160 788 Parum
1193 757 1248 788 est
1279 757 1320 788 ut
1347 752 1397 788 sis

336 807 429 844 mihi
453 818 582 843 servus
601 806 652 842 ad
668 805 900 841 suscitandas
919 805 1034 841 tribus
1053 805 1169 841 Iacob
1188 810 1223 840 et
1231 805 1364 852 faeces
1380 809 1396 825 α

335 860 456 896 Israel
487 859 776 896 convertendas.-
809 857 896 894 dedi
922 863 956 894 te
983 858 1020 894 in
1050 858 1170 894 lucem
1205 857 1395 906 gentium,

336 919 377 949 ut
401 914 450 950 sis
472 912 573 949 salus
591 923 676 948 mea
697 922 813 959 usque
831 911 882 947 ad
899 916 1109 947 extremum
1130 915 1264 946 terrae.
1295 910 1396 957 Ergo

335 967 393 1003 lex
421 974 531 1003 vetus
560 964 640 1002 dari
669 964 799 1000 debuit
827 963 1006 1000 omnibus
1035 962 1225 1011 gentibus,
1257 969 1292 999 et
1319 974 1398 999 non

335 1019 400 1056 uni
428 1019 572 1068 populo
601 1025 761 1054 tanturn.

393 1084 426 1109 2.
457 1073 693 1117 PRAETEREA,
723 1070 818 1106 sicut
850 1068 984 1106 dicitur
1017 1069 1099 1105 Act.
1127 1067 1203 1115 x*,
1240 1079 1314 1104 non
1347 1074 1402 1105 est

329 1137 582 1174 personarum
602 1128 775 1170 acceptor
793 1123 913 1158 Deus:
941 1121 1006 1157 sed
1024 1122 1060 1157 in
1081 1121 1186 1158 omni
1207 1126 1318 1170 gente
1336 1121 1401 1169 qui

335 1180 437 1215 timet
453 1179 578 1214 Deum
598 1176 738 1224 etfacit
754 1175 942 1219 iustitiam,
962 1180 1134 1222 acceptus
1152 1179 1206 1210 est
1223 1173 1286 1210 illi.
1307 1174 1398 1210 Non

336 1243 424 1279 ergo
458 1229 577 1277 magis
605 1228 670 1265 uni
698 1229 842 1276 populo
877 1238 993 1276 quam
1030 1226 1111 1263 aliis
1138 1226 1242 1263 viam
1271 1226 1399 1264 salutis

336 1283 465 1321 debuit
493 1282 650 1331 aperire.

391 1338 424 1373 3.
454 1337 694 1382 PRAETEREA,
723 1334 781 1370 lex
810 1333 897 1370 data
926 1339 981 1369 est
1008 1344 1077 1380 per
1105 1332 1273 1380 angelos,
1303 1332 1400 1369 sicut

216 1404 269 1419 nece
288 1414 293 1419 ·
335 1390 411 1426 iarn
427 1389 446 1411 ’¹‘
471 1389 613 1426 dictum
634 1395 700 1424 est.
732 1387 807 1423 Sed
827 1385 1032 1422 ministeria
1051 1386 1274 1433 angelorum
1294 1385 1400 1422 D'eus

94 1927 106 1938 ⁴
120 1927 186 1949 Vers.
202 1927 242 1948 ult.

335 1455 414 1480 non
442 1443 567 1479 solum
589 1440 749 1487 Iudaeis,
771 1439 838 1476 sed
858 1438 1037 1476 omnibus
1056 1438 1230 1486 gentibus
1249 1450 1400 1488 semper

337 1496 517 1533 exhibuit:
540 1494 673 1531 dicitur
693 1493 794 1530 enim
813 1492 928 1529 Eccli.
940 1491 1055 1528 xvi1*:
1085 1492 1131 1528 In
1152 1503 1400 1540 unamquam-

336 1561 407 1598 que
433 1554 583 1598 gentem
605 1546 827 1595 praeposuit
843 1550 1038 1582 rectorem.
1070 1544 1262 1581 Omnibus
1285 1544 1398 1582 etiarn

335 1601 509 1650 gentibus
524 1599 747 1648 temporalia
763 1600 865 1635 bona
879 1597 1042 1645 largitur,
1059 1610 1158 1646 quae
1173 1597 1299 1634 minus
1314 1605 1400 1634 sunt

337 1667 450 1692 curae
469 1655 553 1690 Deo
574 1664 692 1701 quam
718 1651 923 1700 spiritualia
951 1652 1065 1687 bona.
1087 1651 1189 1698 Ergo
1210 1650 1323 1687 etiarn
1349 1651 1399 1688 le-

335 1720 422 1756 gem
452 1706 632 1744 omnibus
659 1705 809 1754 populis
839 1704 928 1741 dare
958 1703 1099 1740 debuit.

390 1762 464 1797 SED
494 1771 640 1796 CONTRA
668 1770 733 1795 EST
762 1757 867 1807 quod
896 1756 1031 1794 dicitur
1054 1757 1166 1793 Rom.
1184 1756 1269 1793 111*:
1304 1757 1402 1799 Quid

335 1826 428 1864 ergo
465 1812 626 1861 amplius
658 1817 713 1848 est
747 1810 922 1847 Iudaeo?
949 1809 1117 1846 Multum
1152 1810 1301 1858 quidem
1327 1821 1401 1858 per

335 1879 484 1904 omnem
499 1866 664 1902 modum.
686 1865 858 1901 Primum
877 1863 1037 1911 quidem,
1054 1863 1142 1911 quia
1157 1863 1298 1899 credita
1315 1869 1412 1900 sunt<

336 1921 406 1957 illis
433 1919 580 1967 eloquia
612 1918 696 1954 Dei.
727 1918 775 1954 Et
807 1917 845 1953 in
874 1917 1027 1953 Psalmo
1062 1915 1215 1953 chvn*
1243 1915 1397 1952 dicitur:

334 1974 425 2011 Non
447 1973 542 2022 fecit
567 1971 689 2007 taliter
717 1970 822 2007 omni
847 1969 1001 2014 nationi,
1027 1975 1062 2005 et
1080 1969 1218 2006 iudicia
1236 1980 1305 2005 sua
1325 1981 1398 2006 non

335 2025 589 2074 manifestavit
613 2025 676 2060 eis.

389 2081 614 2116 RESPONDEO
643 2088 828 2115 DlCENDUM
857 2075 963 2124 quod
983 2084 1112 2124 posset
1130 2087 1208 2112 una
1227 2074 1322 2112 ratio
1342 2087 1399 2112 as-

336 2132 474 2181 signari
500 2143 616 2180 quare
643 2130 769 2179 potius
795 2130 939 2177 populo
961 2129 1191 2166 Iudaeorum
1211 2128 1297 2165 data
1312 2126 1328 2158 β
1355 2128 1401 2165 sit

335 2187 394 2222 lex
418 2197 534 2234 quam
555 2183 635 2220 aliis
654 2182 816 2232 populis,
838 2182 938 2230 quia,
968 2182 1049 2219 aliis
1069 2182 1118 2219 ad
1146 2181 1398 2218 idololatriam

337 2238 621 2283 declinantibus,
652 2237 754 2273 solus
782 2236 947 2284 populus
973 2236 1202 2272 Iudaeorum
1231 2234 1269 2271 in
1297 2234 1398 2272 cultu

335 2292 447 2329 unius
483 2291 556 2328 Dei
590 2289 788 2335 remansit;
819 2297 855 2325 et
887 2288 973 2326 ideo
1003 2287 1063 2325 alii
1092 2287 1224 2337 populi
1259 2287 1399 2336 indigni

337 2352 442 2382 erant
460 2345 583 2392 legem
599 2343 779 2391 recipere,
799 2354 848 2378 ne
868 2349 1041 2378 sanetum
1063 2341 1221 2378 canibus
1235 2340 1397 2378 daretur.

389 2398 466 2434 Sed
482 2397 550 2434 ista
569 2397 663 2433 ratio
685 2395 918 2432 conveniens
937 2407 1016 2431 non
1034 2394 1206 2432 videtur:
1228 2394 1317 2443 quia
1331 2406 1399 2443 po-

334 2451 447 2500 pulus
466 2450 525 2486 ille
546 2449 658 2486 etiam
677 2456 764 2498 post
789 2449 912 2496 legem
932 2449 1059 2495 latam,
1081 2448 1130 2485 ad
1147 2447 1399 2485 idololatriam

337 2503 550 2550 declinavit,
572 2503 676 2551 quod
696 2501 848 2550 gravius
864 2501 949 2547 fuit3
969 2508 1011 2537 ut
1024 2508 1127 2549 patet
1142 2501 1266 2537 Exod.
1286 2512 1398 2547 xxxn3

337 2565 374 2594 et
392 2559 514 2593 Amos
529 2568 552 2592 v
565 2556 600 2592 *ι
626 2555 826 2603 Numquid
842 2554 980 2591 hostias
999 2560 1035 2590 et
1050 2554 1278 2602 sacrificium
1298 2554 1400 2591 obtu-

336 2610 425 2647 listis
459 2609 552 2646 mihi
588 2609 624 2645 in
653 2608 796 2644 deserto
825 2607 1079 2657 quadraginta
1113 2607 1239 2652 annis,
1268 2606 1400 2644 domus

336 2662 484 2700 Israel?
501 2663 552 2699 Et
562 2661 740 2710 portastis
759 2660 1042 2697 tabernaculum
1057 2666 1072 2688 Υ
1086 2660 1243 2697 Moloch
1264 2665 1398 2706 vestro,

337 2722 372 2753 et
389 2716 594 2765 imaginem
622 2714 807 2751 idolorum
826 2719 1048 2760 vestrorum,
1075 2714 1176 2750 sidus
1194 2713 1255 2750 dei
1276 2713 1398 2759 vestri,

337 2778 434 2818 quae
447 2769 593 2817 fecistis
620 2767 735 2804 vobis.
765 2767 953 2815 Expresse
983 2766 1097 2803 etiam
1127 2766 1261 2803 dicitur
1287 2767 1398 2803 Deut.

338 2822 417 2859 1x*:
439 2822 537 2859 Scito
557 2821 658 2870 quod
675 2833 749 2857 non
763 2825 920 2869 propter
939 2820 1094 2856 iustitias
1113 2825 1195 2856 tuas
1213 2819 1400 2856 Dominus

337 2877 440 2912 Deus
465 2881 549 2911 tuus
574 2874 673 2911 dedit
691 2873 756 2910 tibi
778 2878 919 2909 terram
942 2874 1041 2909 hanc
1060 2873 1097 2909 in
1116 2872 1398 2921 possessionem,

337 2941 421 2964 cum
442 2928 664 2964 durissimae
683 2926 837 2963 cervicis
855 2926 904 2962 sis
919 2926 1092 2974 populus.
1114 2925 1191 2975 Sed
1211 2925 1304 2962 ratio
1322 2923 1400 2962 ibi*

337 2981 600 3030 praemittitur:
626 2981 673 3017 Ut
687 2979 890 3028 compleret
900 2980 1057 3015 verbum
1075 2991 1185 3015 suum
1200 2978 1397 3025 Dominus,

338 3035 438 3082 quod
461 3035 530 3070 sub
565 3034 775 3069 iuramento
802 3031 990 3080 pollicitus
1025 3037 1079 3068 est
1099 3031 1271 3080 patribus
1307 3031 1397 3079 tuis,

337 3087 546 3132 Abraham,
574 3087 687 3123 Isaac
714 3091 749 3122 et
774 3086 902 3122 Iacob.

393 3140 502 3185 Quae
531 3147 657 3176 autem
693 3138 894 3187 promissio
931 3138 983 3174 eis
1016 3137 1061 3174 sit
1093 3138 1207 3184 facta,
1237 3136 1400 3174 ostendit

339 3193 556 3239 Apostolus,
577 3193 628 3228 ad
648 3192 770 3228 Galat.
793 3203 827 3228 111
846 3191 878 3238 *,
901 3190 1050 3228 dicens:
1076 3191 1256 3227 Abrahae
1280 3189 1400 3227 dictae

393 3305 419 3336 α)
434 3305 532 3337 faeces.
546 3318 564 3323 -
577 3306 664 3338 fortes
684 3305 845 3336 ACDFGIL,
853 3306 945 3339 faeces
964 3308 990 3330 et
1003 3305 1092 3338 sortes
1111 3305 1163 3336 pss.
1181 3308 1267 3330 sortes
1286 3305 1318 3330 E.

394 3337 513 3380 β)-ᾱαῐα.
528 3353 544 3358 -
563 3340 649 3372 magis
669 3341 733 3364 data
753 3340 864 3365 codices.
876 3354 894 3359 —
913 3341 976 3365 Post
995 3340 1055 3365 aliis
1075 3340 1155 3364 altero
1174 3341 1232 3364 Ioco
1251 3340 1290 3364 Pa
1303 3339 1400 3364 addunt

335 3374 646 3443 Ρφξζιῗαὸενηαειιίωη.
659 3423 677 3427 -
696 3410 868 3435 tabernacula
888 3411 988 3435 codices
1008 3416 1034 3435 et
1051 3418 1068 3436 a
1075 3418 1082 3439 ;
1098 3418 1145 3443 pro
1164 3413 1261 3440 vestro,
1282 3410 1340 3443 regi
1359 3416 1401 3434 ve-

340 3449 397 3470 stro
417 3446 452 3474 K,
474 3445 531 3468 Deo
550 3448 637 3468 vestro
657 3445 716 3468 sssH
736 3450 761 3468 et
779 3452 804 3473 a,
826 3446 878 3469 Dei
897 3446 979 3470 vestri
998 3446 1026 3470 Ρ.

393 3479 417 3511 δ)
437 3480 489 3512 qui.
507 3493 527 3498 -
544 3479 615 3511 quod
634 3479 878 3512 CDEFGHIKLpB.

1450 440 1537 470 sunt
1551 435 1831 482 promissiones,
1851 439 1888 471 et
1902 436 2037 472 semini
2059 436 2149 473 eius.
2175 437 2267 474 Non
2286 438 2383 484 dicit,
2401 440 2510 477 semi-

1452 488 1571 531 nibus,
1595 488 1704 536 quasi
1721 488 1758 524 in
1778 488 1917 525 multis:
1935 489 2002 525 sed
2027 489 2136 536 quasi
2159 489 2197 525 in
2222 501 2310 536 uno,
2328 496 2366 527 et
2381 492 2513 528 smini

1450 545 1533 586 tuo,
1564 541 1630 588 qui
1650 539 1663 562 δ
1691 547 1745 577 est
1775 541 1951 578 Christus.
1981 542 2087 578 Deus
2120 541 2230 589 igitur
2258 550 2293 579 et
2320 543 2444 590 legem
2477 551 2513 580 et

1451 593 1522 629 alia
1555 593 1740 630 beneficia
1768 594 1942 643 specialia
1970 594 2018 630 illi
2049 595 2194 643 populo
2228 595 2395 633 exhibuit
2424 608 2512 644 pro-

1451 653 1533 694 pter
1559 645 1854 694 promissionem
1885 659 2019 684 eorum
2047 647 2215 696 patribus
2241 648 2379 685 factam
2406 657 2449 686 ut
2469 662 2514 687 ex

1451 698 1505 735 eis
1525 698 1695 735 Christus
1724 706 1952 736 nasceretur.
1981 700 2152 737 Decebat
2178 700 2278 736 enim
2305 709 2346 737 ut
2364 701 2425 739 ille
2443 715 2512 751 po-

1450 752 1561 800 pulus
1599 763 1642 787 ex
1673 763 1751 799 quo
1781 751 1952 789 Christus
1980 753 2190 796 nasciturus
2219 761 2314 800 erat,
2344 755 2512 802 quadam

1451 804 1602 852 speciali
1635 803 1929 840 sanctificatione
1967 805 2144 852 polleret3
2176 807 2388 844 secundum
2422 807 2514 846 illud

1451 857 1556 906 quod
1585 857 1719 894 dicitur
1746 857 1863 893 Levit.
1883 868 1944 893 xtx
1963 857 1999 894 *t
2028 858 2158 895 Sancti
2188 860 2300 905 eritis,
2330 860 2418 908 quia
2440 873 2513 911 ego

1450 916 1600 946 sanctus
1626 922 1720 946 sum.
1751 930 1775 937 -
1805 910 1889 946 Nec
1916 909 2030 946 etiam
2057 911 2126 948 fuit
2151 920 2307 961 propter
2334 913 2512 955 meritum

1452 963 1569 1013 ipsius
1608 963 1785 999 Abrahae
1821 969 1863 1008 ut
1895 962 1977 999 talis
2009 963 2212 1011 promissio
2241 964 2276 1001 ei
2310 965 2438 1014 fieret,
2472 974 2514 1008 ut

1452 1016 1591 1052 seilicet
1626 1015 1793 1052 Christus
1827 1027 1872 1051 ex
1901 1014 1980 1051 eius
2008 1016 2152 1053 semine
2181 1025 2416 1055 nasceretur:
2446 1019 2514 1059 sed

1453 1081 1498 1106 ex
1526 1068 1683 1117 gratuita
1712 1067 1894 1104 electione
1913 1073 1926 1088 Ε
1955 1075 1991 1105 et
2007 1069 2221 1106 vocatione.
2251 1070 2361 1107 Unde
2381 1071 2514 1109 dicitur

1453 1122 1570 1158 Isaiae
1591 1121 1698 1158 xt1*:
1734 1121 1823 1163 Quis
1840 1121 2031 1158 suscitavit
2051 1123 2100 1159 ab
2119 1122 2260 1159 oriente
2277 1124 2426 1171 iustum,
2449 1136 2514 1162 vo-

1453 1175 1553 1212 cavit
1577 1186 1662 1211 eum
1692 1180 1731 1210 ut
1757 1179 1973 1222 sequeretur
1998 1174 2064 1210 se?

1507 1228 1570 1264 Sic
1599 1239 1686 1275 ergo
1715 1234 1818 1275 patet
1846 1227 1949 1274 quod
1978 1239 2023 1263 ex
2051 1228 2132 1264 sola
2153 1228 2312 1276 gratuita
2331 1230 2513 1268 electione

1453 1281 1582 1317 Patres
1614 1279 1910 1329 promissionem
1937 1288 2182 1328 acceperunt,
2213 1288 2249 1317 et
2275 1283 2441 1330 populus
2468 1295 2514 1320 ex

1454 1333 1506 1370 eis
1543 1332 1762 1382 progenitus
1799 1333 1923 1379 legem
1965 1333 2133 1382 accepit3
2171 1334 2382 1374 secundum
2421 1335 2514 1373 illud

1453 1386 1664 1423 Deut.1v*:
1694 1385 1857 1422 Audistis
1884 1386 1999 1422 verba
2035 1386 2132 1423 illius
2166 1387 2212 1423 de
2243 1387 2365 1424 medio
2394 1387 2512 1438 ignis,
2541 1395 2551 1404 ·

1442 1440 1541 1488 ,quia
1573 1439 1703 1475 dilexit
1726 1439 1878 1484 Patres,
1906 1444 1944 1474 et
1973 1438 2087 1489 elegit
2114 1451 2239 1476 semen
2271 1452 2403 1477 eorum
2429 1447 2518 1491 post

1454 1492 1545 1529 illos.
1567 1513 1590 1519 -
1613 1492 1650 1528 Si
1671 1499 1797 1528 autem
1818 1503 1946 1528 rursus
1965 1500 2169 1540 quaeratur
2187 1505 2304 1540 quare
2323 1494 2426 1530 hunc
2443 1506 2514 1544 po-

1452 1546 1586 1594 pulum
1621 1544 1728 1592 elegit
1762 1551 1803 1580 ut
1840 1556 1885 1580 ex
1921 1556 1966 1580 eo
2005 1545 2176 1582 Christus
2210 1553 2443 1595 nasceretur,
2478 1555 2514 1584 et

1453 1611 1532 1635 non
1548 1598 1679 1634 alium:
1702 1597 1904 1634 conveniet
1923 1598 2120 1646 responsio
2141 1597 2152 1623 ζ
2169 1599 2380 1648 Augustini,
2396 1611 2514 1649 quam

1455 1651 1543 1688 dicit
1569 1662 1681 1699 super
1707 1652 1815 1687 Ioan.
1839 1649 1877 1686 *τ
1911 1650 2037 1692 Quare
2068 1652 2168 1688 hunc
2194 1652 2320 1688 trahat
2349 1658 2384 1688 et
2410 1652 2515 1690 illum

1454 1716 1529 1741 non
1559 1705 1700 1748 trahat,
1731 1703 1809 1740 noli
1838 1703 1932 1740 velle
1956 1703 2184 1750 diiudicare,
2212 1705 2247 1741 si
2273 1716 2347 1741 non
2374 1705 2430 1742 vis
2455 1716 2515 1742 en-

1453 1769 1552 1794 rare.
1988 1784 2003 1796 2

1507 1812 1565 1846 AD
1594 1821 1730 1846 PRIMUM
1759 1820 1857 1846 ERGO
1876 1820 2060 1846 mensuum
2083 1810 2199 1858 quod,
2221 1809 2396 1858 quamvis
2416 1811 2517 1848 salus

1453 1863 1578 1900 futura
1597 1875 1665 1911 per
1681 1862 1886 1908 Christum,
1903 1869 2001 1899 esset
2019 1862 2200 1899 omnibus
2218 1863 2392 1910 gentibus
2410 1875 2518 1913 prae-

1455 1923 1602 1964 parata3
1627 1923 1754 1952 tamen
1776 1915 1976 1963 oportebat
1995 1927 2040 1951 ex
2058 1927 2136 1952 uno
2155 1916 2302 1964 populo
2322 1915 2516 1959 Christum

1455 1969 1579 2015 nasci,
1608 1968 1674 2016 qui
1708 1975 1864 2017 propter
1891 1969 1966 2005 hoc
1997 1980 2089 2017 prae
2122 1968 2202 2006 aliis
2234 1969 2516 2018 praerogativas

1454 2022 1607 2068 habuit;
1638 2021 1849 2058 secundum
1869 2020 1960 2059 illud
1986 2022 2099 2059 Rom.
2121 2033 2156 2061 1x
2173 2021 2210 2058 *ε
2242 2022 2427 2069 Quorum,
2448 2022 2517 2060 seb·
2543 2033 2553 2043 ·

1453 2075 1538 2111 licet
1570 2074 1822 2121 ludaeorum,
1857 2080 1911 2110 est
1943 2074 2092 2123 adoptio
2114 2074 2289 2122 filiorum
2316 2076 2392 2112 Dei
2417 2080 2455 2124 η,
2479 2081 2520 2113 et

1455 2133 1711 2165 testamentum
1740 2133 1776 2164 et
1792 2127 1997 2177 legislatim·
2020 2139 2181 2176 quorum
2195 2128 2327 2165 Patres
2334 2141 2348 2173 ,·
2370 2140 2421 2165 ex
2437 2129 2518 2178 qui-

1454 2182 1522 2218 hus
1552 2181 1720 2217 Christus
1746 2186 1800 2217 est
1824 2181 2028 2217 secundum
2056 2191 2221 2218 carnem.

1507 2236 1566 2271 AD
1595 2245 1783 2271 sECUNDUM
1811 2245 1995 2270 montinum
2023 2234 2128 2281 quod
2148 2234 2318 2283 aeceptio
2338 2246 2518 2283 persona·-

1450 2299 1539 2323 rum
1565 2288 1695 2323 locum
1722 2287 1837 2324 habet
1864 2286 1902 2323 in
1929 2286 1987 2324 his
2015 2298 2114 2335 quae
2138 2299 2185 2324 ex
2203 2286 2332 2325 debito
2361 2287 2516 2326 dantur:

1453 2340 1491 2376 in
1519 2339 1576 2376 his
1604 2352 1697 2376 vero
1727 2352 1825 2388 quae
1855 2351 1900 2376 ex
1924 2339 2081 2388 gratuita
2104 2341 2301 2378 voluntate
2315 2338 2517 2382 consenui!-

1452 2400 1525 2440 tur,
1554 2393 1723 2442 acceptio
1752 2404 2003 2441 personarum
2023 2393 2152 2430 locum
2168 2405 2251 2430 non
2269 2393 2396 2431 habet.
2425 2395 2518 2432 Non

1455 2446 1557 2483 enim
1588 2454 1642 2482 est
1669 2457 1922 2495 personarum
1949 2453 2128 2494 acceptor
2144 2446 2215 2494 qui
2234 2458 2281 2483 ex
2299 2445 2517 2485 liberalitate

1456 2499 1503 2536 de
1532 2511 1602 2535 suo
1631 2499 1694 2536 dat
1721 2499 1786 2535 uni
1808 2506 1843 2535 et
1862 2510 1941 2536 non
1960 2498 2084 2535 alteri:
2113 2498 2182 2536 sed
2201 2499 2232 2536 si
2251 2506 2349 2536 esset
2367 2499 2516 2549 dispen-

1455 2559 1557 2588 sator
1584 2552 1775 2588 bonorum
1804 2551 2081 2599 communium,
2112 2559 2149 2588 et
2175 2563 2255 2589 non
2281 2551 2518 2590 distribueret

1452 2605 1660 2654 aequaliter
1696 2605 1908 2644 secundum
1946 2604 2081 2642 merita
2111 2616 2384 2653 personarum,
2419 2613 2518 2646 esset

1454 2669 1707 2706 personarum
1728 2665 1906 2706 acceptor
1923 2655 1948 2694 θ.
1979 2657 2164 2694 Salutaria
2183 2665 2311 2695 autem
2331 2658 2518 2698 beneficia

1455 2711 1560 2748 Deus
1584 2711 1755 2748 humano
1783 2710 1911 2758 generi
1933 2711 2077 2747 confert
2105 2722 2148 2747 ex
2169 2723 2237 2749 sua
2256 2710 2385 2759 gratia.
2406 2711 2517 2749 Unde

1454 2776 1534 2801 non
1562 2771 1617 2800 est
1644 2775 1894 2812 personarum
1918 2771 2097 2812 acceptor
2119 2763 2150 2800 si
2177 2763 2408 2812 quibusdam
2422 2775 2518 2813 prae

1455 2817 1533 2854 aliis
1562 2817 1741 2854 conferat.
1766 2817 1878 2854 Unde
1906 2816 2139 2865 Augustinus
2168 2816 2267 2860 dicit,
2287 2816 2326 2854 in
2353 2816 2451 2854 libro
2469 2817 2519 2859 de

1452 2870 1641 2907 Praedest.
1663 2870 1786 2906 Sanct.
1803 2869 1841 2906 *ε
1875 2869 2011 2906 Omnes
2038 2881 2131 2918 quos
2144 2870 2248 2907 Deus
2275 2870 2391 2916 docet,
2411 2870 2519 2908 mise-

1453 2923 1618 2960 ricordia
1646 2923 1771 2960 docet:
1799 2934 1891 2971 quos
1914 2928 2038 2959 autem
2060 2934 2134 2959 non
2153 2922 2269 2970 docet,
2290 2923 2425 2960 iudicio
2438 2934 2518 2963 -non

1453 2977 1568 3013 docet.
1595 2976 1681 3012 Hoc
1701 2975 1803 3012 enim
1822 2975 1927 3012 venit
1947 2987 1992 3012 ex
2012 2975 2256 3013 damnatione
2275 2975 2433 3013 humani
2456 2987 2519 3024 ge-

1454 3029 1554 3066 neris
1582 3041 1652 3078 pro
1679 3035 1838 3077 peccato
1865 3027 1978 3077 primi
2005 3028 2182 3076 parentis.

1506 3084 1565 3119 An
1598 3093 1757 3119 TERTIUM
1791 3093 1975 3118 DICENDUM
2013 3080 2118 3129 quod
2155 3081 2342 3119 beneficia
2378 3080 2518 3130 gratiae

1454 3135 1726 3172 subtrahuntur
1751 3134 1898 3171 homini
1925 3142 2080 3183 propter
2108 3135 2280 3183 culpam:
2310 3134 2377 3172 sed
2404 3134 2518 3172 bene-

1454 3188 1541 3226 ficia
1570 3187 1752 3225 naturalia
1781 3200 1859 3224 non
1888 3187 2170 3224 subtrahuntur.
2197 3188 2297 3224 Inter
2315 3199 2413 3237 quae
2431 3193 2518 3224 sunt

1510 3304 1532 3335 ε)
1552 3303 1684 3328 electione.
1702 3316 1721 3321 -
1740 3303 1792 3328 Dei
1810 3302 1936 3328 electione
1954 3302 2000 3327 Pa.

1509 3337 1534 3371 ζ)
1548 3341 1573 3363 et
1587 3345 1638 3362 non
1652 3338 1751 3362 alium:
1769 3337 1908 3362 conveniet
1921 3337 2065 3370 responsio.
2078 3349 2096 3356 -
2110 3339 2136 3361 et
2150 3335 2214 3368 (om.
2228 3334 2319 3368 EFsss)
2334 3337 2443 3360 notatur
2456 3340 2518 3359 con-

1457 3373 1563 3398 veniens
1582 3373 1720 3406 responsio
1732 3372 1940 3403 ABCDEFGIL;
1959 3376 1985 3397 et
2005 3379 2056 3398 non
2075 3371 2167 3400 alium.
2181 3372 2292 3396 nomu-
2303 3369 2460 3395 eonmiens
2473 3376 2518 3394 ra-

1457 3409 1494 3434 tio
1514 3409 1549 3440 K3
1569 3412 1595 3434 et
1613 3411 1741 3433 notanter
1760 3407 1798 3442 (et
1816 3411 1856 3433 est
1875 3407 1924 3439 εΗ)
1942 3405 2252 3438 conveniensrespomio
2264 3405 2304 3430 ιΗ.

1510 3444 1536 3477 η)
1558 3444 1617 3469 Dei.
1635 3457 1654 3463 —
1672 3447 1698 3469 et
1715 3444 1806 3477 glorta
1825 3443 1880 3474 EF;
1900 3450 1948 3475 pro
1967 3449 2011 3472 ex,
2030 3445 2057 3468 et
2075 3448 2112 3466 ex
2130 3441 2184 3467 Ex.

1511 3478 1534 3512 0)
1554 3482 1686 3511 acceptor.
1703 3492 1723 3498 -
1740 3478 1858 3511 acceptIo
1877 3476 2092 3503 ABGDEFGlKL
2110 3475 2151 3502 hic
2170 3480 2195 3501 et
2213 3474 2327 3500 inferius.

2539 1663 2551 1675 ⁸
2567 1662 2649 1685 Τηα.

2540 871 2550 880 ·
2569 869 2636 892 Vers-
2650 875 2672 892 a.
2687 881 2698 887 -
2714 870 2751 893 ef.

2540 901 2593 923 etp.
2602 901 2703 924 maen.
2715 902 2752 925 ⁴5·

2543 1133 2551 1142 ·
2566 1131 2632 1154 vm.
2646 1137 2668 1155 2.

2565 1395 2634 1418 Vm.
2648 1396 2676 1425 ³⁶
2689 1401 2726 1424 eq.

2568 2031 2636 2055 Vm.
2649 2038 2666 2060 4
2679 2037 2715 2061 ις.

2545 2877 2556 2886 ·
2571 2876 2629 2904 Cup.
2642 2882 2694 2899 vm.
