<?xml version="1.0" encoding="UTF-8"?>
<!DOCTYPE html PUBLIC "-//W3C//DTD XHTML 1.0 Transitional//EN"
    "http://www.w3.org/TR/xhtml1/DTD/xhtml1-transitional.dtd">
<html xmlns="http://www.w3.org/1999/xhtml" xml:lang="en" lang="en">
 <head>
  <title>
</title>
<meta http-equiv="Content-Type" content="text/html;charset=utf-8" />
  <meta name='ocr-system' content='tesseract 3.04.00' />
  <meta name='ocr-capabilities' content='ocr_page ocr_carea ocr_par ocr_line ocrx_word'/>
</head>
<body>
  <div class='ocr_page' id='page_1' title='image "./operaomniaiussui07thom_0095.png"; bbox 0 0 2840 4010; ppageno 0'>
   <div class='ocr_carea' id='block_1_1' title="bbox 21 793 230 821">
    <p class='ocr_par' dir='ltr' id='par_1_1' title="bbox 21 793 230 821">
     <span class='ocr_line' id='line_1_1' title="bbox 21 793 230 821; baseline 0 -6"><span class='ocrx_word' id='word_1_1' title='bbox 21 794 32 804; x_wconf 76' lang='grc'><strong>’</strong></span> <span class='ocrx_word' id='word_1_2' title='bbox 46 793 81 816; x_wconf 79' lang='lat' dir='ltr'>ef.</span> <span class='ocrx_word' id='word_1_3' title='bbox 97 799 136 821; x_wconf 82' lang='lat' dir='ltr'>qu.</span> <span class='ocrx_word' id='word_1_4' title='bbox 150 799 230 821; x_wconf 65' lang='lat' dir='ltr'>Lxxxx,</span> 
     </span>
    </p>
   </div>
   <div class='ocr_carea' id='block_1_2' title="bbox 926 170 1759 235">
    <p class='ocr_par' dir='ltr' id='par_1_2' title="bbox 926 170 1759 235">
     <span class='ocr_line' id='line_1_2' title="bbox 926 170 1759 235; baseline 0.006 -15"><span class='ocrx_word' id='word_1_5' title='bbox 926 184 1189 230; x_wconf 80' lang='lat' dir='ltr'>QUAESTIO</span> <span class='ocrx_word' id='word_1_6' title='bbox 1219 186 1392 235; x_wconf 82' lang='lat' dir='ltr'><strong>LXXXI,</strong></span> <span class='ocrx_word' id='word_1_7' title='bbox 1422 170 1716 225; x_wconf 81' lang='lat' dir='ltr'>ARTICULUS</span> <span class='ocrx_word' id='word_1_8' title='bbox 1746 189 1759 224; x_wconf 95' lang='grc' dir='ltr'>Ι</span> 
     </span>
    </p>
   </div>
   <div class='ocr_carea' id='block_1_3' title="bbox 524 389 2159 566">
    <p class='ocr_par' dir='ltr' id='par_1_3' title="bbox 524 389 2159 566">
     <span class='ocr_line' id='line_1_3' title="bbox 734 389 1956 466; baseline 0.007 -22"><span class='ocrx_word' id='word_1_9' title='bbox 734 389 1140 466; x_wconf 75' lang='lat' dir='ltr'>QUAEsTto</span> <span class='ocrx_word' id='word_1_10' title='bbox 1180 390 1956 451; x_wconf 73' lang='lat' dir='ltr'>ocToGEsmAPRMA</span> 
     </span>
     <span class='ocr_line' id='line_1_4' title="bbox 524 515 2159 566; baseline 0.006 -11"><span class='ocrx_word' id='word_1_11' title='bbox 524 516 623 556; x_wconf 88' lang='lat' dir='ltr'>DE</span> <span class='ocrx_word' id='word_1_12' title='bbox 672 515 933 556; x_wconf 87' lang='lat' dir='ltr'>CAUSA</span> <span class='ocrx_word' id='word_1_13' title='bbox 980 515 1325 556; x_wconf 86' lang='lat' dir='ltr'>PECCATI</span> <span class='ocrx_word' id='word_1_14' title='bbox 1374 518 1469 557; x_wconf 88' lang='lat' dir='ltr'>EX</span> <span class='ocrx_word' id='word_1_15' title='bbox 1515 520 1772 561; x_wconf 90' lang='lat' dir='ltr'>PARTE</span> <span class='ocrx_word' id='word_1_16' title='bbox 1817 523 2159 566; x_wconf 89' lang='lat' dir='ltr'>HOMINIS</span> 
     </span>
    </p>
   </div>
   <div class='ocr_carea' id='block_1_4' title="bbox 1049 630 1641 661">
    <p class='ocr_par' dir='ltr' id='par_1_4' title="bbox 1049 630 1641 661">
     <span class='ocr_line' id='line_1_5' title="bbox 1049 630 1641 661; baseline 0.007 -7"><span class='ocrx_word' id='word_1_17' title='bbox 1049 630 1084 654; x_wconf 89' lang='lat' dir='ltr'>IN</span> <span class='ocrx_word' id='word_1_18' title='bbox 1113 630 1272 661; x_wconf 70' lang='lat' dir='ltr'><strong>QUINQUE</strong></span> <span class='ocrx_word' id='word_1_19' title='bbox 1299 631 1498 656; x_wconf 87' lang='lat' dir='ltr'>ARTICULOS</span> <span class='ocrx_word' id='word_1_20' title='bbox 1526 633 1641 658; x_wconf 84' lang='lat' dir='ltr'>DIVISA</span> 
     </span>
    </p>
   </div>
   <div class='ocr_carea' id='block_1_5' title="bbox 257 731 1316 1095">
    <p class='ocr_par' dir='ltr' id='par_1_5' title="bbox 257 731 1316 1095">
     <span class='ocr_line' id='line_1_6' title="bbox 343 731 1316 780; baseline -0.001 -11"><span class='ocrx_word' id='word_1_21' title='bbox 343 744 450 769; x_wconf 75' lang='lat' dir='ltr'>EINDE</span> <span class='ocrx_word' id='word_1_22' title='bbox 478 732 792 769; x_wconf 88' lang='lat' dir='ltr'>considerandum</span> <span class='ocrx_word' id='word_1_23' title='bbox 816 738 871 767; x_wconf 87' lang='lat' dir='ltr'>est</span> <span class='ocrx_word' id='word_1_24' title='bbox 900 731 947 767; x_wconf 93' lang='lat' dir='ltr'>de</span> <span class='ocrx_word' id='word_1_25' title='bbox 972 743 1085 768; x_wconf 81' lang='lat' dir='ltr'>causa</span> <span class='ocrx_word' id='word_1_26' title='bbox 1107 731 1251 780; x_wconf 69' lang='lat' dir='ltr'>pcccati</span> <span class='ocrx_word' id='word_1_27' title='bbox 1271 744 1316 768; x_wconf 88' lang='lat' dir='ltr'>ex</span> 
     </span>
     <span class='ocr_line' id='line_1_7' title="bbox 262 742 1315 834; baseline -0.004 -10"><span class='ocrx_word' id='word_1_28' title='bbox 262 742 447 834; x_wconf 85' lang='lat' dir='ltr'>Dparte</span> <span class='ocrx_word' id='word_1_29' title='bbox 474 784 638 821; x_wconf 90' lang='lat' dir='ltr'>hominis</span> <span class='ocrx_word' id='word_1_30' title='bbox 654 785 686 820; x_wconf 82' lang='grc'>*.</span> <span class='ocrx_word' id='word_1_31' title='bbox 713 784 813 820; x_wconf 91' lang='lat' dir='ltr'>Cum</span> <span class='ocrx_word' id='word_1_32' title='bbox 837 791 965 820; x_wconf 89' lang='lat' dir='ltr'>autem</span> <span class='ocrx_word' id='word_1_33' title='bbox 993 785 1111 820; x_wconf 88' lang='lat' dir='ltr'>homo</span> <span class='ocrx_word' id='word_1_34' title='bbox 1137 784 1182 820; x_wconf 91' lang='lat' dir='ltr'>sit</span> <span class='ocrx_word' id='word_1_35' title='bbox 1201 796 1315 820; x_wconf 89' lang='lat' dir='ltr'>causa</span> 
     </span>
     <span class='ocr_line' id='line_1_8' title="bbox 258 836 1316 886; baseline -0.002 -12"><span class='ocrx_word' id='word_1_36' title='bbox 258 838 404 886; x_wconf 89' lang='lat' dir='ltr'>peccati</span> <span class='ocrx_word' id='word_1_37' title='bbox 431 837 535 874; x_wconf 92' lang='lat' dir='ltr'>alteri</span> <span class='ocrx_word' id='word_1_38' title='bbox 567 836 713 873; x_wconf 90' lang='lat' dir='ltr'>homini</span> <span class='ocrx_word' id='word_1_39' title='bbox 748 837 907 873; x_wconf 89' lang='lat' dir='ltr'>exterius</span> <span class='ocrx_word' id='word_1_40' title='bbox 936 836 1191 884; x_wconf 87' lang='lat' dir='ltr'>suggerendo,</span> <span class='ocrx_word' id='word_1_41' title='bbox 1221 836 1316 872; x_wconf 92' lang='lat' dir='ltr'>sicut</span> 
     </span>
     <span class='ocr_line' id='line_1_9' title="bbox 260 889 1312 938; baseline -0.001 -12"><span class='ocrx_word' id='word_1_42' title='bbox 260 898 296 926; x_wconf 92' lang='lat' dir='ltr'>et</span> <span class='ocrx_word' id='word_1_43' title='bbox 324 890 514 937; x_wconf 86' lang='lat' dir='ltr'>diabolus,</span> <span class='ocrx_word' id='word_1_44' title='bbox 542 889 657 926; x_wconf 90' lang='lat' dir='ltr'>habet</span> <span class='ocrx_word' id='word_1_45' title='bbox 689 889 880 938; x_wconf 85' lang='lat' dir='ltr'>quendam</span> <span class='ocrx_word' id='word_1_46' title='bbox 915 889 1118 937; x_wconf 86' lang='lat' dir='ltr'><strong>specialem</strong></span> <span class='ocrx_word' id='word_1_47' title='bbox 1152 889 1312 925; x_wconf 90' lang='lat' dir='ltr'>modum</span> 
     </span>
     <span class='ocr_line' id='line_1_10' title="bbox 260 941 1312 990; baseline -0.002 -11"><span class='ocrx_word' id='word_1_48' title='bbox 260 941 438 979; x_wconf 89' lang='lat' dir='ltr'>causandi</span> <span class='ocrx_word' id='word_1_49' title='bbox 455 949 655 990; x_wconf 89' lang='lat' dir='ltr'>peccatum</span> <span class='ocrx_word' id='word_1_50' title='bbox 671 942 710 978; x_wconf 90' lang='lat' dir='ltr'>in</span> <span class='ocrx_word' id='word_1_51' title='bbox 728 943 886 979; x_wconf 89' lang='lat' dir='ltr'>alterum</span> <span class='ocrx_word' id='word_1_52' title='bbox 903 954 973 990; x_wconf 91' lang='lat' dir='ltr'>per</span> <span class='ocrx_word' id='word_1_53' title='bbox 990 942 1185 990; x_wconf 87' lang='lat' dir='ltr'>originem.</span> <span class='ocrx_word' id='word_1_54' title='bbox 1202 941 1312 978; x_wconf 90' lang='lat' dir='ltr'>Unde</span> 
     </span>
     <span class='ocr_line' id='line_1_11' title="bbox 260 994 1312 1044; baseline -0.002 -13"><span class='ocrx_word' id='word_1_55' title='bbox 260 994 306 1031; x_wconf 89' lang='lat' dir='ltr'>de</span> <span class='ocrx_word' id='word_1_56' title='bbox 333 1001 490 1044; x_wconf 88' lang='lat' dir='ltr'>peccato</span> <span class='ocrx_word' id='word_1_57' title='bbox 519 994 689 1042; x_wconf 84' lang='lat' dir='ltr'>originali</span> <span class='ocrx_word' id='word_1_58' title='bbox 717 994 921 1032; x_wconf 91' lang='lat' dir='ltr'>dicendum</span> <span class='ocrx_word' id='word_1_59' title='bbox 947 1002 1012 1031; x_wconf 91' lang='lat' dir='ltr'>est.</span> <span class='ocrx_word' id='word_1_60' title='bbox 1043 994 1152 1031; x_wconf 88' lang='lat' dir='ltr'>Circa</span> <span class='ocrx_word' id='word_1_61' title='bbox 1171 994 1276 1042; x_wconf 93' lang='lat' dir='ltr'>quod</span> <span class='ocrx_word' id='word_1_62' title='bbox 1295 999 1312 1015; x_wconf 82' lang='lat'>⁶¹</span> 
     </span>
     <span class='ocr_line' id='line_1_12' title="bbox 257 1046 1312 1095; baseline -0.001 -12"><span class='ocrx_word' id='word_1_63' title='bbox 257 1046 327 1084; x_wconf 85' lang='lat' dir='ltr'>tria</span> <span class='ocrx_word' id='word_1_64' title='bbox 355 1046 631 1084; x_wconf 89' lang='lat' dir='ltr'>consideranda</span> <span class='ocrx_word' id='word_1_65' title='bbox 654 1055 876 1084; x_wconf 87' lang='lat' dir='ltr'>occurrunt:</span> <span class='ocrx_word' id='word_1_66' title='bbox 905 1047 1041 1095; x_wconf 88' lang='lat' dir='ltr'>primo,</span> <span class='ocrx_word' id='word_1_67' title='bbox 1072 1047 1118 1083; x_wconf 92' lang='lat' dir='ltr'>de</span> <span class='ocrx_word' id='word_1_68' title='bbox 1143 1046 1222 1082; x_wconf 89' lang='lat' dir='ltr'>eius</span> <span class='ocrx_word' id='word_1_69' title='bbox 1241 1053 1312 1083; x_wconf 87' lang='lat' dir='ltr'>tra-</span> 
     </span>
    </p>
   </div>
   <div class='ocr_carea' id='block_1_6' title="bbox 188 1098 1311 1190">
    <p class='ocr_par' dir='ltr' id='par_1_6' title="bbox 188 1098 1311 1190">
     <span class='ocr_line' id='line_1_13' title="bbox 188 1098 1311 1147; baseline -0.001 -10"><span class='ocrx_word' id='word_1_70' title='bbox 188 1123 195 1130; x_wconf 90' lang='lat'><strong>·</strong></span> <span class='ocrx_word' id='word_1_71' title='bbox 258 1099 453 1144; x_wconf 81' lang='lat' dir='ltr'>ductione3</span> <span class='ocrx_word' id='word_1_72' title='bbox 483 1100 665 1147; x_wconf 90' lang='lat' dir='ltr'>secundo,</span> <span class='ocrx_word' id='word_1_73' title='bbox 695 1100 743 1136; x_wconf 91' lang='lat' dir='ltr'>de</span> <span class='ocrx_word' id='word_1_74' title='bbox 772 1100 851 1136; x_wconf 90' lang='lat' dir='ltr'>eius</span> <span class='ocrx_word' id='word_1_75' title='bbox 871 1100 1031 1136; x_wconf 89' lang='lat' dir='ltr'>essentia</span> <span class='ocrx_word' id='word_1_76' title='bbox 1049 1099 1084 1145; x_wconf 76' lang='grc'>*;</span> <span class='ocrx_word' id='word_1_77' title='bbox 1114 1098 1233 1145; x_wconf 88' lang='lat' dir='ltr'>tertio,</span> <span class='ocrx_word' id='word_1_78' title='bbox 1265 1099 1311 1136; x_wconf 93' lang='lat' dir='ltr'>de</span> 
     </span>
     <span class='ocr_line' id='line_1_14' title="bbox 197 1152 584 1190; baseline 0 -1"><span class='ocrx_word' id='word_1_79' title='bbox 197 1176 204 1183; x_wconf 88' lang='lat'><em>-</em></span> <span class='ocrx_word' id='word_1_80' title='bbox 257 1153 337 1190; x_wconf 86' lang='lat' dir='ltr'>eius</span> <span class='ocrx_word' id='word_1_81' title='bbox 365 1152 534 1189; x_wconf 90' lang='lat' dir='ltr'>subiecto</span> <span class='ocrx_word' id='word_1_82' title='bbox 553 1152 584 1189; x_wconf 69' lang='lat'>⁷¹².</span> 
     </span>
    </p>
   </div>
   <div class='ocr_carea' id='block_1_7' title="bbox 253 1205 1310 1359">
    <p class='ocr_par' dir='ltr' id='par_1_7' title="bbox 253 1205 1310 1359">
     <span class='ocr_line' id='line_1_15' title="bbox 258 1205 1026 1254; baseline -0.003 -12"><span class='ocrx_word' id='word_1_83' title='bbox 258 1205 368 1242; x_wconf 91' lang='lat' dir='ltr'>Circa</span> <span class='ocrx_word' id='word_1_84' title='bbox 395 1205 560 1254; x_wconf 86' lang='lat' dir='ltr'>primurn</span> <span class='ocrx_word' id='word_1_85' title='bbox 589 1213 820 1254; x_wconf 89' lang='lat' dir='ltr'>quaeruntur</span> <span class='ocrx_word' id='word_1_86' title='bbox 848 1205 1026 1253; x_wconf 89' lang='lat' dir='ltr'>quinque.</span> 
     </span>
     <span class='ocr_line' id='line_1_16' title="bbox 253 1257 1310 1307; baseline 0 -12"><span class='ocrx_word' id='word_1_87' title='bbox 253 1285 263 1287; x_wconf 59' lang='lat'><em>&gt;</em></span> <span class='ocrx_word' id='word_1_88' title='bbox 295 1258 456 1295; x_wconf 65' lang='lat' dir='ltr'>Primo}</span> <span class='ocrx_word' id='word_1_89' title='bbox 478 1261 612 1295; x_wconf 65' lang='lat' dir='ltr'>‘utrum</span> <span class='ocrx_word' id='word_1_90' title='bbox 639 1258 807 1307; x_wconf 88' lang='lat' dir='ltr'>primum</span> <span class='ocrx_word' id='word_1_91' title='bbox 834 1265 1033 1306; x_wconf 87' lang='lat' dir='ltr'>peccatum</span> <span class='ocrx_word' id='word_1_92' title='bbox 1062 1257 1227 1294; x_wconf 90' lang='lat' dir='ltr'>hominis</span> <span class='ocrx_word' id='word_1_93' title='bbox 1247 1259 1310 1295; x_wconf 88' lang='lat' dir='ltr'>de-</span> 
     </span>
     <span class='ocr_line' id='line_1_17' title="bbox 362 1310 1088 1359; baseline -0.003 -11"><span class='ocrx_word' id='word_1_94' title='bbox 362 1311 504 1348; x_wconf 89' lang='lat' dir='ltr'>rivetur</span> <span class='ocrx_word' id='word_1_95' title='bbox 530 1323 599 1359; x_wconf 90' lang='lat' dir='ltr'>per</span> <span class='ocrx_word' id='word_1_96' title='bbox 626 1311 810 1358; x_wconf 86' lang='lat' dir='ltr'>originem</span> <span class='ocrx_word' id='word_1_97' title='bbox 839 1310 878 1347; x_wconf 91' lang='lat' dir='ltr'>in</span> <span class='ocrx_word' id='word_1_98' title='bbox 904 1317 1088 1358; x_wconf 90' lang='lat' dir='ltr'>posteros.</span> 
     </span>
    </p>
   </div>
   <div class='ocr_carea' id='block_1_8' title="bbox 1420 734 2420 1136">
    <p class='ocr_par' dir='ltr' id='par_1_8' title="bbox 1423 734 2420 901">
     <span class='ocr_line' id='line_1_18' title="bbox 1423 734 2420 790; baseline 0.01 -21"><span class='ocrx_word' id='word_1_99' title='bbox 1423 734 1616 771; x_wconf 88' lang='lat' dir='ltr'>Secundo:</span> <span class='ocrx_word' id='word_1_100' title='bbox 1646 743 1773 772; x_wconf 87' lang='lat' dir='ltr'>utrum</span> <span class='ocrx_word' id='word_1_101' title='bbox 1802 738 1931 774; x_wconf 91' lang='lat' dir='ltr'>omnia</span> <span class='ocrx_word' id='word_1_102' title='bbox 1949 739 2019 776; x_wconf 91' lang='lat' dir='ltr'>alia</span> <span class='ocrx_word' id='word_1_103' title='bbox 2037 748 2191 788; x_wconf 89' lang='lat' dir='ltr'>peccata</span> <span class='ocrx_word' id='word_1_104' title='bbox 2214 741 2327 790; x_wconf 89' lang='lat' dir='ltr'>primi</span> <span class='ocrx_word' id='word_1_105' title='bbox 2353 754 2420 790; x_wconf 90' lang='lat' dir='ltr'>pa-</span> 
     </span>
     <span class='ocr_line' id='line_1_19' title="bbox 1474 793 2420 848; baseline 0.01 -20"><span class='ocrx_word' id='word_1_106' title='bbox 1474 793 1599 841; x_wconf 88' lang='lat' dir='ltr'>rentis,</span> <span class='ocrx_word' id='word_1_107' title='bbox 1622 795 1685 831; x_wconf 93' lang='lat' dir='ltr'>vel</span> <span class='ocrx_word' id='word_1_108' title='bbox 1704 795 1816 832; x_wconf 90' lang='lat' dir='ltr'>etiam</span> <span class='ocrx_word' id='word_1_109' title='bbox 1844 796 2004 834; x_wconf 88' lang='lat' dir='ltr'>aliorum</span> <span class='ocrx_word' id='word_1_110' title='bbox 2031 806 2240 848; x_wconf 91' lang='lat' dir='ltr'>parentum,</span> <span class='ocrx_word' id='word_1_111' title='bbox 2259 812 2329 848; x_wconf 90' lang='lat' dir='ltr'>per</span> <span class='ocrx_word' id='word_1_112' title='bbox 2348 800 2420 837; x_wconf 92' lang='lat' dir='ltr'>ori-</span> 
     </span>
     <span class='ocr_line' id='line_1_20' title="bbox 1473 851 2119 901; baseline 0.009 -14"><span class='ocrx_word' id='word_1_113' title='bbox 1473 851 1598 898; x_wconf 89' lang='lat' dir='ltr'>ginem</span> <span class='ocrx_word' id='word_1_114' title='bbox 1627 852 1664 888; x_wconf 92' lang='lat' dir='ltr'>in</span> <span class='ocrx_word' id='word_1_115' title='bbox 1691 861 1864 901; x_wconf 90' lang='lat' dir='ltr'>posteros</span> <span class='ocrx_word' id='word_1_116' title='bbox 1893 855 2119 893; x_wconf 89' lang='lat' dir='ltr'>deriventur.</span> 
     </span>
    </p>

    <p class='ocr_par' dir='ltr' id='par_1_9' title="bbox 1421 910 2420 1064">
     <span class='ocr_line' id='line_1_21' title="bbox 1421 910 2419 962; baseline 0.009 -16"><span class='ocrx_word' id='word_1_117' title='bbox 1421 910 1566 947; x_wconf 87' lang='lat' dir='ltr'>Tertio:</span> <span class='ocrx_word' id='word_1_118' title='bbox 1597 918 1723 948; x_wconf 91' lang='lat' dir='ltr'>utrum</span> <span class='ocrx_word' id='word_1_119' title='bbox 1747 921 1945 961; x_wconf 90' lang='lat' dir='ltr'>peccatum</span> <span class='ocrx_word' id='word_1_120' title='bbox 1966 915 2142 962; x_wconf 86' lang='lat' dir='ltr'>originale</span> <span class='ocrx_word' id='word_1_121' title='bbox 2163 916 2352 954; x_wconf 91' lang='lat' dir='ltr'>derivetur</span> <span class='ocrx_word' id='word_1_122' title='bbox 2370 918 2419 955; x_wconf 93' lang='lat' dir='ltr'>ad</span> 
     </span>
     <span class='ocr_line' id='line_1_22' title="bbox 1473 971 2420 1024; baseline 0.008 -19"><span class='ocrx_word' id='word_1_123' title='bbox 1473 981 1607 1006; x_wconf 90' lang='lat' dir='ltr'>omnes</span> <span class='ocrx_word' id='word_1_124' title='bbox 1636 971 1701 1018; x_wconf 91' lang='lat' dir='ltr'>qui</span> <span class='ocrx_word' id='word_1_125' title='bbox 1731 983 1774 1007; x_wconf 87' lang='lat' dir='ltr'>ex</span> <span class='ocrx_word' id='word_1_126' title='bbox 1802 972 1926 1009; x_wconf 88' lang='lat' dir='ltr'>Adam</span> <span class='ocrx_word' id='word_1_127' title='bbox 1953 985 2022 1021; x_wconf 88' lang='lat' dir='ltr'>per</span> <span class='ocrx_word' id='word_1_128' title='bbox 2047 974 2150 1010; x_wconf 91' lang='lat' dir='ltr'>viam</span> <span class='ocrx_word' id='word_1_129' title='bbox 2177 976 2330 1012; x_wconf 90' lang='lat' dir='ltr'>seminis</span> <span class='ocrx_word' id='word_1_130' title='bbox 2358 989 2420 1024; x_wconf 89' lang='lat' dir='ltr'>ge—</span> 
     </span>
     <span class='ocr_line' id='line_1_23' title="bbox 1472 1034 1661 1064; baseline 0.016 -3"><span class='ocrx_word' id='word_1_131' title='bbox 1472 1034 1661 1064; x_wconf 89' lang='lat' dir='ltr'>nerantur.</span> 
     </span>
    </p>

    <p class='ocr_par' dir='ltr' id='par_1_10' title="bbox 1420 1082 2420 1136">
     <span class='ocr_line' id='line_1_24' title="bbox 1420 1082 2420 1136; baseline 0.009 -19"><span class='ocrx_word' id='word_1_132' title='bbox 1420 1082 1581 1128; x_wconf 88' lang='lat' dir='ltr'>Quarto:</span> <span class='ocrx_word' id='word_1_133' title='bbox 1611 1091 1735 1121; x_wconf 90' lang='lat' dir='ltr'>utrum</span> <span class='ocrx_word' id='word_1_134' title='bbox 1766 1085 1997 1124; x_wconf 85' lang='lat' dir='ltr'>derivaretur</span> <span class='ocrx_word' id='word_1_135' title='bbox 2024 1088 2072 1125; x_wconf 89' lang='lat' dir='ltr'>ad</span> <span class='ocrx_word' id='word_1_136' title='bbox 2099 1088 2182 1125; x_wconf 93' lang='lat' dir='ltr'>illos</span> <span class='ocrx_word' id='word_1_137' title='bbox 2210 1089 2275 1136; x_wconf 92' lang='lat' dir='ltr'>qui</span> <span class='ocrx_word' id='word_1_138' title='bbox 2308 1089 2420 1126; x_wconf 92' lang='lat' dir='ltr'>mira-</span> 
     </span>
    </p>
   </div>
   <div class='ocr_carea' id='block_1_9' title="bbox 1472 1140 2419 1235">
    <p class='ocr_par' dir='ltr' id='par_1_11' title="bbox 1472 1140 2419 1235">
     <span class='ocr_line' id='line_1_25' title="bbox 1473 1140 2419 1194; baseline 0.008 -19"><span class='ocrx_word' id='word_1_139' title='bbox 1473 1140 1600 1176; x_wconf 92' lang='lat' dir='ltr'>culose</span> <span class='ocrx_word' id='word_1_140' title='bbox 1630 1153 1674 1177; x_wconf 88' lang='lat' dir='ltr'>ex</span> <span class='ocrx_word' id='word_1_141' title='bbox 1702 1141 1826 1190; x_wconf 86' lang='lat' dir='ltr'>aliqua</span> <span class='ocrx_word' id='word_1_142' title='bbox 1844 1151 1950 1191; x_wconf 87' lang='lat' dir='ltr'>parte</span> <span class='ocrx_word' id='word_1_143' title='bbox 1969 1144 2125 1182; x_wconf 91' lang='lat' dir='ltr'>humani</span> <span class='ocrx_word' id='word_1_144' title='bbox 2141 1146 2321 1194; x_wconf 78' lang='lat' dir='ltr'>corporis</span> <span class='ocrx_word' id='word_1_145' title='bbox 2344 1147 2419 1183; x_wconf 88' lang='lat' dir='ltr'>for-</span> 
     </span>
     <span class='ocr_line' id='line_1_26' title="bbox 1472 1205 1676 1235; baseline 0.015 -3"><span class='ocrx_word' id='word_1_146' title='bbox 1472 1205 1676 1235; x_wconf 84' lang='lat' dir='ltr'>marentur.</span> 
     </span>
    </p>
   </div>
   <div class='ocr_carea' id='block_1_10' title="bbox 1419 1254 2417 1365">
    <p class='ocr_par' dir='ltr' id='par_1_12' title="bbox 1419 1254 2417 1365">
     <span class='ocr_line' id='line_1_27' title="bbox 1419 1254 2417 1307; baseline 0.007 -17"><span class='ocrx_word' id='word_1_147' title='bbox 1419 1254 1576 1300; x_wconf 87' lang='lat' dir='ltr'>Quinto:</span> <span class='ocrx_word' id='word_1_148' title='bbox 1604 1263 1733 1292; x_wconf 91' lang='lat' dir='ltr'>utrum</span> <span class='ocrx_word' id='word_1_149' title='bbox 1762 1256 1791 1292; x_wconf 93' lang='lat' dir='ltr'>si</span> <span class='ocrx_word' id='word_1_150' title='bbox 1819 1257 1960 1294; x_wconf 86' lang='lat' dir='ltr'>femina</span> <span class='ocrx_word' id='word_1_151' title='bbox 1987 1266 2194 1307; x_wconf 86' lang='lat' dir='ltr'>peccasset,</span> <span class='ocrx_word' id='word_1_152' title='bbox 2228 1259 2310 1296; x_wconf 89' lang='lat' dir='ltr'>viro</span> <span class='ocrx_word' id='word_1_153' title='bbox 2339 1272 2417 1297; x_wconf 94' lang='lat' dir='ltr'>non</span> 
     </span>
     <span class='ocr_line' id='line_1_28' title="bbox 1470 1313 2392 1365; baseline 0.008 -18"><span class='ocrx_word' id='word_1_154' title='bbox 1470 1319 1663 1360; x_wconf 83' lang='lat' dir='ltr'>peccante,</span> <span class='ocrx_word' id='word_1_155' title='bbox 1692 1313 1949 1350; x_wconf 86' lang='lat' dir='ltr'>traduceretur</span> <span class='ocrx_word' id='word_1_156' title='bbox 1976 1314 2154 1362; x_wconf 88' lang='lat' dir='ltr'>originale</span> <span class='ocrx_word' id='word_1_157' title='bbox 2181 1324 2392 1365; x_wconf 88' lang='lat' dir='ltr'>peccatum.</span> 
     </span>
    </p>
   </div>
   <div class='ocr_carea' id='block_1_11' title="bbox 1065 1426 1617 1470">
    <p class='ocr_par' dir='ltr' id='par_1_13' title="bbox 1065 1426 1617 1470">
     <span class='ocr_line' id='line_1_29' title="bbox 1065 1426 1617 1470; baseline 0.004 -2"><span class='ocrx_word' id='word_1_158' title='bbox 1065 1426 1278 1468; x_wconf 91' lang='lat' dir='ltr'>ARTICU</span> <span class='ocrx_word' id='word_1_159' title='bbox 1285 1427 1382 1469; x_wconf 92' lang='lat' dir='ltr'>LUS</span> <span class='ocrx_word' id='word_1_160' title='bbox 1414 1428 1617 1470; x_wconf 85' lang='lat' dir='ltr'>PRIMUS</span> 
     </span>
    </p>
   </div>
   <div class='ocr_carea' id='block_1_12' title="bbox 519 1527 2152 1603">
    <p class='ocr_par' dir='ltr' id='par_1_14' title="bbox 519 1527 2152 1603">
     <span class='ocr_line' id='line_1_30' title="bbox 519 1527 2152 1603; baseline 0.002 -43"><span class='ocrx_word' id='word_1_161' title='bbox 519 1529 673 1560; x_wconf 88' lang='lat' dir='ltr'><strong>UTRUM</strong></span> <span class='ocrx_word' id='word_1_162' title='bbox 697 1528 864 1559; x_wconf 90' lang='lat' dir='ltr'>PRIMUM</span> <span class='ocrx_word' id='word_1_163' title='bbox 888 1527 1124 1559; x_wconf 84' lang='lat' dir='ltr'>PECCATUM</span> <span class='ocrx_word' id='word_1_164' title='bbox 1147 1527 1496 1603; x_wconf 38' lang='lat' dir='ltr'>Pliffldlpggssglgglss</span> <span class='ocrx_word' id='word_1_165' title='bbox 1519 1530 1818 1561; x_wconf 88' lang='lat' dir='ltr'><strong>TRADUCATUR</strong></span> <span class='ocrx_word' id='word_1_166' title='bbox 1841 1532 1923 1562; x_wconf 92' lang='lat' dir='ltr'>PER</span> <span class='ocrx_word' id='word_1_167' title='bbox 1942 1531 2152 1564; x_wconf 91' lang='lat' dir='ltr'>ORIGINEM</span> 
     </span>
    </p>
   </div>
   <div class='ocr_carea' id='block_1_13' title="bbox 468 1659 2204 1727">
    <p class='ocr_par' dir='ltr' id='par_1_15' title="bbox 468 1659 2204 1727">
     <span class='ocr_line' id='line_1_31' title="bbox 468 1659 2204 1696; baseline 0.002 -11"><span class='ocrx_word' id='word_1_168' title='bbox 468 1661 488 1685; x_wconf 93' lang='lat'>11</span> <span class='ocrx_word' id='word_1_169' title='bbox 508 1660 590 1690; x_wconf 73' lang='lat' dir='ltr'>Sent„</span> <span class='ocrx_word' id='word_1_170' title='bbox 611 1660 669 1684; x_wconf 84' lang='lat' dir='ltr'>dist.</span> <span class='ocrx_word' id='word_1_171' title='bbox 688 1667 747 1688; x_wconf 97' lang='lat' dir='ltr'>xxx,</span> <span class='ocrx_word' id='word_1_172' title='bbox 767 1667 811 1691; x_wconf 88' lang='lat' dir='ltr'>qu.</span> <span class='ocrx_word' id='word_1_173' title='bbox 824 1667 846 1688; x_wconf 78' lang='grc' dir='ltr'>ι,</span> <span class='ocrx_word' id='word_1_174' title='bbox 866 1664 912 1683; x_wconf 88' lang='lat' dir='ltr'>art.</span> <span class='ocrx_word' id='word_1_175' title='bbox 929 1666 958 1688; x_wconf 79' lang='lat'>23</span> <span class='ocrx_word' id='word_1_176' title='bbox 978 1659 1036 1683; x_wconf 85' lang='lat' dir='ltr'>dist.</span> <span class='ocrx_word' id='word_1_177' title='bbox 1054 1666 1123 1688; x_wconf 90' lang='lat' dir='ltr'>xxxx,</span> <span class='ocrx_word' id='word_1_178' title='bbox 1143 1666 1188 1691; x_wconf 91' lang='lat' dir='ltr'>qu.</span> <span class='ocrx_word' id='word_1_179' title='bbox 1206 1666 1228 1689; x_wconf 87' lang='lat'>1,</span> <span class='ocrx_word' id='word_1_180' title='bbox 1247 1663 1294 1683; x_wconf 79' lang='lat' dir='ltr'>art</span> <span class='ocrx_word' id='word_1_181' title='bbox 1310 1666 1335 1688; x_wconf 87' lang='lat'>1;</span> <span class='ocrx_word' id='word_1_182' title='bbox 1356 1659 1388 1683; x_wconf 95' lang='lat' dir='ltr'>IV</span> <span class='ocrx_word' id='word_1_183' title='bbox 1410 1660 1588 1690; x_wconf 83' lang='lat' dir='ltr'>Cont.Gent.,</span> <span class='ocrx_word' id='word_1_184' title='bbox 1608 1668 1662 1693; x_wconf 86' lang='lat' dir='ltr'>cap.</span> <span class='ocrx_word' id='word_1_185' title='bbox 1682 1669 1823 1692; x_wconf 79' lang='lat' dir='ltr'>L,L1,L11·</span> <span class='ocrx_word' id='word_1_186' title='bbox 1844 1662 1885 1687; x_wconf 88' lang='lat' dir='ltr'>De</span> <span class='ocrx_word' id='word_1_187' title='bbox 1902 1663 1985 1691; x_wconf 88' lang='lat' dir='ltr'>M,alo</span> <span class='ocrx_word' id='word_1_188' title='bbox 2005 1671 2048 1696; x_wconf 89' lang='lat' dir='ltr'>qu.</span> <span class='ocrx_word' id='word_1_189' title='bbox 2062 1671 2095 1695; x_wconf 80' lang='lat' dir='ltr'>xv,</span> <span class='ocrx_word' id='word_1_190' title='bbox 2115 1669 2160 1689; x_wconf 86' lang='lat' dir='ltr'>art.</span> <span class='ocrx_word' id='word_1_191' title='bbox 2178 1673 2204 1695; x_wconf 88' lang='lat'>1;</span> 
     </span>
     <span class='ocr_line' id='line_1_32' title="bbox 909 1693 1763 1727; baseline 0.004 -9"><span class='ocrx_word' id='word_1_192' title='bbox 909 1693 1051 1726; x_wconf 84' lang='lat' dir='ltr'>Compend.</span> <span class='ocrx_word' id='word_1_193' title='bbox 1074 1693 1171 1721; x_wconf 74' lang='lat' dir='ltr'>Theoi„</span> <span class='ocrx_word' id='word_1_194' title='bbox 1191 1701 1246 1726; x_wconf 81' lang='lat' dir='ltr'>cap.</span> <span class='ocrx_word' id='word_1_195' title='bbox 1266 1700 1352 1724; x_wconf 82' lang='lat' dir='ltr'>chVI;</span> <span class='ocrx_word' id='word_1_196' title='bbox 1371 1694 1415 1718; x_wconf 80' lang='lat' dir='ltr'>Ad</span> <span class='ocrx_word' id='word_1_197' title='bbox 1433 1695 1518 1724; x_wconf 68' lang='lat' dir='ltr'>Rom„</span> <span class='ocrx_word' id='word_1_198' title='bbox 1539 1703 1593 1727; x_wconf 84' lang='lat' dir='ltr'>cap.</span> <span class='ocrx_word' id='word_1_199' title='bbox 1607 1703 1631 1725; x_wconf 74' lang='lat' dir='ltr'>v,</span> <span class='ocrx_word' id='word_1_200' title='bbox 1651 1696 1706 1720; x_wconf 85' lang='lat' dir='ltr'>lect.</span> <span class='ocrx_word' id='word_1_201' title='bbox 1726 1704 1763 1721; x_wconf 86' lang='lat'>111.</span> 
     </span>
    </p>
   </div>
   <div class='ocr_carea' id='block_1_14' title="bbox 251 1788 460 1960">
    <p class='ocr_par' dir='ltr' id='par_1_16' title="bbox 251 1788 460 1960">
     <span class='ocr_line' id='line_1_33' title="bbox 251 1788 460 1960; baseline 0 -96"><span class='ocrx_word' id='word_1_202' title='bbox 251 1788 460 1960; x_wconf 95' lang='lat' dir='ltr'>  </span> 
     </span>
    </p>
   </div>
   <div class='ocr_carea' id='block_1_15' title="bbox 251 1831 1312 2360">
    <p class='ocr_par' dir='ltr' id='par_1_17' title="bbox 251 1831 1312 2149">
     <span class='ocr_line' id='line_1_34' title="bbox 270 1831 1312 1937; baseline -0.003 -11"><span class='ocrx_word' id='word_1_203' title='bbox 270 1895 278 1933; x_wconf 80' lang='grc'>’,</span> <span class='ocrx_word' id='word_1_204' title='bbox 303 1869 418 1937; x_wconf 40' lang='grc' dir='ltr'>Ὦς</span> <span class='ocrx_word' id='word_1_205' title='bbox 392 1831 679 1937; x_wconf 39' lang='lat' dir='ltr'>{traducatur</span> <span class='ocrx_word' id='word_1_206' title='bbox 707 1888 755 1925; x_wconf 91' lang='lat' dir='ltr'>ad</span> <span class='ocrx_word' id='word_1_207' title='bbox 783 1887 876 1924; x_wconf 92' lang='lat' dir='ltr'>alios</span> <span class='ocrx_word' id='word_1_208' title='bbox 899 1900 969 1936; x_wconf 91' lang='lat' dir='ltr'>per</span> <span class='ocrx_word' id='word_1_209' title='bbox 987 1887 1182 1935; x_wconf 83' lang='lat' dir='ltr'>originem.</span> <span class='ocrx_word' id='word_1_210' title='bbox 1212 1887 1312 1924; x_wconf 91' lang='lat' dir='ltr'>Dici-</span> 
     </span>
     <span class='ocr_line' id='line_1_35' title="bbox 288 1936 1310 1988; baseline 0 -12"><span class='ocrx_word' id='word_1_211' title='bbox 288 1938 404 1984; x_wconf 46' lang='lat'>5⁵²3)</span> <span class='ocrx_word' id='word_1_212' title='bbox 420 1936 522 1979; x_wconf 43' lang='lat' dir='ltr'>*stur</span> <span class='ocrx_word' id='word_1_213' title='bbox 541 1941 641 1978; x_wconf 92' lang='lat' dir='ltr'>enim</span> <span class='ocrx_word' id='word_1_214' title='bbox 660 1941 798 1977; x_wconf 89' lang='lat' dir='ltr'>Ezech.</span> <span class='ocrx_word' id='word_1_215' title='bbox 819 1952 903 1977; x_wconf 83' lang='lat' dir='ltr'>xvm</span> <span class='ocrx_word' id='word_1_216' title='bbox 922 1940 958 1976; x_wconf 69' lang='lat'>²¹²:</span> <span class='ocrx_word' id='word_1_217' title='bbox 979 1940 1096 1977; x_wconf 81' lang='lat' dir='ltr'>Filius</span> <span class='ocrx_word' id='word_1_218' title='bbox 1124 1952 1197 1977; x_wconf 89' lang='lat' dir='ltr'>non</span> <span class='ocrx_word' id='word_1_219' title='bbox 1221 1952 1310 1988; x_wconf 84' lang='lat' dir='ltr'>por-</span> 
     </span>
     <span class='ocr_line' id='line_1_36' title="bbox 252 1993 1310 2044; baseline -0.003 -12"><span class='ocrx_word' id='word_1_220' title='bbox 252 1995 344 2033; x_wconf 80' lang='lat' dir='ltr'>tabit</span> <span class='ocrx_word' id='word_1_221' title='bbox 369 1995 597 2044; x_wconf 83' lang='lat' dir='ltr'>iniquitatem</span> <span class='ocrx_word' id='word_1_222' title='bbox 619 1994 752 2041; x_wconf 85' lang='lat' dir='ltr'>patris.</span> <span class='ocrx_word' id='word_1_223' title='bbox 783 1994 953 2030; x_wconf 89' lang='lat' dir='ltr'>Portaret</span> <span class='ocrx_word' id='word_1_224' title='bbox 980 2000 1119 2040; x_wconf 90' lang='lat' dir='ltr'>autem,</span> <span class='ocrx_word' id='word_1_225' title='bbox 1144 1993 1176 2029; x_wconf 91' lang='lat' dir='ltr'>si</span> <span class='ocrx_word' id='word_1_226' title='bbox 1195 1993 1243 2029; x_wconf 91' lang='lat' dir='ltr'>ab</span> <span class='ocrx_word' id='word_1_227' title='bbox 1265 2005 1310 2029; x_wconf 95' lang='lat' dir='ltr'>eo</span> 
     </span>
     <span class='ocr_line' id='line_1_37' title="bbox 251 2045 1310 2097; baseline -0.003 -12"><span class='ocrx_word' id='word_1_228' title='bbox 251 2047 487 2097; x_wconf 85' lang='lat' dir='ltr'>iniquitatem</span> <span class='ocrx_word' id='word_1_229' title='bbox 513 2047 687 2084; x_wconf 89' lang='lat' dir='ltr'>traheret.</span> <span class='ocrx_word' id='word_1_230' title='bbox 717 2047 819 2093; x_wconf 91' lang='lat' dir='ltr'>Ergo</span> <span class='ocrx_word' id='word_1_231' title='bbox 845 2046 969 2082; x_wconf 91' lang='lat' dir='ltr'>nullus</span> <span class='ocrx_word' id='word_1_232' title='bbox 987 2045 1098 2082; x_wconf 91' lang='lat' dir='ltr'>trahit</span> <span class='ocrx_word' id='word_1_233' title='bbox 1116 2046 1164 2082; x_wconf 93' lang='lat' dir='ltr'>ab</span> <span class='ocrx_word' id='word_1_234' title='bbox 1185 2045 1310 2094; x_wconf 91' lang='lat' dir='ltr'>aliquo</span> 
     </span>
     <span class='ocr_line' id='line_1_38' title="bbox 252 2098 1180 2149; baseline -0.003 -11"><span class='ocrx_word' id='word_1_235' title='bbox 252 2107 452 2149; x_wconf 86' lang='lat' dir='ltr'>parentum</span> <span class='ocrx_word' id='word_1_236' title='bbox 480 2112 549 2148; x_wconf 92' lang='lat' dir='ltr'>per</span> <span class='ocrx_word' id='word_1_237' title='bbox 577 2099 760 2147; x_wconf 88' lang='lat' dir='ltr'>originem</span> <span class='ocrx_word' id='word_1_238' title='bbox 789 2098 942 2146; x_wconf 86' lang='lat' dir='ltr'>aliquod</span> <span class='ocrx_word' id='word_1_239' title='bbox 968 2106 1180 2147; x_wconf 84' lang='lat' dir='ltr'>peccatum.</span> 
     </span>
    </p>

    <p class='ocr_par' dir='ltr' id='par_1_18' title="bbox 252 2151 1312 2360">
     <span class='ocr_line' id='line_1_39' title="bbox 307 2151 1311 2200; baseline -0.002 -10"><span class='ocrx_word' id='word_1_240' title='bbox 307 2165 341 2190; x_wconf 86' lang='lat'>2.</span> <span class='ocrx_word' id='word_1_241' title='bbox 371 2154 604 2198; x_wconf 78' lang='lat' dir='ltr'>PRAETEREA,</span> <span class='ocrx_word' id='word_1_242' title='bbox 633 2151 808 2188; x_wconf 91' lang='lat' dir='ltr'>accidens</span> <span class='ocrx_word' id='word_1_243' title='bbox 828 2163 906 2187; x_wconf 90' lang='lat' dir='ltr'>non</span> <span class='ocrx_word' id='word_1_244' title='bbox 924 2151 1128 2188; x_wconf 89' lang='lat' dir='ltr'>traducitur</span> <span class='ocrx_word' id='word_1_245' title='bbox 1151 2164 1220 2200; x_wconf 90' lang='lat' dir='ltr'>per</span> <span class='ocrx_word' id='word_1_246' title='bbox 1238 2152 1311 2188; x_wconf 92' lang='lat' dir='ltr'>ori-</span> 
     </span>
     <span class='ocr_line' id='line_1_40' title="bbox 252 2203 1311 2254; baseline -0.003 -11"><span class='ocrx_word' id='word_1_247' title='bbox 252 2206 393 2254; x_wconf 87' lang='lat' dir='ltr'>ginem,</span> <span class='ocrx_word' id='word_1_248' title='bbox 422 2205 493 2242; x_wconf 91' lang='lat' dir='ltr'>nisi</span> <span class='ocrx_word' id='word_1_249' title='bbox 521 2205 692 2242; x_wconf 91' lang='lat' dir='ltr'>traducto</span> <span class='ocrx_word' id='word_1_250' title='bbox 721 2203 907 2240; x_wconf 91' lang='lat' dir='ltr'>subiecto:</span> <span class='ocrx_word' id='word_1_251' title='bbox 937 2215 984 2240; x_wconf 92' lang='lat' dir='ltr'>eo</span> <span class='ocrx_word' id='word_1_252' title='bbox 1013 2204 1116 2252; x_wconf 92' lang='lat' dir='ltr'>quod</span> <span class='ocrx_word' id='word_1_253' title='bbox 1136 2204 1311 2241; x_wconf 91' lang='lat' dir='ltr'>accidens</span> 
     </span>
     <span class='ocr_line' id='line_1_41' title="bbox 253 2256 1312 2295; baseline -0.002 0"><span class='ocrx_word' id='word_1_254' title='bbox 253 2270 333 2295; x_wconf 88' lang='lat' dir='ltr'>non</span> <span class='ocrx_word' id='word_1_255' title='bbox 360 2258 490 2295; x_wconf 83' lang='lat' dir='ltr'>transit</span> <span class='ocrx_word' id='word_1_256' title='bbox 518 2258 565 2294; x_wconf 90' lang='lat' dir='ltr'>de</span> <span class='ocrx_word' id='word_1_257' title='bbox 594 2257 764 2294; x_wconf 89' lang='lat' dir='ltr'>subiecto</span> <span class='ocrx_word' id='word_1_258' title='bbox 784 2257 822 2293; x_wconf 92' lang='lat' dir='ltr'>in</span> <span class='ocrx_word' id='word_1_259' title='bbox 841 2256 1063 2293; x_wconf 87' lang='lat' dir='ltr'>subiectum.</span> <span class='ocrx_word' id='word_1_260' title='bbox 1089 2256 1166 2294; x_wconf 89' lang='lat' dir='ltr'>Sed</span> <span class='ocrx_word' id='word_1_261' title='bbox 1185 2257 1312 2294; x_wconf 88' lang='lat' dir='ltr'>anima</span> 
     </span>
     <span class='ocr_line' id='line_1_42' title="bbox 254 2309 1311 2360; baseline -0.001 -12"><span class='ocrx_word' id='word_1_262' title='bbox 254 2310 460 2358; x_wconf 89' lang='lat' dir='ltr'>rationalis,</span> <span class='ocrx_word' id='word_1_263' title='bbox 495 2322 592 2360; x_wconf 90' lang='lat' dir='ltr'>quae</span> <span class='ocrx_word' id='word_1_264' title='bbox 621 2317 677 2346; x_wconf 92' lang='lat' dir='ltr'>est</span> <span class='ocrx_word' id='word_1_265' title='bbox 704 2309 917 2346; x_wconf 87' lang='lat' dir='ltr'>subiectum</span> <span class='ocrx_word' id='word_1_266' title='bbox 952 2310 1100 2358; x_wconf 90' lang='lat' dir='ltr'>culpae,</span> <span class='ocrx_word' id='word_1_267' title='bbox 1134 2322 1213 2347; x_wconf 90' lang='lat' dir='ltr'>non</span> <span class='ocrx_word' id='word_1_268' title='bbox 1240 2318 1311 2347; x_wconf 89' lang='lat' dir='ltr'>tra-</span> 
     </span>
    </p>
   </div>
   <div class='ocr_carea' id='block_1_16' title="bbox 219 2361 1310 2412">
    <p class='ocr_par' dir='ltr' id='par_1_19' title="bbox 219 2361 1310 2412">
     <span class='ocr_line' id='line_1_43' title="bbox 219 2361 1310 2412; baseline -0.002 -11"><span class='ocrx_word' id='word_1_269' title='bbox 219 2383 225 2390; x_wconf 92' lang='lat'><strong>·</strong></span> <span class='ocrx_word' id='word_1_270' title='bbox 255 2363 404 2401; x_wconf 88' lang='lat' dir='ltr'>ducitur</span> <span class='ocrx_word' id='word_1_271' title='bbox 422 2375 490 2412; x_wconf 90' lang='lat' dir='ltr'>per</span> <span class='ocrx_word' id='word_1_272' title='bbox 509 2362 705 2410; x_wconf 80' lang='lat' dir='ltr'>originem,</span> <span class='ocrx_word' id='word_1_273' title='bbox 725 2369 767 2398; x_wconf 92' lang='lat' dir='ltr'>ut</span> <span class='ocrx_word' id='word_1_274' title='bbox 786 2361 824 2398; x_wconf 90' lang='lat' dir='ltr'>in</span> <span class='ocrx_word' id='word_1_275' title='bbox 842 2361 971 2398; x_wconf 93' lang='lat' dir='ltr'>Primo</span> <span class='ocrx_word' id='word_1_276' title='bbox 991 2361 1010 2383; x_wconf 75' lang='lat'>’¹‘</span> <span class='ocrx_word' id='word_1_277' title='bbox 1030 2369 1224 2399; x_wconf 90' lang='lat' dir='ltr'>ostensum</span> <span class='ocrx_word' id='word_1_278' title='bbox 1245 2370 1310 2400; x_wconf 92' lang='lat' dir='ltr'>est.</span> 
     </span>
    </p>
   </div>
   <div class='ocr_carea' id='block_1_17' title="bbox 253 2414 1313 2622">
    <p class='ocr_par' dir='ltr' id='par_1_20' title="bbox 253 2414 1312 2518">
     <span class='ocr_line' id='line_1_44' title="bbox 254 2414 1312 2465; baseline -0.001 -12"><span class='ocrx_word' id='word_1_279' title='bbox 254 2417 356 2464; x_wconf 90' lang='lat' dir='ltr'>Ergo</span> <span class='ocrx_word' id='word_1_280' title='bbox 390 2428 515 2465; x_wconf 91' lang='lat' dir='ltr'>neque</span> <span class='ocrx_word' id='word_1_281' title='bbox 549 2415 673 2464; x_wconf 90' lang='lat' dir='ltr'>aliqua</span> <span class='ocrx_word' id='word_1_282' title='bbox 707 2415 817 2463; x_wconf 88' lang='lat' dir='ltr'>culpa</span> <span class='ocrx_word' id='word_1_283' title='bbox 849 2427 917 2463; x_wconf 91' lang='lat' dir='ltr'>per</span> <span class='ocrx_word' id='word_1_284' title='bbox 951 2414 1134 2462; x_wconf 89' lang='lat' dir='ltr'>originem</span> <span class='ocrx_word' id='word_1_285' title='bbox 1169 2415 1312 2453; x_wconf 90' lang='lat' dir='ltr'>traduci</span> 
     </span>
     <span class='ocr_line' id='line_1_45' title="bbox 253 2475 389 2518; baseline 0 -12"><span class='ocrx_word' id='word_1_286' title='bbox 253 2475 389 2518; x_wconf 87' lang='lat' dir='ltr'>potest.</span> 
     </span>
    </p>

    <p class='ocr_par' dir='ltr' id='par_1_21' title="bbox 254 2519 1313 2622">
     <span class='ocr_line' id='line_1_46' title="bbox 309 2519 1313 2569; baseline -0.001 -11"><span class='ocrx_word' id='word_1_287' title='bbox 309 2522 343 2558; x_wconf 90' lang='lat'>3.</span> <span class='ocrx_word' id='word_1_288' title='bbox 370 2522 602 2567; x_wconf 78' lang='lat' dir='ltr'>PRAETEREA,</span> <span class='ocrx_word' id='word_1_289' title='bbox 633 2532 748 2556; x_wconf 89' lang='lat' dir='ltr'>omne</span> <span class='ocrx_word' id='word_1_290' title='bbox 776 2519 866 2556; x_wconf 89' lang='lat' dir='ltr'>illud</span> <span class='ocrx_word' id='word_1_291' title='bbox 895 2519 1000 2568; x_wconf 92' lang='lat' dir='ltr'>quod</span> <span class='ocrx_word' id='word_1_292' title='bbox 1022 2520 1226 2557; x_wconf 88' lang='lat' dir='ltr'>traducitur</span> <span class='ocrx_word' id='word_1_293' title='bbox 1244 2533 1313 2569; x_wconf 90' lang='lat' dir='ltr'>per</span> 
     </span>
     <span class='ocr_line' id='line_1_47' title="bbox 254 2573 1312 2622; baseline -0.001 -11"><span class='ocrx_word' id='word_1_294' title='bbox 254 2574 435 2622; x_wconf 89' lang='lat' dir='ltr'>originem</span> <span class='ocrx_word' id='word_1_295' title='bbox 465 2575 691 2620; x_wconf 88' lang='lat' dir='ltr'>humanam,</span> <span class='ocrx_word' id='word_1_296' title='bbox 713 2580 887 2609; x_wconf 89' lang='lat' dir='ltr'>causatur</span> <span class='ocrx_word' id='word_1_297' title='bbox 915 2584 959 2608; x_wconf 88' lang='lat' dir='ltr'>ex</span> <span class='ocrx_word' id='word_1_298' title='bbox 983 2573 1138 2610; x_wconf 89' lang='lat' dir='ltr'>semine.</span> <span class='ocrx_word' id='word_1_299' title='bbox 1161 2574 1237 2611; x_wconf 89' lang='lat' dir='ltr'>Sed</span> <span class='ocrx_word' id='word_1_300' title='bbox 1257 2586 1312 2610; x_wconf 87' lang='lat' dir='ltr'>se—</span> 
     </span>
    </p>
   </div>
   <div class='ocr_carea' id='block_1_18' title="bbox 205 2626 1312 2675">
    <p class='ocr_par' dir='ltr' id='par_1_22' title="bbox 205 2626 1312 2675">
     <span class='ocr_line' id='line_1_48' title="bbox 205 2626 1312 2675; baseline -0.001 -11"><span class='ocrx_word' id='word_1_301' title='bbox 205 2626 212 2632; x_wconf 28' lang='lat'><strong>*</strong></span> <span class='ocrx_word' id='word_1_302' title='bbox 253 2639 344 2664; x_wconf 79' lang='lat' dir='ltr'>men</span> <span class='ocrx_word' id='word_1_303' title='bbox 362 2639 441 2663; x_wconf 89' lang='lat' dir='ltr'>non</span> <span class='ocrx_word' id='word_1_304' title='bbox 459 2633 584 2675; x_wconf 75' lang='lat' dir='ltr'>POteSt</span> <span class='ocrx_word' id='word_1_305' title='bbox 605 2637 759 2662; x_wconf 77' lang='lat' dir='ltr'>causare</span> <span class='ocrx_word' id='word_1_306' title='bbox 779 2632 994 2673; x_wconf 67' lang='lat' dir='ltr'>peccatUmt</span> <span class='ocrx_word' id='word_1_307' title='bbox 1017 2638 1062 2661; x_wconf 80' lang='grc' dir='ltr'>ΕΟ</span> <span class='ocrx_word' id='word_1_308' title='bbox 1087 2627 1191 2674; x_wconf 85' lang='lat' dir='ltr'>qUOd</span> <span class='ocrx_word' id='word_1_309' title='bbox 1212 2634 1312 2663; x_wconf 75' lang='lat' dir='ltr'>caret</span> 
     </span>
    </p>
   </div>
   <div class='ocr_carea' id='block_1_19' title="bbox 253 2678 1313 3095">
    <p class='ocr_par' dir='ltr' id='par_1_23' title="bbox 253 2678 1313 2831">
     <span class='ocr_line' id='line_1_49' title="bbox 255 2678 1311 2727; baseline 0 -11"><span class='ocrx_word' id='word_1_310' title='bbox 255 2679 427 2716; x_wconf 85' lang='lat' dir='ltr'>rationali</span> <span class='ocrx_word' id='word_1_311' title='bbox 445 2686 550 2727; x_wconf 89' lang='lat' dir='ltr'>parte</span> <span class='ocrx_word' id='word_1_312' title='bbox 571 2678 733 2726; x_wconf 86' lang='lat' dir='ltr'>animae,</span> <span class='ocrx_word' id='word_1_313' title='bbox 749 2690 847 2725; x_wconf 91' lang='lat' dir='ltr'>quae</span> <span class='ocrx_word' id='word_1_314' title='bbox 864 2678 944 2714; x_wconf 90' lang='lat' dir='ltr'>sola</span> <span class='ocrx_word' id='word_1_315' title='bbox 958 2686 1082 2726; x_wconf 88' lang='lat' dir='ltr'>potest</span> <span class='ocrx_word' id='word_1_316' title='bbox 1096 2690 1179 2715; x_wconf 89' lang='lat' dir='ltr'>esse</span> <span class='ocrx_word' id='word_1_317' title='bbox 1199 2691 1311 2716; x_wconf 90' lang='lat' dir='ltr'>causa</span> 
     </span>
     <span class='ocr_line' id='line_1_50' title="bbox 253 2731 1313 2780; baseline 0 -12"><span class='ocrx_word' id='word_1_318' title='bbox 253 2731 410 2780; x_wconf 90' lang='lat' dir='ltr'>peccati.</span> <span class='ocrx_word' id='word_1_319' title='bbox 440 2732 541 2778; x_wconf 88' lang='lat' dir='ltr'>Ergo</span> <span class='ocrx_word' id='word_1_320' title='bbox 570 2731 716 2767; x_wconf 90' lang='lat' dir='ltr'>nullum</span> <span class='ocrx_word' id='word_1_321' title='bbox 743 2738 943 2778; x_wconf 87' lang='lat' dir='ltr'>peccatum</span> <span class='ocrx_word' id='word_1_322' title='bbox 971 2738 1095 2778; x_wconf 90' lang='lat' dir='ltr'>potest</span> <span class='ocrx_word' id='word_1_323' title='bbox 1122 2731 1216 2768; x_wconf 87' lang='lat' dir='ltr'>trahi</span> <span class='ocrx_word' id='word_1_324' title='bbox 1243 2745 1313 2780; x_wconf 92' lang='lat' dir='ltr'>per</span> 
     </span>
     <span class='ocr_line' id='line_1_51' title="bbox 255 2783 449 2831; baseline 0 -11"><span class='ocrx_word' id='word_1_325' title='bbox 255 2783 449 2831; x_wconf 88' lang='lat' dir='ltr'>originem.</span> 
     </span>
    </p>

    <p class='ocr_par' dir='ltr' id='par_1_24' title="bbox 253 2835 1312 3095">
     <span class='ocr_line' id='line_1_52' title="bbox 307 2835 1309 2884; baseline 0.002 -12"><span class='ocrx_word' id='word_1_326' title='bbox 307 2848 344 2883; x_wconf 92' lang='lat'>4.</span> <span class='ocrx_word' id='word_1_327' title='bbox 374 2836 606 2882; x_wconf 78' lang='lat' dir='ltr'>PRAETEREA,</span> <span class='ocrx_word' id='word_1_328' title='bbox 636 2835 740 2884; x_wconf 91' lang='lat' dir='ltr'>quod</span> <span class='ocrx_word' id='word_1_329' title='bbox 770 2843 824 2872; x_wconf 91' lang='lat' dir='ltr'>est</span> <span class='ocrx_word' id='word_1_330' title='bbox 850 2836 1051 2884; x_wconf 87' lang='lat' dir='ltr'>perfectius</span> <span class='ocrx_word' id='word_1_331' title='bbox 1071 2835 1086 2865; x_wconf 73' lang='grc' dir='ltr'><strong>β</strong></span> <span class='ocrx_word' id='word_1_332' title='bbox 1109 2836 1147 2873; x_wconf 83' lang='grc' dir='ltr'>ἱιι</span> <span class='ocrx_word' id='word_1_333' title='bbox 1166 2844 1309 2884; x_wconf 89' lang='lat' dir='ltr'>natura,</span> 
     </span>
     <span class='ocr_line' id='line_1_53' title="bbox 254 2885 1312 2937; baseline 0 -11"><span class='ocrx_word' id='word_1_334' title='bbox 254 2885 459 2927; x_wconf 80' lang='lat' dir='ltr'>virtuosius</span> <span class='ocrx_word' id='word_1_335' title='bbox 479 2894 534 2924; x_wconf 91' lang='lat' dir='ltr'>est</span> <span class='ocrx_word' id='word_1_336' title='bbox 553 2887 601 2924; x_wconf 85' lang='lat' dir='ltr'>ad</span> <span class='ocrx_word' id='word_1_337' title='bbox 620 2888 823 2936; x_wconf 91' lang='lat' dir='ltr'>agendum.</span> <span class='ocrx_word' id='word_1_338' title='bbox 846 2889 922 2925; x_wconf 91' lang='lat' dir='ltr'>Sed</span> <span class='ocrx_word' id='word_1_339' title='bbox 943 2901 1030 2925; x_wconf 89' lang='lat' dir='ltr'>caro</span> <span class='ocrx_word' id='word_1_340' title='bbox 1048 2890 1215 2937; x_wconf 86' lang='lat' dir='ltr'>perfecta</span> <span class='ocrx_word' id='word_1_341' title='bbox 1234 2902 1312 2926; x_wconf 90' lang='lat' dir='ltr'>non</span> 
     </span>
     <span class='ocr_line' id='line_1_54' title="bbox 253 2940 1312 2990; baseline 0.001 -12"><span class='ocrx_word' id='word_1_342' title='bbox 253 2949 379 2990; x_wconf 90' lang='lat' dir='ltr'>potest</span> <span class='ocrx_word' id='word_1_343' title='bbox 405 2941 559 2978; x_wconf 87' lang='lat' dir='ltr'>inficere</span> <span class='ocrx_word' id='word_1_344' title='bbox 588 2940 754 2977; x_wconf 90' lang='lat' dir='ltr'>animam</span> <span class='ocrx_word' id='word_1_345' title='bbox 774 2940 844 2978; x_wconf 91' lang='lat' dir='ltr'>sibi</span> <span class='ocrx_word' id='word_1_346' title='bbox 862 2941 1023 2978; x_wconf 85' lang='lat' dir='ltr'>unitam:</span> <span class='ocrx_word' id='word_1_347' title='bbox 1051 2941 1216 2990; x_wconf 89' lang='lat' dir='ltr'>alioquin</span> <span class='ocrx_word' id='word_1_348' title='bbox 1235 2942 1312 2979; x_wconf 90' lang='lat' dir='ltr'>ani-</span> 
     </span>
     <span class='ocr_line' id='line_1_55' title="bbox 256 2993 1311 3042; baseline 0.001 -11"><span class='ocrx_word' id='word_1_349' title='bbox 256 3006 320 3031; x_wconf 90' lang='lat' dir='ltr'>ma</span> <span class='ocrx_word' id='word_1_350' title='bbox 346 3006 425 3030; x_wconf 88' lang='lat' dir='ltr'>non</span> <span class='ocrx_word' id='word_1_351' title='bbox 452 3000 582 3042; x_wconf 90' lang='lat' dir='ltr'>posset</span> <span class='ocrx_word' id='word_1_352' title='bbox 609 2993 807 3030; x_wconf 88' lang='lat' dir='ltr'>emundari</span> <span class='ocrx_word' id='word_1_353' title='bbox 827 3006 850 3030; x_wconf 92' lang='lat' dir='ltr'>a</span> <span class='ocrx_word' id='word_1_354' title='bbox 869 2994 977 3042; x_wconf 88' lang='lat' dir='ltr'>culpa</span> <span class='ocrx_word' id='word_1_355' title='bbox 1001 2994 1198 3041; x_wconf 65' lang='lat' dir='ltr'>originali*¹</span> <span class='ocrx_word' id='word_1_356' title='bbox 1219 2995 1311 3032; x_wconf 92' lang='lat' dir='ltr'>dum</span> 
     </span>
     <span class='ocr_line' id='line_1_56' title="bbox 257 3045 1312 3095; baseline 0.001 -12"><span class='ocrx_word' id='word_1_357' title='bbox 257 3054 311 3083; x_wconf 92' lang='lat' dir='ltr'>est</span> <span class='ocrx_word' id='word_1_358' title='bbox 340 3045 442 3083; x_wconf 89' lang='lat' dir='ltr'>carni</span> <span class='ocrx_word' id='word_1_359' title='bbox 469 3045 584 3082; x_wconf 90' lang='lat' dir='ltr'>unita.</span> <span class='ocrx_word' id='word_1_360' title='bbox 615 3046 715 3093; x_wconf 89' lang='lat' dir='ltr'>Ergo</span> <span class='ocrx_word' id='word_1_361' title='bbox 739 3047 858 3082; x_wconf 91' lang='lat' dir='ltr'>multo</span> <span class='ocrx_word' id='word_1_362' title='bbox 883 3046 1008 3083; x_wconf 89' lang='lat' dir='ltr'>minus</span> <span class='ocrx_word' id='word_1_363' title='bbox 1029 3059 1160 3083; x_wconf 90' lang='lat' dir='ltr'>semen</span> <span class='ocrx_word' id='word_1_364' title='bbox 1187 3054 1312 3095; x_wconf 88' lang='lat' dir='ltr'>potest</span> 
     </span>
    </p>
   </div>
   <div class='ocr_carea' id='block_1_20' title="bbox 211 3098 617 3136">
    <p class='ocr_par' dir='ltr' id='par_1_25' title="bbox 211 3098 617 3136">
     <span class='ocr_line' id='line_1_57' title="bbox 211 3098 617 3136; baseline -0.005 0"><span class='ocrx_word' id='word_1_365' title='bbox 211 3121 214 3124; x_wconf 46' lang='lat'><em>⁴</em></span> <span class='ocrx_word' id='word_1_366' title='bbox 255 3099 409 3136; x_wconf 89' lang='lat' dir='ltr'>inficere</span> <span class='ocrx_word' id='word_1_367' title='bbox 438 3098 617 3135; x_wconf 92' lang='lat' dir='ltr'>animam.</span> 
     </span>
    </p>
   </div>
   <div class='ocr_carea' id='block_1_21' title="bbox 255 3150 1312 3356">
    <p class='ocr_par' dir='ltr' id='par_1_26' title="bbox 255 3150 1312 3356">
     <span class='ocr_line' id='line_1_58' title="bbox 312 3150 1310 3198; baseline -0.001 -9"><span class='ocrx_word' id='word_1_368' title='bbox 312 3153 344 3189; x_wconf 86' lang='lat'>5.</span> <span class='ocrx_word' id='word_1_369' title='bbox 373 3153 606 3198; x_wconf 78' lang='lat' dir='ltr'>PRAETEREA,</span> <span class='ocrx_word' id='word_1_370' title='bbox 626 3150 880 3198; x_wconf 91' lang='lat' dir='ltr'>Philosophus</span> <span class='ocrx_word' id='word_1_371' title='bbox 900 3150 1002 3197; x_wconf 89' lang='lat' dir='ltr'>dicit,</span> <span class='ocrx_word' id='word_1_372' title='bbox 1022 3151 1060 3187; x_wconf 91' lang='lat' dir='ltr'>in</span> <span class='ocrx_word' id='word_1_373' title='bbox 1081 3152 1130 3188; x_wconf 89' lang='lat'>111</span> <span class='ocrx_word' id='word_1_374' title='bbox 1148 3151 1310 3198; x_wconf 75' lang='lat' dir='ltr'>Ethic.*,</span> 
     </span>
     <span class='ocr_line' id='line_1_59' title="bbox 255 3203 1312 3254; baseline -0.001 -12"><span class='ocrx_word' id='word_1_375' title='bbox 255 3205 360 3254; x_wconf 92' lang='lat' dir='ltr'>quod</span> <span class='ocrx_word' id='word_1_376' title='bbox 381 3209 539 3252; x_wconf 80' lang='lat' dir='ltr'>propter</span> <span class='ocrx_word' id='word_1_377' title='bbox 565 3208 742 3240; x_wconf 83' lang='lat' dir='ltr'>naturam</span> <span class='ocrx_word' id='word_1_378' title='bbox 765 3208 890 3250; x_wconf 84' lang='lat' dir='ltr'>turpes</span> <span class='ocrx_word' id='word_1_379' title='bbox 909 3203 1031 3239; x_wconf 83' lang='lat' dir='ltr'>nullus</span> <span class='ocrx_word' id='word_1_380' title='bbox 1050 3204 1227 3251; x_wconf 84' lang='lat' dir='ltr'>increpat,</span> <span class='ocrx_word' id='word_1_381' title='bbox 1247 3205 1312 3241; x_wconf 84' lang='lat' dir='ltr'>sed</span> 
     </span>
     <span class='ocr_line' id='line_1_60' title="bbox 255 3255 1311 3306; baseline -0.001 -12"><span class='ocrx_word' id='word_1_382' title='bbox 255 3270 317 3294; x_wconf 87' lang='lat' dir='ltr'>eos</span> <span class='ocrx_word' id='word_1_383' title='bbox 336 3257 402 3306; x_wconf 87' lang='lat' dir='ltr'>qui</span> <span class='ocrx_word' id='word_1_384' title='bbox 413 3262 569 3305; x_wconf 85' lang='lat' dir='ltr'>propter</span> <span class='ocrx_word' id='word_1_385' title='bbox 587 3255 765 3292; x_wconf 85' lang='lat' dir='ltr'>desidiam</span> <span class='ocrx_word' id='word_1_386' title='bbox 781 3261 816 3291; x_wconf 89' lang='lat' dir='ltr'>et</span> <span class='ocrx_word' id='word_1_387' title='bbox 829 3255 1108 3304; x_wconf 82' lang='lat' dir='ltr'>negligentiam.</span> <span class='ocrx_word' id='word_1_388' title='bbox 1125 3256 1311 3293; x_wconf 91' lang='lat' dir='ltr'>Dicuntur</span> 
     </span>
     <span class='ocr_line' id='line_1_61' title="bbox 255 3307 1311 3356; baseline -0.002 -9"><span class='ocrx_word' id='word_1_389' title='bbox 255 3318 383 3347; x_wconf 90' lang='lat' dir='ltr'>autern</span> <span class='ocrx_word' id='word_1_390' title='bbox 411 3316 544 3346; x_wconf 90' lang='lat' dir='ltr'>natura</span> <span class='ocrx_word' id='word_1_391' title='bbox 569 3316 697 3356; x_wconf 86' lang='lat' dir='ltr'>turpes</span> <span class='ocrx_word' id='word_1_392' title='bbox 726 3307 790 3356; x_wconf 91' lang='lat' dir='ltr'>qui</span> <span class='ocrx_word' id='word_1_393' title='bbox 812 3307 953 3344; x_wconf 91' lang='lat' dir='ltr'>habent</span> <span class='ocrx_word' id='word_1_394' title='bbox 977 3307 1246 3356; x_wconf 87' lang='lat' dir='ltr'>turpitudinem</span> <span class='ocrx_word' id='word_1_395' title='bbox 1267 3321 1311 3345; x_wconf 85' lang='lat' dir='ltr'>ex</span> 
     </span>
    </p>
   </div>
   <div class='ocr_carea' id='block_1_22' title="bbox 1364 1783 2656 3305">
    <p class='ocr_par' dir='ltr' id='par_1_27' title="bbox 1365 1783 2420 1886">
     <span class='ocr_line' id='line_1_62' title="bbox 1365 1783 2420 1837; baseline 0.008 -19"><span class='ocrx_word' id='word_1_396' title='bbox 1365 1795 1432 1818; x_wconf 89' lang='lat' dir='ltr'>sua</span> <span class='ocrx_word' id='word_1_397' title='bbox 1452 1783 1605 1830; x_wconf 88' lang='lat' dir='ltr'>origine.</span> <span class='ocrx_word' id='word_1_398' title='bbox 1627 1785 1729 1831; x_wconf 88' lang='lat' dir='ltr'>Ergo</span> <span class='ocrx_word' id='word_1_399' title='bbox 1750 1785 1840 1821; x_wconf 91' lang='lat' dir='ltr'>nihil</span> <span class='ocrx_word' id='word_1_400' title='bbox 1861 1786 1964 1833; x_wconf 92' lang='lat' dir='ltr'>quod</span> <span class='ocrx_word' id='word_1_401' title='bbox 1985 1794 2039 1823; x_wconf 92' lang='lat' dir='ltr'>est</span> <span class='ocrx_word' id='word_1_402' title='bbox 2057 1799 2125 1835; x_wconf 93' lang='lat' dir='ltr'>per</span> <span class='ocrx_word' id='word_1_403' title='bbox 2144 1788 2339 1837; x_wconf 83' lang='lat' dir='ltr'>originem,</span> <span class='ocrx_word' id='word_1_404' title='bbox 2366 1797 2420 1826; x_wconf 91' lang='lat' dir='ltr'>est</span> 
     </span>
     <span class='ocr_line' id='line_1_63' title="bbox 1365 1835 1995 1886; baseline 0.006 -16"><span class='ocrx_word' id='word_1_405' title='bbox 1365 1835 1603 1883; x_wconf 89' lang='lat' dir='ltr'>increpabile,</span> <span class='ocrx_word' id='word_1_406' title='bbox 1634 1849 1758 1884; x_wconf 90' lang='lat' dir='ltr'>neque</span> <span class='ocrx_word' id='word_1_407' title='bbox 1785 1845 1995 1886; x_wconf 89' lang='lat' dir='ltr'>peccatum.</span> 
     </span>
    </p>

    <p class='ocr_par' dir='ltr' id='par_1_28' title="bbox 1364 1889 2586 2253">
     <span class='ocr_line' id='line_1_64' title="bbox 1419 1889 2417 1952; baseline 0.007 -28"><span class='ocrx_word' id='word_1_408' title='bbox 1419 1889 1492 1924; x_wconf 81' lang='lat' dir='ltr'>SED</span> <span class='ocrx_word' id='word_1_409' title='bbox 1512 1900 1656 1925; x_wconf 74' lang='lat' dir='ltr'>CONTRA</span> <span class='ocrx_word' id='word_1_410' title='bbox 1675 1901 1741 1926; x_wconf 85' lang='lat' dir='ltr'>EST</span> <span class='ocrx_word' id='word_1_411' title='bbox 1759 1890 1864 1937; x_wconf 93' lang='lat' dir='ltr'>quod</span> <span class='ocrx_word' id='word_1_412' title='bbox 1883 1892 2088 1952; x_wconf 79' lang='lat' dir='ltr'>Apostolus</span> <span class='ocrx_word' id='word_1_413' title='bbox 2108 1892 2206 1941; x_wconf 89' lang='lat' dir='ltr'>dicit,</span> <span class='ocrx_word' id='word_1_414' title='bbox 2225 1895 2338 1930; x_wconf 91' lang='lat' dir='ltr'>Rom.</span> <span class='ocrx_word' id='word_1_415' title='bbox 2348 1894 2417 1931; x_wconf 85' lang='lat' dir='ltr'>v*:</span> 
     </span>
     <span class='ocr_line' id='line_1_65' title="bbox 1364 1941 2419 1991; baseline 0.007 -15"><span class='ocrx_word' id='word_1_416' title='bbox 1364 1941 1437 1976; x_wconf 89' lang='lat' dir='ltr'>Per</span> <span class='ocrx_word' id='word_1_417' title='bbox 1466 1953 1580 1977; x_wconf 85' lang='lat' dir='ltr'>unum</span> <span class='ocrx_word' id='word_1_418' title='bbox 1607 1942 1796 1978; x_wconf 85' lang='lat' dir='ltr'>hominem</span> <span class='ocrx_word' id='word_1_419' title='bbox 1818 1949 2015 1991; x_wconf 85' lang='lat' dir='ltr'>peccatum</span> <span class='ocrx_word' id='word_1_420' title='bbox 2044 1945 2080 1980; x_wconf 90' lang='lat' dir='ltr'>in</span> <span class='ocrx_word' id='word_1_421' title='bbox 2108 1946 2208 1982; x_wconf 85' lang='lat' dir='ltr'>hunc</span> <span class='ocrx_word' id='word_1_422' title='bbox 2238 1947 2419 1983; x_wconf 88' lang='lat' dir='ltr'>mundum</span> 
     </span>
     <span class='ocr_line' id='line_1_66' title="bbox 1366 1993 2419 2046; baseline 0.007 -17"><span class='ocrx_word' id='word_1_423' title='bbox 1366 1993 1526 2030; x_wconf 84' lang='lat' dir='ltr'>intravi.t</span> <span class='ocrx_word' id='word_1_424' title='bbox 1561 1994 1676 2040; x_wconf 90' lang='lat' dir='ltr'>Quod</span> <span class='ocrx_word' id='word_1_425' title='bbox 1713 2007 1792 2031; x_wconf 90' lang='lat' dir='ltr'>non</span> <span class='ocrx_word' id='word_1_426' title='bbox 1825 2003 1949 2044; x_wconf 92' lang='lat' dir='ltr'>potest</span> <span class='ocrx_word' id='word_1_427' title='bbox 1983 1996 2132 2044; x_wconf 90' lang='lat' dir='ltr'>intelligi</span> <span class='ocrx_word' id='word_1_428' title='bbox 2162 2010 2231 2046; x_wconf 91' lang='lat' dir='ltr'>per</span> <span class='ocrx_word' id='word_1_429' title='bbox 2261 2000 2419 2036; x_wconf 88' lang='lat' dir='ltr'>modum</span> 
     </span>
     <span class='ocr_line' id='line_1_67' title="bbox 1365 2044 2586 2107; baseline 0.007 -26"><span class='ocrx_word' id='word_1_430' title='bbox 1365 2046 1580 2082; x_wconf 89' lang='lat' dir='ltr'>imitationis</span> <span class='ocrx_word' id='word_1_431' title='bbox 1599 2044 1624 2093; x_wconf 71' lang='grc' dir='ltr'>δ,</span> <span class='ocrx_word' id='word_1_432' title='bbox 1654 2055 1808 2096; x_wconf 90' lang='lat' dir='ltr'>propter</span> <span class='ocrx_word' id='word_1_433' title='bbox 1834 2049 1908 2085; x_wconf 94' lang='lat' dir='ltr'>hoc</span> <span class='ocrx_word' id='word_1_434' title='bbox 1933 2049 2038 2096; x_wconf 90' lang='lat' dir='ltr'>quod</span> <span class='ocrx_word' id='word_1_435' title='bbox 2067 2050 2198 2087; x_wconf 90' lang='lat' dir='ltr'>dicitur</span> <span class='ocrx_word' id='word_1_436' title='bbox 2226 2052 2312 2099; x_wconf 83' lang='lat' dir='ltr'>Sap.</span> <span class='ocrx_word' id='word_1_437' title='bbox 2338 2064 2360 2088; x_wconf 91' lang='lat'>11</span> <span class='ocrx_word' id='word_1_438' title='bbox 2381 2051 2418 2088; x_wconf 75' lang='lat' dir='ltr'>*z</span> <span class='ocrx_word' id='word_1_439' title='bbox 2446 2083 2455 2091; x_wconf 84' lang='lat'><em>.</em></span> <span class='ocrx_word' id='word_1_440' title='bbox 2471 2047 2586 2107; x_wconf 42' lang='lat' dir='ltr'>,lmz-</span> 
     </span>
     <span class='ocr_line' id='line_1_68' title="bbox 1365 2097 2537 2141; baseline 0.007 -7"><span class='ocrx_word' id='word_1_441' title='bbox 1365 2099 1512 2135; x_wconf 79' lang='lat' dir='ltr'>Invidia</span> <span class='ocrx_word' id='word_1_442' title='bbox 1540 2099 1680 2136; x_wconf 86' lang='lat' dir='ltr'>diaboli</span> <span class='ocrx_word' id='word_1_443' title='bbox 1705 2112 1807 2137; x_wconf 83' lang='lat' dir='ltr'>mors</span> <span class='ocrx_word' id='word_1_444' title='bbox 1835 2102 1987 2137; x_wconf 82' lang='lat' dir='ltr'>intravit</span> <span class='ocrx_word' id='word_1_445' title='bbox 2005 2103 2042 2138; x_wconf 91' lang='lat' dir='ltr'>in</span> <span class='ocrx_word' id='word_1_446' title='bbox 2062 2103 2190 2139; x_wconf 85' lang='lat' dir='ltr'>orbem</span> <span class='ocrx_word' id='word_1_447' title='bbox 2218 2109 2417 2141; x_wconf 87' lang='lat' dir='ltr'>terrarum.</span> <span class='ocrx_word' id='word_1_448' title='bbox 2531 2097 2537 2103; x_wconf 73' lang='grc'>’</span> 
     </span>
     <span class='ocr_line' id='line_1_69' title="bbox 1366 2152 2417 2203; baseline 0.006 -16"><span class='ocrx_word' id='word_1_449' title='bbox 1366 2152 1494 2188; x_wconf 88' lang='lat' dir='ltr'>Restat</span> <span class='ocrx_word' id='word_1_450' title='bbox 1523 2163 1610 2199; x_wconf 88' lang='lat' dir='ltr'>ergo</span> <span class='ocrx_word' id='word_1_451' title='bbox 1631 2153 1736 2199; x_wconf 91' lang='lat' dir='ltr'>quod</span> <span class='ocrx_word' id='word_1_452' title='bbox 1759 2165 1828 2201; x_wconf 92' lang='lat' dir='ltr'>per</span> <span class='ocrx_word' id='word_1_453' title='bbox 1848 2153 2031 2201; x_wconf 87' lang='lat' dir='ltr'>originem</span> <span class='ocrx_word' id='word_1_454' title='bbox 2060 2168 2083 2191; x_wconf 88' lang='lat' dir='ltr'>a</span> <span class='ocrx_word' id='word_1_455' title='bbox 2109 2155 2234 2203; x_wconf 90' lang='lat' dir='ltr'>primo</span> <span class='ocrx_word' id='word_1_456' title='bbox 2262 2157 2417 2194; x_wconf 89' lang='lat' dir='ltr'>homine</span> 
     </span>
     <span class='ocr_line' id='line_1_70' title="bbox 1364 2204 1990 2253; baseline 0.006 -14"><span class='ocrx_word' id='word_1_457' title='bbox 1364 2212 1562 2253; x_wconf 87' lang='lat' dir='ltr'>peccatum</span> <span class='ocrx_word' id='word_1_458' title='bbox 1590 2204 1629 2241; x_wconf 91' lang='lat' dir='ltr'>in</span> <span class='ocrx_word' id='word_1_459' title='bbox 1656 2205 1802 2242; x_wconf 91' lang='lat' dir='ltr'>mundo</span> <span class='ocrx_word' id='word_1_460' title='bbox 1830 2206 1990 2243; x_wconf 90' lang='lat' dir='ltr'>intravit.</span> 
     </span>
    </p>

    <p class='ocr_par' dir='ltr' id='par_1_29' title="bbox 1365 2258 2656 2676">
     <span class='ocr_line' id='line_1_71' title="bbox 1419 2258 2420 2307; baseline 0.005 -14"><span class='ocrx_word' id='word_1_461' title='bbox 1419 2258 1641 2294; x_wconf 81' lang='lat' dir='ltr'>RESPONDEO</span> <span class='ocrx_word' id='word_1_462' title='bbox 1662 2269 1844 2295; x_wconf 66' lang='lat' dir='ltr'>monimum</span> <span class='ocrx_word' id='word_1_463' title='bbox 1870 2259 1974 2307; x_wconf 91' lang='lat' dir='ltr'>quod</span> <span class='ocrx_word' id='word_1_464' title='bbox 1993 2260 2203 2297; x_wconf 89' lang='lat' dir='ltr'>secundum</span> <span class='ocrx_word' id='word_1_465' title='bbox 2222 2261 2340 2297; x_wconf 88' lang='lat' dir='ltr'>fidem</span> <span class='ocrx_word' id='word_1_466' title='bbox 2361 2274 2420 2298; x_wconf 91' lang='lat' dir='ltr'>ca-</span> 
     </span>
     <span class='ocr_line' id='line_1_72' title="bbox 1365 2309 2656 2368; baseline 0.005 -23"><span class='ocrx_word' id='word_1_467' title='bbox 1365 2309 1543 2346; x_wconf 91' lang='lat' dir='ltr'>tholicam</span> <span class='ocrx_word' id='word_1_468' title='bbox 1563 2310 1583 2332; x_wconf 71' lang='grc'><em>*</em></span> <span class='ocrx_word' id='word_1_469' title='bbox 1612 2317 1666 2346; x_wconf 92' lang='lat' dir='ltr'>est</span> <span class='ocrx_word' id='word_1_470' title='bbox 1684 2311 1893 2348; x_wconf 86' lang='lat' dir='ltr'>tenendum</span> <span class='ocrx_word' id='word_1_471' title='bbox 1913 2312 2017 2359; x_wconf 93' lang='lat' dir='ltr'>quod</span> <span class='ocrx_word' id='word_1_472' title='bbox 2036 2313 2202 2360; x_wconf 89' lang='lat' dir='ltr'>primum</span> <span class='ocrx_word' id='word_1_473' title='bbox 2222 2321 2419 2362; x_wconf 89' lang='lat' dir='ltr'>peccatum</span> <span class='ocrx_word' id='word_1_474' title='bbox 2446 2320 2507 2368; x_wconf 59' lang='lat' dir='ltr'>{Cft</span> <span class='ocrx_word' id='word_1_475' title='bbox 2513 2321 2576 2342; x_wconf 69' lang='lat' dir='ltr'>Cone</span> <span class='ocrx_word' id='word_1_476' title='bbox 2578 2321 2602 2342; x_wconf 92' lang='lat'>¹·</span> <span class='ocrx_word' id='word_1_477' title='bbox 2610 2320 2656 2368; x_wconf 56' lang='grc' dir='ltr'>ΨΒ</span> 
     </span>
     <span class='ocr_line' id='line_1_73' title="bbox 1366 2353 2646 2414; baseline 0.005 -16"><span class='ocrx_word' id='word_1_478' title='bbox 1366 2362 1477 2410; x_wconf 89' lang='lat' dir='ltr'>primi</span> <span class='ocrx_word' id='word_1_479' title='bbox 1497 2362 1660 2399; x_wconf 89' lang='lat' dir='ltr'>hominis</span> <span class='ocrx_word' id='word_1_480' title='bbox 1680 2363 1905 2411; x_wconf 88' lang='lat' dir='ltr'>originaliter</span> <span class='ocrx_word' id='word_1_481' title='bbox 1918 2364 2049 2402; x_wconf 89' lang='lat' dir='ltr'>transit</span> <span class='ocrx_word' id='word_1_482' title='bbox 2066 2365 2105 2402; x_wconf 86' lang='lat' dir='ltr'>in</span> <span class='ocrx_word' id='word_1_483' title='bbox 2123 2373 2306 2414; x_wconf 90' lang='lat' dir='ltr'>posteros</span> <span class='ocrx_word' id='word_1_484' title='bbox 2326 2367 2419 2403; x_wconf 88' lang='lat' dir='ltr'>Pro·</span> <span class='ocrx_word' id='word_1_485' title='bbox 2446 2353 2646 2395; x_wconf 53' lang='grc' dir='ltr'>Ατᾶυέιῗωέῗπ</span> 
     </span>
     <span class='ocr_line' id='line_1_74' title="bbox 1366 2415 2418 2464; baseline 0.006 -14"><span class='ocrx_word' id='word_1_486' title='bbox 1366 2423 1448 2463; x_wconf 89' lang='lat' dir='ltr'>pter</span> <span class='ocrx_word' id='word_1_487' title='bbox 1475 2415 1579 2463; x_wconf 91' lang='lat' dir='ltr'>quod</span> <span class='ocrx_word' id='word_1_488' title='bbox 1608 2415 1720 2452; x_wconf 90' lang='lat' dir='ltr'>etiam</span> <span class='ocrx_word' id='word_1_489' title='bbox 1752 2416 1860 2464; x_wconf 90' lang='lat' dir='ltr'>pueri</span> <span class='ocrx_word' id='word_1_490' title='bbox 1888 2429 1978 2453; x_wconf 88' lang='lat' dir='ltr'>mox</span> <span class='ocrx_word' id='word_1_491' title='bbox 2011 2418 2087 2454; x_wconf 89' lang='lat' dir='ltr'>nati</span> <span class='ocrx_word' id='word_1_492' title='bbox 2121 2418 2339 2455; x_wconf 85' lang='lat' dir='ltr'>deferuntur</span> <span class='ocrx_word' id='word_1_493' title='bbox 2371 2419 2418 2456; x_wconf 94' lang='lat' dir='ltr'>ad</span> 
     </span>
     <span class='ocr_line' id='line_1_75' title="bbox 1366 2467 2418 2520; baseline 0.005 -17"><span class='ocrx_word' id='word_1_494' title='bbox 1366 2467 1609 2515; x_wconf 91' lang='lat' dir='ltr'>baptismum,</span> <span class='ocrx_word' id='word_1_495' title='bbox 1630 2475 1811 2516; x_wconf 87' lang='lat' dir='ltr'>tanquam</span> <span class='ocrx_word' id='word_1_496' title='bbox 1841 2469 1888 2505; x_wconf 92' lang='lat' dir='ltr'>ab</span> <span class='ocrx_word' id='word_1_497' title='bbox 1917 2469 2041 2517; x_wconf 87' lang='lat' dir='ltr'>aliqua</span> <span class='ocrx_word' id='word_1_498' title='bbox 2068 2470 2266 2507; x_wconf 90' lang='lat' dir='ltr'>infectione</span> <span class='ocrx_word' id='word_1_499' title='bbox 2287 2472 2418 2520; x_wconf 92' lang='lat' dir='ltr'>culpae</span> 
     </span>
     <span class='ocr_line' id='line_1_76' title="bbox 1367 2520 2418 2561; baseline 0.004 -5"><span class='ocrx_word' id='word_1_500' title='bbox 1367 2520 1554 2557; x_wconf 90' lang='lat' dir='ltr'>abluendi.</span> <span class='ocrx_word' id='word_1_501' title='bbox 1594 2521 1836 2557; x_wconf 89' lang='lat' dir='ltr'>Contrarium</span> <span class='ocrx_word' id='word_1_502' title='bbox 1869 2529 1996 2558; x_wconf 90' lang='lat' dir='ltr'>autem</span> <span class='ocrx_word' id='word_1_503' title='bbox 2029 2530 2084 2559; x_wconf 92' lang='lat' dir='ltr'>est</span> <span class='ocrx_word' id='word_1_504' title='bbox 2115 2523 2279 2560; x_wconf 90' lang='lat' dir='ltr'>haeresis</span> <span class='ocrx_word' id='word_1_505' title='bbox 2313 2525 2418 2561; x_wconf 90' lang='lat' dir='ltr'>Pela-</span> 
     </span>
     <span class='ocr_line' id='line_1_77' title="bbox 1366 2573 2418 2624; baseline 0.004 -15"><span class='ocrx_word' id='word_1_506' title='bbox 1366 2573 1509 2620; x_wconf 87' lang='lat' dir='ltr'>gianae,</span> <span class='ocrx_word' id='word_1_507' title='bbox 1539 2580 1580 2609; x_wconf 89' lang='lat' dir='ltr'>ut</span> <span class='ocrx_word' id='word_1_508' title='bbox 1606 2580 1708 2621; x_wconf 86' lang='lat' dir='ltr'>patet</span> <span class='ocrx_word' id='word_1_509' title='bbox 1734 2586 1803 2622; x_wconf 92' lang='lat' dir='ltr'>per</span> <span class='ocrx_word' id='word_1_510' title='bbox 1830 2575 2106 2621; x_wconf 88' lang='lat' dir='ltr'>Augustinum</span> <span class='ocrx_word' id='word_1_511' title='bbox 2099 2588 2137 2612; x_wconf 86' lang='lat' dir='ltr'>ln</span> <span class='ocrx_word' id='word_1_512' title='bbox 2155 2576 2323 2624; x_wconf 87' lang='lat' dir='ltr'>plurimis</span> <span class='ocrx_word' id='word_1_513' title='bbox 2342 2577 2418 2613; x_wconf 87' lang='lat' dir='ltr'>suis</span> 
     </span>
     <span class='ocr_line' id='line_1_78' title="bbox 1365 2625 2654 2680; baseline 0.004 -18"><span class='ocrx_word' id='word_1_514' title='bbox 1365 2625 1516 2662; x_wconf 78' lang='lat' dir='ltr'>libris*.</span> <span class='ocrx_word' id='word_1_515' title='bbox 2403 2639 2406 2645; x_wconf 93' lang='lat'>&#39;</span> <span class='ocrx_word' id='word_1_516' title='bbox 2445 2629 2543 2680; x_wconf 52' lang='lat' dir='ltr'><strong>{belsa</strong></span> <span class='ocrx_word' id='word_1_517' title='bbox 2534 2629 2605 2651; x_wconf 59' lang='lat' dir='ltr'><em>&#39;‘m‘&#39;</em></span> <span class='ocrx_word' id='word_1_518' title='bbox 2590 2631 2654 2676; x_wconf 61' lang='lat' dir='ltr'>‘²⁶ss5</span> 
     </span>
    </p>

    <p class='ocr_par' dir='ltr' id='par_1_30' title="bbox 1364 2661 2655 3305">
     <span class='ocr_line' id='line_1_79' title="bbox 1418 2661 2655 2739; baseline 0.003 -25"><span class='ocrx_word' id='word_1_519' title='bbox 1418 2678 1479 2715; x_wconf 88' lang='lat' dir='ltr'>Ad</span> <span class='ocrx_word' id='word_1_520' title='bbox 1494 2677 1797 2725; x_wconf 90' lang='lat' dir='ltr'>investigandum</span> <span class='ocrx_word' id='word_1_521' title='bbox 1813 2686 1939 2715; x_wconf 89' lang='lat' dir='ltr'>autem</span> <span class='ocrx_word' id='word_1_522' title='bbox 1956 2679 2111 2738; x_wconf 81' lang='lat' dir='ltr'>qualiter</span> <span class='ocrx_word' id='word_1_523' title='bbox 2128 2688 2325 2739; x_wconf 77' lang='lat' dir='ltr'>peccatum</span> <span class='ocrx_word' id='word_1_524' title='bbox 2345 2681 2418 2730; x_wconf 93' lang='lat' dir='ltr'>pri-</span> <span class='ocrx_word' id='word_1_525' title='bbox 2443 2672 2534 2728; x_wconf 53' lang='grc' dir='ltr'>ξζξηῑζξ</span> <span class='ocrx_word' id='word_1_526' title='bbox 2517 2661 2655 2734; x_wconf 50' lang='grc' dir='ltr'>Ε’ξξά</span> 
     </span>
     <span class='ocr_line' id='line_1_80' title="bbox 1367 2725 2651 2787; baseline 0.003 -21"><span class='ocrx_word' id='word_1_527' title='bbox 1367 2731 1419 2767; x_wconf 90' lang='lat' dir='ltr'>mi</span> <span class='ocrx_word' id='word_1_528' title='bbox 1450 2730 1615 2779; x_wconf 89' lang='lat' dir='ltr'>parentis</span> <span class='ocrx_word' id='word_1_529' title='bbox 1647 2731 1871 2778; x_wconf 89' lang='lat' dir='ltr'>originaliter</span> <span class='ocrx_word' id='word_1_530' title='bbox 1902 2732 2018 2779; x_wconf 91' lang='lat' dir='ltr'>possit</span> <span class='ocrx_word' id='word_1_531' title='bbox 2045 2733 2197 2769; x_wconf 86' lang='lat' dir='ltr'>transire</span> <span class='ocrx_word' id='word_1_532' title='bbox 2228 2733 2266 2769; x_wconf 88' lang='lat' dir='ltr'>in</span> <span class='ocrx_word' id='word_1_533' title='bbox 2294 2740 2417 2781; x_wconf 88' lang='lat' dir='ltr'>poste·</span> <span class='ocrx_word' id='word_1_534' title='bbox 2444 2734 2492 2780; x_wconf 55' lang='lat' dir='ltr'>fg?</span> <span class='ocrx_word' id='word_1_535' title='bbox 2495 2725 2571 2785; x_wconf 60' lang='lat' dir='ltr'>&#39;fff&#39;c</span> <span class='ocrx_word' id='word_1_536' title='bbox 2559 2734 2584 2755; x_wconf 82' lang='lat'>¹¹⁴</span> <span class='ocrx_word' id='word_1_537' title='bbox 2571 2735 2651 2787; x_wconf 56' lang='grc' dir='ltr'>ζξῗξι</span> 
     </span>
     <span class='ocr_line' id='line_1_81' title="bbox 1366 2766 2655 2843; baseline 0.003 -24"><span class='ocrx_word' id='word_1_538' title='bbox 1366 2796 1444 2830; x_wconf 92' lang='lat' dir='ltr'>ros,</span> <span class='ocrx_word' id='word_1_539' title='bbox 1479 2783 1617 2820; x_wconf 88' lang='lat' dir='ltr'>diversi</span> <span class='ocrx_word' id='word_1_540' title='bbox 1650 2783 1807 2820; x_wconf 90' lang='lat' dir='ltr'>diversis</span> <span class='ocrx_word' id='word_1_541' title='bbox 1838 2784 1909 2820; x_wconf 86' lang='lat' dir='ltr'>viis</span> <span class='ocrx_word' id='word_1_542' title='bbox 1940 2793 2214 2843; x_wconf 79' lang='lat' dir='ltr'>processerunt.</span> <span class='ocrx_word' id='word_1_543' title='bbox 2251 2785 2416 2831; x_wconf 90' lang='lat' dir='ltr'>Quidam</span> <span class='ocrx_word' id='word_1_544' title='bbox 2442 2786 2490 2833; x_wconf 59' lang='lat'>{²52</span> <span class='ocrx_word' id='word_1_545' title='bbox 2490 2766 2572 2840; x_wconf 46' lang='lat' dir='ltr'>”gf</span> <span class='ocrx_word' id='word_1_546' title='bbox 2579 2776 2655 2839; x_wconf 60' lang='grc' dir='ltr'>Πρξζζ</span> 
     </span>
     <span class='ocr_line' id='line_1_82' title="bbox 1367 2835 2417 2885; baseline 0.002 -13"><span class='ocrx_word' id='word_1_547' title='bbox 1367 2836 1483 2883; x_wconf 89' lang='lat' dir='ltr'>enim,</span> <span class='ocrx_word' id='word_1_548' title='bbox 1514 2835 1792 2872; x_wconf 89' lang='lat' dir='ltr'>considerantes</span> <span class='ocrx_word' id='word_1_549' title='bbox 1820 2837 1924 2885; x_wconf 92' lang='lat' dir='ltr'>quod</span> <span class='ocrx_word' id='word_1_550' title='bbox 1951 2837 2094 2885; x_wconf 92' lang='lat' dir='ltr'>peccati</span> <span class='ocrx_word' id='word_1_551' title='bbox 2123 2837 2333 2874; x_wconf 91' lang='lat' dir='ltr'>subiectum</span> <span class='ocrx_word' id='word_1_552' title='bbox 2363 2845 2417 2874; x_wconf 93' lang='lat' dir='ltr'>est</span> 
     </span>
     <span class='ocr_line' id='line_1_83' title="bbox 1366 2888 2417 2937; baseline 0 -11"><span class='ocrx_word' id='word_1_553' title='bbox 1366 2889 1493 2926; x_wconf 90' lang='lat' dir='ltr'>anima</span> <span class='ocrx_word' id='word_1_554' title='bbox 1512 2888 1711 2935; x_wconf 88' lang='lat' dir='ltr'>rationalis,</span> <span class='ocrx_word' id='word_1_555' title='bbox 1731 2897 1940 2937; x_wconf 91' lang='lat' dir='ltr'>posuerunt</span> <span class='ocrx_word' id='word_1_556' title='bbox 1958 2889 2062 2937; x_wconf 92' lang='lat' dir='ltr'>quod</span> <span class='ocrx_word' id='word_1_557' title='bbox 2082 2902 2170 2926; x_wconf 92' lang='lat' dir='ltr'>cum</span> <span class='ocrx_word' id='word_1_558' title='bbox 2197 2889 2340 2926; x_wconf 89' lang='lat' dir='ltr'>semine</span> <span class='ocrx_word' id='word_1_559' title='bbox 2360 2902 2417 2927; x_wconf 90' lang='lat' dir='ltr'>ra-</span> 
     </span>
     <span class='ocr_line' id='line_1_84' title="bbox 1365 2941 2417 2989; baseline 0.001 -11"><span class='ocrx_word' id='word_1_560' title='bbox 1365 2941 1511 2978; x_wconf 90' lang='lat' dir='ltr'>tionalis</span> <span class='ocrx_word' id='word_1_561' title='bbox 1540 2941 1666 2978; x_wconf 90' lang='lat' dir='ltr'>anima</span> <span class='ocrx_word' id='word_1_562' title='bbox 1694 2941 1919 2989; x_wconf 88' lang='lat' dir='ltr'>traducatur,</span> <span class='ocrx_word' id='word_1_563' title='bbox 1940 2949 1981 2978; x_wconf 89' lang='lat' dir='ltr'>ut</span> <span class='ocrx_word' id='word_1_564' title='bbox 2000 2942 2051 2978; x_wconf 91' lang='lat' dir='ltr'>sic</span> <span class='ocrx_word' id='word_1_565' title='bbox 2071 2953 2115 2978; x_wconf 86' lang='lat' dir='ltr'>ex</span> <span class='ocrx_word' id='word_1_566' title='bbox 2134 2942 2267 2978; x_wconf 88' lang='lat' dir='ltr'>infecta</span> <span class='ocrx_word' id='word_1_567' title='bbox 2290 2942 2417 2979; x_wconf 90' lang='lat' dir='ltr'>anima</span> 
     </span>
     <span class='ocr_line' id='line_1_85' title="bbox 1366 2993 2415 3041; baseline 0.001 -11"><span class='ocrx_word' id='word_1_568' title='bbox 1366 2994 1515 3030; x_wconf 89' lang='lat' dir='ltr'>animae</span> <span class='ocrx_word' id='word_1_569' title='bbox 1544 2994 1702 3030; x_wconf 84' lang='lat' dir='ltr'>infectae</span> <span class='ocrx_word' id='word_1_570' title='bbox 1734 2994 1894 3031; x_wconf 90' lang='lat' dir='ltr'>derivari</span> <span class='ocrx_word' id='word_1_571' title='bbox 1921 2993 2128 3030; x_wconf 90' lang='lat' dir='ltr'>videantur.</span> <span class='ocrx_word' id='word_1_572' title='bbox 2154 3015 2178 3021; x_wconf 93' lang='lat'>—</span> <span class='ocrx_word' id='word_1_573' title='bbox 2201 2994 2273 3030; x_wconf 92' lang='lat' dir='ltr'>Alii</span> <span class='ocrx_word' id='word_1_574' title='bbox 2301 3006 2415 3041; x_wconf 90' lang='lat' dir='ltr'>vero,</span> 
     </span>
     <span class='ocr_line' id='line_1_86' title="bbox 1365 3046 2418 3095; baseline 0.002 -13"><span class='ocrx_word' id='word_1_575' title='bbox 1365 3048 1439 3083; x_wconf 93' lang='lat' dir='ltr'>hoc</span> <span class='ocrx_word' id='word_1_576' title='bbox 1467 3046 1706 3095; x_wconf 89' lang='lat' dir='ltr'>repudiantes</span> <span class='ocrx_word' id='word_1_577' title='bbox 1734 3053 1916 3094; x_wconf 88' lang='lat' dir='ltr'>tanquam</span> <span class='ocrx_word' id='word_1_578' title='bbox 1945 3058 2157 3093; x_wconf 89' lang='lat' dir='ltr'>erroneum,</span> <span class='ocrx_word' id='word_1_579' title='bbox 2180 3046 2303 3083; x_wconf 88' lang='lat' dir='ltr'>conati</span> <span class='ocrx_word' id='word_1_580' title='bbox 2331 3055 2418 3084; x_wconf 91' lang='lat' dir='ltr'>sunt</span> 
     </span>
     <span class='ocr_line' id='line_1_87' title="bbox 1366 3097 2417 3147; baseline 0 -11"><span class='ocrx_word' id='word_1_581' title='bbox 1366 3099 1565 3136; x_wconf 91' lang='lat' dir='ltr'>ostendere</span> <span class='ocrx_word' id='word_1_582' title='bbox 1585 3098 1780 3146; x_wconf 91' lang='lat' dir='ltr'>quomodo</span> <span class='ocrx_word' id='word_1_583' title='bbox 1808 3099 1916 3147; x_wconf 90' lang='lat' dir='ltr'>culpa</span> <span class='ocrx_word' id='word_1_584' title='bbox 1936 3097 2082 3134; x_wconf 90' lang='lat' dir='ltr'>animae</span> <span class='ocrx_word' id='word_1_585' title='bbox 2101 3098 2264 3146; x_wconf 88' lang='lat' dir='ltr'>parentis</span> <span class='ocrx_word' id='word_1_586' title='bbox 2292 3099 2417 3136; x_wconf 90' lang='lat' dir='ltr'>tradu-</span> 
     </span>
     <span class='ocr_line' id='line_1_88' title="bbox 1366 3150 2415 3199; baseline 0.001 -11"><span class='ocrx_word' id='word_1_587' title='bbox 1366 3151 1460 3188; x_wconf 89' lang='lat' dir='ltr'>citur</span> <span class='ocrx_word' id='word_1_588' title='bbox 1486 3151 1524 3187; x_wconf 90' lang='lat' dir='ltr'>in</span> <span class='ocrx_word' id='word_1_589' title='bbox 1552 3151 1711 3199; x_wconf 91' lang='lat' dir='ltr'>prolem,</span> <span class='ocrx_word' id='word_1_590' title='bbox 1742 3150 1854 3187; x_wconf 90' lang='lat' dir='ltr'>etiam</span> <span class='ocrx_word' id='word_1_591' title='bbox 1883 3150 1912 3187; x_wconf 92' lang='lat' dir='ltr'>si</span> <span class='ocrx_word' id='word_1_592' title='bbox 1941 3150 2065 3187; x_wconf 85' lang='lat' dir='ltr'>anima</span> <span class='ocrx_word' id='word_1_593' title='bbox 2092 3163 2170 3187; x_wconf 91' lang='lat' dir='ltr'>non</span> <span class='ocrx_word' id='word_1_594' title='bbox 2189 3151 2415 3199; x_wconf 88' lang='lat' dir='ltr'>traducatur,</span> 
     </span>
     <span class='ocr_line' id='line_1_89' title="bbox 1364 3202 2418 3253; baseline 0.001 -13"><span class='ocrx_word' id='word_1_595' title='bbox 1364 3217 1434 3252; x_wconf 93' lang='lat' dir='ltr'>per</span> <span class='ocrx_word' id='word_1_596' title='bbox 1455 3204 1529 3240; x_wconf 92' lang='lat' dir='ltr'>hoc</span> <span class='ocrx_word' id='word_1_597' title='bbox 1549 3203 1653 3251; x_wconf 92' lang='lat' dir='ltr'>quod</span> <span class='ocrx_word' id='word_1_598' title='bbox 1673 3202 1840 3251; x_wconf 87' lang='lat' dir='ltr'>corporis</span> <span class='ocrx_word' id='word_1_599' title='bbox 1860 3203 2026 3239; x_wconf 88' lang='lat' dir='ltr'>defectus</span> <span class='ocrx_word' id='word_1_600' title='bbox 2049 3203 2294 3240; x_wconf 91' lang='lat' dir='ltr'>traducuntur</span> <span class='ocrx_word' id='word_1_601' title='bbox 2312 3216 2334 3241; x_wconf 89' lang='lat' dir='ltr'>a</span> <span class='ocrx_word' id='word_1_602' title='bbox 2351 3217 2418 3253; x_wconf 91' lang='lat' dir='ltr'>pa-</span> 
     </span>
     <span class='ocr_line' id='line_1_90' title="bbox 1366 3254 2417 3305; baseline 0 -12"><span class='ocrx_word' id='word_1_603' title='bbox 1366 3263 1469 3293; x_wconf 91' lang='lat' dir='ltr'>rente</span> <span class='ocrx_word' id='word_1_604' title='bbox 1488 3256 1526 3292; x_wconf 89' lang='lat' dir='ltr'>in</span> <span class='ocrx_word' id='word_1_605' title='bbox 1544 3256 1710 3303; x_wconf 86' lang='lat' dir='ltr'>prolem:</span> <span class='ocrx_word' id='word_1_606' title='bbox 1740 3254 1833 3291; x_wconf 87' lang='lat' dir='ltr'>sicut</span> <span class='ocrx_word' id='word_1_607' title='bbox 1853 3255 1883 3291; x_wconf 90' lang='lat' dir='ltr'>si</span> <span class='ocrx_word' id='word_1_608' title='bbox 1902 3260 1913 3276; x_wconf 75' lang='lat'>⁸</span> <span class='ocrx_word' id='word_1_609' title='bbox 1935 3255 2107 3303; x_wconf 88' lang='lat' dir='ltr'>leprosus</span> <span class='ocrx_word' id='word_1_610' title='bbox 2125 3263 2279 3303; x_wconf 87' lang='lat' dir='ltr'>generat</span> <span class='ocrx_word' id='word_1_611' title='bbox 2295 3257 2417 3305; x_wconf 89' lang='lat' dir='ltr'>lepro—</span> 
     </span>
    </p>
   </div>
   <div class='ocr_carea' id='block_1_23' title="bbox 1365 3306 2417 3357">
    <p class='ocr_par' dir='ltr' id='par_1_31' title="bbox 1365 3306 2417 3357">
     <span class='ocr_line' id='line_1_91' title="bbox 1365 3306 2417 3357; baseline 0.001 -12"><span class='ocrx_word' id='word_1_612' title='bbox 1365 3321 1462 3355; x_wconf 91' lang='lat' dir='ltr'>sum,</span> <span class='ocrx_word' id='word_1_613' title='bbox 1494 3315 1529 3343; x_wconf 93' lang='lat' dir='ltr'>et</span> <span class='ocrx_word' id='word_1_614' title='bbox 1556 3306 1780 3355; x_wconf 89' lang='lat' dir='ltr'>podagricus</span> <span class='ocrx_word' id='word_1_615' title='bbox 1801 3307 2058 3356; x_wconf 88' lang='lat' dir='ltr'>podagricum,</span> <span class='ocrx_word' id='word_1_616' title='bbox 2078 3315 2232 3357; x_wconf 90' lang='lat' dir='ltr'>propter</span> <span class='ocrx_word' id='word_1_617' title='bbox 2251 3308 2417 3357; x_wconf 86' lang='lat' dir='ltr'>aliquam</span> 
     </span>
    </p>
   </div>
   <div class='ocr_carea' id='block_1_24' title="bbox 2446 1901 2580 1924">
    <p class='ocr_par' dir='ltr' id='par_1_32' title="bbox 2446 1901 2580 1924">
     <span class='ocr_line' id='line_1_92' title="bbox 2446 1901 2580 1924; baseline 0.015 -3"><span class='ocrx_word' id='word_1_618' title='bbox 2446 1903 2456 1912; x_wconf 85' lang='lat'><strong>·</strong></span> <span class='ocrx_word' id='word_1_619' title='bbox 2471 1901 2537 1924; x_wconf 87' lang='lat' dir='ltr'>Vers.</span> <span class='ocrx_word' id='word_1_620' title='bbox 2552 1908 2580 1923; x_wconf 68' lang='grc' dir='ltr'>ιι.</span> 
     </span>
    </p>
   </div>
   <div class='ocr_carea' id='block_1_25' title="bbox 1087 3385 1729 3389">
    <p class='ocr_par' dir='ltr' id='par_1_33' title="bbox 1087 3385 1729 3389">
     <span class='ocr_line' id='line_1_93' title="bbox 1087 3385 1729 3389; baseline 0 0"><span class='ocrx_word' id='word_1_621' title='bbox 1087 3385 1729 3389; x_wconf 95' lang='lat' dir='ltr'> </span> 
     </span>
    </p>
   </div>
   <div class='ocr_carea' id='block_1_26' title="bbox 915 3386 1729 3389">
    <p class='ocr_par' dir='ltr' id='par_1_34' title="bbox 915 3386 1729 3389">
     <span class='ocr_line' id='line_1_94' title="bbox 915 3386 1729 3389; baseline 0 0"><span class='ocrx_word' id='word_1_622' title='bbox 915 3386 1729 3389; x_wconf 95' lang='lat' dir='ltr'> </span> 
     </span>
    </p>
   </div>
   <div class='ocr_carea' id='block_1_27' title="bbox 255 3420 1310 3527">
    <p class='ocr_par' dir='ltr' id='par_1_35' title="bbox 255 3420 1310 3527">
     <span class='ocr_line' id='line_1_95' title="bbox 308 3420 1310 3457; baseline -0.002 -10"><span class='ocrx_word' id='word_1_623' title='bbox 308 3422 336 3457; x_wconf 86' lang='grc' dir='ltr'>α)</span> <span class='ocrx_word' id='word_1_624' title='bbox 353 3422 430 3447; x_wconf 84' lang='lat' dir='ltr'>Circa</span> <span class='ocrx_word' id='word_1_625' title='bbox 445 3422 523 3455; x_wconf 78' lang='lat' dir='ltr'>quod.</span> <span class='ocrx_word' id='word_1_626' title='bbox 536 3436 553 3441; x_wconf 94' lang='lat'><em>-</em></span> <span class='ocrx_word' id='word_1_627' title='bbox 571 3422 647 3447; x_wconf 85' lang='lat' dir='ltr'>Circa</span> <span class='ocrx_word' id='word_1_628' title='bbox 656 3422 774 3453; x_wconf 81' lang='lat' dir='ltr'>primum</span> <span class='ocrx_word' id='word_1_629' title='bbox 790 3421 820 3450; x_wconf 85' lang='lat' dir='ltr'>G.</span> <span class='ocrx_word' id='word_1_630' title='bbox 833 3420 868 3445; x_wconf 85' lang='lat' dir='ltr'>Et</span> <span class='ocrx_word' id='word_1_631' title='bbox 881 3420 951 3445; x_wconf 82' lang='lat' dir='ltr'>circa</span> <span class='ocrx_word' id='word_1_632' title='bbox 966 3421 1014 3446; x_wconf 85' lang='lat' dir='ltr'>hoc</span> <span class='ocrx_word' id='word_1_633' title='bbox 1027 3421 1055 3444; x_wconf 86' lang='lat' dir='ltr'>P.</span> <span class='ocrx_word' id='word_1_634' title='bbox 1064 3434 1082 3438; x_wconf 98' lang='lat'>—</span> <span class='ocrx_word' id='word_1_635' title='bbox 1097 3421 1146 3445; x_wconf 86' lang='lat' dir='ltr'>Pro</span> <span class='ocrx_word' id='word_1_636' title='bbox 1158 3424 1310 3450; x_wconf 85' lang='lat' dir='ltr'>occurrunt,</span> 
     </span>
     <span class='ocr_line' id='line_1_96' title="bbox 255 3457 608 3486; baseline -0.006 -3"><span class='ocrx_word' id='word_1_637' title='bbox 255 3461 317 3483; x_wconf 78' lang='lat' dir='ltr'>sunt</span> <span class='ocrx_word' id='word_1_638' title='bbox 334 3458 376 3486; x_wconf 75' lang='lat' dir='ltr'>ve!</span> <span class='ocrx_word' id='word_1_639' title='bbox 393 3461 537 3483; x_wconf 83' lang='lat' dir='ltr'>occurrunt</span> <span class='ocrx_word' id='word_1_640' title='bbox 556 3457 608 3482; x_wconf 84' lang='lat' dir='ltr'>EF.</span> 
     </span>
     <span class='ocr_line' id='line_1_97' title="bbox 308 3491 773 3527; baseline -0.009 -8"><span class='ocrx_word' id='word_1_641' title='bbox 308 3491 334 3527; x_wconf 85' lang='grc' dir='ltr'>β)</span> <span class='ocrx_word' id='word_1_642' title='bbox 349 3493 504 3526; x_wconf 70' lang='lat' dir='ltr'>perfectius.</span> <span class='ocrx_word' id='word_1_643' title='bbox 522 3506 541 3511; x_wconf 96' lang='lat'>-</span> <span class='ocrx_word' id='word_1_644' title='bbox 554 3493 702 3525; x_wconf 70' lang='lat' dir='ltr'>perfectum</span> <span class='ocrx_word' id='word_1_645' title='bbox 722 3491 773 3516; x_wconf 84' lang='lat' dir='ltr'>EF.</span> 
     </span>
    </p>
   </div>
   <div class='ocr_carea' id='block_1_28' title="bbox 1418 3420 2417 3523">
    <p class='ocr_par' dir='ltr' id='par_1_36' title="bbox 1418 3420 2417 3523">
     <span class='ocr_line' id='line_1_98' title="bbox 1418 3420 2417 3454; baseline 0.003 -10"><span class='ocrx_word' id='word_1_646' title='bbox 1418 3421 1443 3453; x_wconf 88' lang='grc' dir='ltr'>γ)</span> <span class='ocrx_word' id='word_1_647' title='bbox 1463 3420 1603 3445; x_wconf 80' lang='lat' dir='ltr'>emundari</span> <span class='ocrx_word' id='word_1_648' title='bbox 1621 3427 1637 3444; x_wconf 85' lang='lat' dir='ltr'>a</span> <span class='ocrx_word' id='word_1_649' title='bbox 1655 3421 1733 3452; x_wconf 86' lang='lat' dir='ltr'>culpa</span> <span class='ocrx_word' id='word_1_650' title='bbox 1749 3420 1883 3453; x_wconf 82' lang='lat' dir='ltr'>originali.</span> <span class='ocrx_word' id='word_1_651' title='bbox 1902 3434 1920 3438; x_wconf 92' lang='lat'><em>-</em></span> <span class='ocrx_word' id='word_1_652' title='bbox 1939 3420 2066 3445; x_wconf 78' lang='lat' dir='ltr'>mundari</span> <span class='ocrx_word' id='word_1_653' title='bbox 2083 3428 2100 3445; x_wconf 83' lang='lat' dir='ltr'>a</span> <span class='ocrx_word' id='word_1_654' title='bbox 2118 3422 2196 3454; x_wconf 79' lang='lat' dir='ltr'>culpa</span> <span class='ocrx_word' id='word_1_655' title='bbox 2214 3423 2348 3454; x_wconf 81' lang='lat' dir='ltr'>corporali</span> <span class='ocrx_word' id='word_1_656' title='bbox 2366 3423 2417 3447; x_wconf 81' lang='lat' dir='ltr'>EF.</span> 
     </span>
     <span class='ocr_line' id='line_1_99' title="bbox 1418 3454 2035 3486; baseline 0.002 -7"><span class='ocrx_word' id='word_1_657' title='bbox 1418 3454 1442 3486; x_wconf 76' lang='grc' dir='ltr'>ὃ)</span> <span class='ocrx_word' id='word_1_658' title='bbox 1462 3455 1626 3480; x_wconf 81' lang='lat' dir='ltr'>imitationis.</span> <span class='ocrx_word' id='word_1_659' title='bbox 1644 3469 1663 3474; x_wconf 93' lang='lat'>—</span> <span class='ocrx_word' id='word_1_660' title='bbox 1681 3456 1721 3480; x_wconf 83' lang='lat' dir='ltr'>vel</span> <span class='ocrx_word' id='word_1_661' title='bbox 1738 3455 1900 3480; x_wconf 77' lang='lat' dir='ltr'>incitationis</span> <span class='ocrx_word' id='word_1_662' title='bbox 1919 3455 1988 3480; x_wconf 82' lang='lat' dir='ltr'>addit</span> <span class='ocrx_word' id='word_1_663' title='bbox 2006 3455 2035 3480; x_wconf 77' lang='lat' dir='ltr'>P.</span> 
     </span>
     <span class='ocr_line' id='line_1_100' title="bbox 1419 3490 1669 3523; baseline 0 -9"><span class='ocrx_word' id='word_1_664' title='bbox 1419 3490 1440 3523; x_wconf 88' lang='grc' dir='ltr'>ε)</span> <span class='ocrx_word' id='word_1_665' title='bbox 1460 3490 1490 3515; x_wconf 87' lang='lat' dir='ltr'>si.</span> <span class='ocrx_word' id='word_1_666' title='bbox 1509 3504 1527 3511; x_wconf 87' lang='lat'>·-</span> <span class='ocrx_word' id='word_1_667' title='bbox 1545 3490 1605 3515; x_wconf 90' lang='lat' dir='ltr'>Om.</span> <span class='ocrx_word' id='word_1_668' title='bbox 1624 3491 1669 3515; x_wconf 83' lang='lat' dir='ltr'>Pa.</span> 
     </span>
    </p>
   </div>
  </div>
 </body>
</html>
