2840 4010
65 3495 77 3506 ·
86 3494 172 3518 eontra
181 3495 276 3518 necund-

54 3539 57 3541 .
66 3521 170 3544 eonem·-

947 203 1212 249 QUAESTIO
1243 204 1417 251 LXXIX,
1446 204 1740 242 ARTICULUS
1770 205 1801 241 11

343 281 402 316 AD
421 290 610 317 SECUNDUM
630 292 813 318 DICENDUM
828 282 944 330 quod,
962 288 1048 318 cum'
1064 282 1214 320 dicitur:
1234 283 1347 319 Crea-

290 338 397 370 turae
424 332 500 369 Dei
510 334 643 381 sactae
669 339 755 370 sunt
773 334 809 370 in
838 335 964 371 odium
985 341 1018 371 et
1046 335 1082 371 in
1112 335 1347 371 tentationem

289 383 441 423 animae
457 386 665 432 hominum,
684 386 779 423 haec
797 387 1028 435 praepositio
1047 387 1084 423 in
1100 399 1178 423 non
1198 387 1350 435 ponitur

291 437 498 485 causaliter,
519 439 586 476 sed
611 439 871 476 consecutive:
901 452 979 476 non
1007 439 1108 476 enim
1133 439 1239 475 Deus
1265 439 1349 475 fecit

290 498 480 527 creaturas
514 491 563 528 ad
591 493 735 529 malum
770 492 990 538 hominurn,
1020 491 1088 527 sed
1115 491 1191 527 hoc
1219 503 1349 527 conse-

291 550 421 580 cutum
450 551 507 580 est
533 551 688 593 propter
714 544 965 592 insipientiam
994 542 1208 579 hominum.
1238 543 1349 580 Unde

291 596 483 633 subditur:
513 602 550 633 et
574 597 611 633 in
637 595 883 644 muscipulam
905 595 1059 643 pedibus
1088 595 1348 643 insipientium,

291 648 356 698 qui
383 649 523 686 scilicet
549 661 619 698 per
646 661 756 686 suam
786 647 1039 697 insipientiam
1066 656 1221 685 utuntur
1249 660 1349 685 crea-

291 701 382 739 turis
409 701 458 739 ad
486 702 588 739 aliud
615 714 732 750 quam
760 701 810 737 ad
838 701 942 749 quod
970 701 1090 738 factae
1117 708 1215 740 sunt.

343 756 402 791 AD
420 765 581 791 TERTIUM
607 765 791 790 D1CENDUM
811 754 1092 801 quodeffectus
1113 765 1249 790 causae
1267 765 1347 789 me-

292 806 376 844 diae
403 807 615 856 procedens
644 807 692 842 ab
721 818 766 842 ea
795 807 1004 843 seeundum
1038 808 1143 856 quod
1178 806 1350 843 subditur

292 858 416 896 ordini
435 870 571 903 causae
599 858 757 908 primae,
778 859 970 896 reducitur
994 859 1107 896 etiam
1135 858 1174 895 in
1195 870 1348 895 causam

290 911 468 964 primam.
498 911 575 949 Sed
603 910 634 948 si
661 911 844 960 procedat
869 925 891 949 a
920 925 1034 950 causa
1062 911 1188 950 media
1216 923 1348 948 secun-

2408 215 2458 251 77

1403 283 1493 319 dum
1522 284 1626 333 quod
1647 283 1719 320 exit
1746 283 1919 321 ordinem
1949 295 2083 320 causae
2109 283 2268 332 primae,
2294 296 2372 321 non
2400 297 2458 321 re·

1404 335 1549 372 ducitur
1575 336 1613 372 in
1642 348 1796 373 causam
1828 335 2014 385 primam:
2044 336 2138 373 sicut
2166 336 2195 373 si
2220 336 2387 373 minister
2406 337 2458 374 fa-

1404 388 1474 424 ciat
1502 389 1643 436 aliquid
1672 397 1802 426 contra
1830 389 2052 427 mandatum
2082 389 2249 437 domini,
2277 390 2351 427 hoc
2379 402 2457 427 non

1403 440 1591 477 reducitur
1619 442 1656 478 in
1680 442 1878 479 dominum
1908 442 2003 479 sicut
2025 443 2063 479 in
2083 454 2250 480 causam.
2280 443 2329 479 Et
2357 443 2457 479 simi-

1402 492 1484 528 liter
1502 501 1698 540 peccatum
1719 495 1823 542 quod
1848 495 2008 531 liberum
2037 494 2230 532 arbitrium
2259 495 2458 532 committit

1404 552 1534 603 contra
1561 554 1806 595 praeceptum
1835 547 1919 594 Dei,
1940 560 2018 584 non
2047 547 2235 584 reducitur
2262 547 2300 584 in
2328 549 2455 585 Deum

1404 604 1498 633 soeut
1525 609 1563 633 in
1592 610 1757 635 causam.

1456 651 1515 685 AD
1545 661 1716 691 QUARTUM
1744 663 1925 689 DicENDUM
1953 653 2058 701 quod
2093 665 2220 701 poena
2252 653 2457 702 opponitur

1404 701 1507 738 bono
1537 701 1616 738 eius
1645 703 1709 750 qui
1737 704 1899 751 punitur,
1925 706 1989 753 qui
2017 705 2184 753 privatur
2211 718 2455 755 quocumque

1404 754 1519 790 bono.
1551 755 1627 791 Sed
1657 756 1766 803 culpa
1794 757 1997 804 opponitur
2016 758 2118 794 bono
2148 758 2290 795 ordinis
2317 759 2381 807 qui
2402 766 2457 796 est

1403 805 1440 842 in
1469 808 1618 843 Deum:
1646 807 1749 844 unde
1778 808 1916 845 directe
1949 810 2152 858 opponitur
2179 811 2334 848 bonitati
2363 811 2456 849 divi-

1403 871 1474 895 nae
1496 860 1526 895 ²⁸.
1558 860 1606 896 Et
1633 868 1788 908 propter
1821 861 1894 898 hoc
1931 874 2009 899 non
2039 871 2093 899 est
2124 863 2250 900 similis
2288 864 2379 901 ratio
2410 864 2456 902 de

1404 913 1512 960 culpa
1542 920 1577 948 et
1603 924 1740 960 poena.

1059 1076 1375 1120 ARTICULUS
1405 1076 1701 1120 SECUNDUS

881 1165 1072 1196 UTRUM
1102 1164 1281 1196 AC’rus
1317 1164 1555 1195 PECCATI
1591 1165 1676 1195 SIT
1708 1167 1737 1195 A
1769 1166 1876 1197 Deo

947 1240 967 1264 ΙΙ
982 1239 1064 1269 Sent„
1078 1240 1137 1264 dist.
1146 1246 1242 1269 xxxvn,
1257 1246 1302 1271 qu.
1311 1245 1344 1269 n,
1358 1244 1404 1264 art.
1416 1246 1444 1269 23
1465 1240 1506 1264 De
1520 1239 1602 1269 Malo,
1617 1248 1662 1272 qu.
1671 1247 1712 1270 ιιι,
1727 1245 1772 1265 art.
1785 1247 1810 1266 2.

414 1359 417 1362 ,
477 1341 482 1347 ν
504 1332 527 1357 D
541 1331 731 1357 SECUNDUM
746 1332 800 1357 sm
814 1329 1053 1357 Pnocamrua.
1074 1318 1232 1356 Videtur
1247 1319 1351 1367 quod

344 1381 364 1419 {3
376 1397 415 1424 ἕ
433 1370 475 1431 {59
505 1380 611 1410 actus
638 1373 783 1424 peccati
801 1385 879 1410 non
901 1372 947 1409 sit
965 1384 988 1408 a
1006 1373 1103 1409 Deo.
1133 1371 1232 1408 Dicit
1251 1371 1352 1408 enim

314 1420 430 1474 t'j‘ar..
448 1429 474 1464 ‘6
488 1422 750 1474 Augustinus,
777 1425 816 1462 in
836 1426 931 1463 libro
960 1425 1006 1462 de
1031 1424 1264 1473 Per-sectione
1289 1425 1353 1460 Iu-

301 1470 446 1511 ΧῬἛ
463 1468 625 1515 Kstitiae
642 1478 673 1525 ³³⁴,
704 1478 808 1527 quod
828 1484 932 1515 actus
945 1477 1093 1526 peccati
1119 1490 1193 1514 non
1218 1483 1271 1514 est
1295 1489 1354 1513 res

292 1529 434 1580 aliqua.
468 1531 598 1568 Omne
630 1538 756 1568 autem
792 1531 898 1579 quod
933 1538 988 1568 est
1014 1543 1037 1568 a
1063 1531 1171 1578 Deo,
1205 1537 1260 1567 est
1297 1543 1354 1567 res

290 1581 432 1632 aliqua.
462 1584 564 1631 Ergo
594 1592 698 1621 actus
726 1584 872 1632 peccati
899 1596 978 1621 non
1005 1591 1062 1620 est
1089 1597 1112 1621 a
1139 1585 1237 1620 Deo.

294 1650 311 1666 -’
327 1648 384 1674 ’2,
405 1637 638 1683 PRAETEREA,
654 1638 772 1673 homo
793 1649 871 1674 non
887 1636 1021 1674 dicitur
1036 1648 1118 1674 esse
1133 1648 1248 1673 causa
1267 1648 1355 1685 pec-

294 1689 367 1732 c’ati
394 1689 466 1726 nisi
492 1689 582 1739 quia
605 1690 724 1726 homo
747 1697 802 1726 est
822 1702 935 1727 causa
958 1697 1064 1727 actus
1090 1688 1253 1739 peccati:
1275 1689 1355 1725 nul-

293 1738 352 1780 tus
381 1742 483 1780 enim
512 1742 702 1780 intendens
729 1744 780 1779 ad
807 1742 950 1780 malum
977 1748 1167 1791 operatur,
1195 1749 1237 1778 ut
1264 1741 1355 1778 Dio-

260 1819 266 1830 ,
293 1795 426 1844 nysius
444 1795 544 1842 dicit,
565 1807 600 1833 ιν
620 1808 701 1843 cap.
722 1796 768 1832 de
786 1797 872 1832 Div.
884 1796 1001 1834 Nom.
1016 1795 1036 1817 ²¹²
1055 1796 1257 1833 SedDeus
1277 1807 1354 1832 non

295 1856 351 1887 est
370 1859 485 1886 causa
503 1849 660 1896 peccati,
680 1856 722 1884 ut
741 1848 884 1885 dictum
905 1856 960 1885 est
973 1848 1004 1885 ²⁸.
1030 1849 1132 1896 Ergo
1151 1849 1257 1885 Deus
1277 1860 1355 1885 non

295 1909 352 1939 est
379 1903 625 1939 causa-actus
652 1901 808 1950 peccati.

296 1968 299 1973 ’
342 1955 640 2004 ³32PRAETEREA,
656 1954 770 2003 aliqui
790 1962 894 1991 actus
914 1954 1125 1992 secundum
1141 1965 1249 1990 suam
1272 1966 1355 2002 spe-

235 2033 267 2040 ..
296 2005 393 2046 'ciem
422 2015 510 2045 sunt
543 2006 634 2044 mali
671 2015 707 2044 et
741 2015 917 2056 peccata,
946 2014 988 2044 ut
1020 2019 1066 2044 ex
1094 2006 1316 2056 supradictis
1335 2007 1355 2028 '¹‘

294 2067 408 2111 patet.
440 2060 516 2103 Sed
536 2059 720 2109 quidquid
749 2068 805 2097 est
828 2072 942 2097 causa
970 2058 1137 2107 alicuius,
1154 2067 1214 2096 est
1242 2072 1355 2097 causa

295 2113 382 2151 eiua:
404 2114 509 2162 quod
537 2114 718 2150 convenit
738 2113 771 2150 ei
799 2113 1010 2150 secundum
1035 2124 1145 2150 suam
1173 2112 1354 2161 speciem.

296 2166 336 2203 Si
364 2178 454 2214 ergo
483 2168 589 2203 Deus
609 2173 707 2202 esset
734 2177 848 2202 causa
871 2174 975 2203 actus
1003 2165 1159 2215 peccati,
1180 2177 1356 2214 sequere-

295 2226 356 2256 tur
383 2219 488 2269 quod
516 2226 615 2256 esset
651 2230 765 2255 causa
796 2219 951 2268 peccati.
983 2218 1058 2256 Sed
1086 2219 1160 2255 hoc
1193 2230 1272 2255 non
1302 2226 1357 2255 est

247 2297 253 2303 -
293 2283 451 2321 verum,
480 2279 522 2309 ut
555 2279 750 2323 ostensum
789 2279 845 2309 est
861 2271 892 2309 ³¹³.
922 2272 1024 2320 Ergo
1053 2272 1157 2309 Deus
1195 2284 1272 2308 non
1303 2279 1357 2309 est

297 2337 411 2371 causa
437 2332 543 2370 actus
571 2324 727 2373 peccati.

347 2378 424 2415 SED
453 2389 616 2424 CONTRA,
646 2385 751 2414 actus
779 2377 924 2426 peccati
959 2384 1014 2414 est
1042 2377 1198 2425 quidam
1230 2385 1357 2415 motus

295 2431 404 2468 liberi
422 2430 575 2468 arbitrii.
607 2431 684 2467 Sed
702 2430 875 2467 voluntas
892 2429 968 2467 Dei
985 2435 1040 2466 est
1054 2441 1170 2467 causa
1189 2431 1357 2467 omnium

295 2484 516 2529 motionum,
535 2491 578 2520 ut
596 2483 828 2531 Augustinus
849 2483 948 2530 dicit,
969 2483 1019 2519 111
1039 2483 1084 2519 de
1103 2483 1237 2520 Trinst‘
1256 2484 1357 2532 Ergo

297 2537 474 2575 ‘voluntas
502 2536 575 2573 Dei
605 2543 660 2573 est
689 2548 802 2579 causa
831 2543 934 2573 actus
961 2535 1118 2584 peccati.

348 2589 576 2627 RESPONDEO
595 2601 781 2627 D1CENDUM
809 2588 915 2637 quod
935 2595 1040 2626 actus
1067 2588 1212 2637 peceati
1242 2595 1278 2626 et
1305 2597 1360 2626 est

299 2654 378 2690 ens,
404 2650 441 2683 et
468 2650 524 2679 est
549 2650 672 2687 actus;
693 2650 729 2679 et
748 2654 792 2679 ex
817 2649 979 2690 utroque
998 2642 1113 2678 habet
1140 2642 1245 2690 quod
1273 2641 1319 2678 sit
1337 2654 1360 2678 a

298 2696 384 2732 Deo
401 2695 434 2732 '¹‘.
465 2695 592 2732 Omne
621 2695 723 2732 enim
753 2707 840 2742 ens,-
870 2706 1115 2743 quocumque
1144 2695 1263 2732 modo
1293 2695 1358 2741 sit,

299 2754 450 2797 oportet
482 2748 587 2797 quod
625 2747 815 2785 derivetur
843 2760 864 2784 a
892 2747 1017 2796 primo
1048 2754 1153 2792 ente;
1183 2754 1224 2785 ut
1258 2755 1361 2797 patet

299 2812 369 2850 per
386 2799 630 2852 Dionysium,
650 2812 674 2838 v
694 2813 775 2849 cap.
797 2801 842 2838 de
860 2801 946 2837 Div.
967 2800 1084 2838 Nom.
1099 2799 1120 2822 '¹‘
1137 2800 1275 2852 ¹Omnis
1296 2813 1359 2837 au-

299 2859 378 2891 tem
399 2858 416 2874 α
444 2852 541 2890 actio
565 2861 743 2892 causatur
762 2854 810 2890 ab
830 2853 958 2902 aliquo
979 2853 1159 2891 existente
1186 2854 1224 2890 in
1253 2861 1360 2901 actu,

301 2905 389 2955 quia
404 2906 496 2943 nihil
510 2904 584 2954 agit
603 2905 674 2944 nisi
691 2906 905 2943 secundum
925 2907 1029 2955 quod
1051 2913 1107 2943 est
1121 2913 1224 2944 actu:
1246 2918 1360 2943 omne

301 2965 428 3004 autem
459 2970 526 2995 ens
545 2966 631 2996 actu
658 2959 849 2997 reducitur
875 2959 914 2996 in
931 2959 1100 3008 primum
1131 2967 1271 3006 actum,
1292 2959 1362 2996 sci-

300 3011 387 3049 licet
414 3013 553 3059 Deum,
584 3011 678 3049 sicut
704 3012 744 3049 in
773 3023 946 3060 causam,
975 3011 1040 3061 qui
1070 3019 1220 3061 est‘per
1252 3023 1362 3049 suam

1406 1319 1608 1355 essentiam
1633 1327 1748 1356 actus.
1778 1320 1889 1357 Unde
1919 1321 2136 1369 relinquitur
2159 1322 2262 1370 quod
2290 1323 2395 1359 Deus
2414 1323 2460 1359 sit

1407 1383 1519 1408 causa
1548 1372 1672 1409 omnis
1701 1372 1868 1420 actionis,
1898 1373 2118 1422 inquantum
2147 1382 2202 1411 est
2230 1374 2338 1412 actio.

1460 1424 1536 1461 Sed
1563 1432 1764 1473 peccatum
1797 1425 1968 1462 nominat
1997 1438 2063 1463 ens
2092 1434 2128 1463 et
2155 1427 2342 1464 actionem
2371 1439 2458 1464 cum

1407 1477 1575 1525 quodam
1597 1477 1756 1514 defectu.
1777 1478 1955 1515 Defectus
1975 1486 2102 1515 autem
2121 1479 2180 1516 ille
2209 1487 2264 1516 est
2283 1487 2328 1517 ex
2347 1493 2460 1518 causa

1407 1538 1542 1576 creata,
1558 1530 1696 1567 scilicet
1710 1530 1829 1567 libero
1845 1531 2008 1577 arbitrio,
2029 1532 2252 1579 inquantum
2267 1533 2393 1570 deficit
2411 1534 2458 1570 ab

1407 1582 1538 1619 ordine
1565 1583 1679 1631 primi
1703 1583 1857 1630 agentis,
1877 1584 2016 1620 scilicet
2042 1585 2126 1622 Dei.
2156 1585 2265 1622 Unde
2293 1586 2460 1623 defectus

1407 1635 1474 1671 iste
1503 1634 1581 1672 non
1601 1635 1789 1673 reducitur
1815 1636 1853 1673 in
1873 1637 1999 1673 Deum
2029 1637 2123 1674 sicut
2146 1637 2184 1674 in
2208 1650 2373 1685 causam,
2394 1638 2460 1675 sed

1407 1687 1445 1724 in
1473 1688 1633 1725 liberum
1663 1689 1876 1726 arbitrium:
1906 1689 2000 1726 sicut
2029 1690 2194 1727 defectus
2223 1691 2460 1728 claudicatio-

1408 1741 1464 1778 nis
1492 1741 1682 1779 reducitur
1700 1741 1738 1778 in
1766 1741 1895 1779 tibiam
1926 1754 2082 1780 curvam
2106 1742 2200 1780 sicut
2226 1743 2264 1780 in
2293 1756 2458 1792 causam,

1408 1806 1485 1830 non
1513 1802 1640 1831 autern
1668 1795 1707 1831 in
1734 1793 1911 1832 virtutem
1945 1795 2150 1842 motivam,
2179 1809 2201 1832 a
2229 1809 2305 1844 qua
2332 1804 2460 1835 tamen

1409 1855 1582 1883 causatur
1609 1847 1795 1896 quidquid
1827 1855 1883 1884 est
1911 1848 2088 1884 motionis
2111 1848 2149 1885 in
2179 1849 2458 1886 claudicatione.

1409 1900 1456 1936 Et
1484 1900 1694 1936 secundum
1723 1901 1808 1946 hoc,
1834 1902 1939 1937 Deus
1961 1909 2015 1937 est
2035 1913 2147 1938 causa
2175 1908 2278 1938 actus
2303 1902 2458 1951 peccati,

1408 1964 1486 1989 non
1513 1961 1641 1990 tamen
1662 1960 1716 1990 est
1740 1965 1852 1990 causa
1875 1953 2040 2002 peccati:
2070 1954 2158 2002 quia
2177 1966 2255 1991 non
2275 1962 2330 1991 est
2349 1966 2461 1992 causa

1407 2005 1533 2053 huius,
1563 2007 1668 2055 quod
1696 2013 1799 2042 aetus
1828 2006 1873 2043 sit
1901 2019 1988 2043 cum
2018 2006 2175 2044 defectu.

1460 2060 1517 2095 AD
1546 2070 1682 2096 PRIMUM
1701 2070 1800 2096 ERGO
1820 2071 2003 2096 DicENDUM
2021 2059 2126 2107 quod
2145 2059 2375 2107 Augustinus
2394 2073 2462 2097 no·

1408 2111 1526 2148 minat
1553 2111 1603 2147 ibi
1631 2124 1713 2148 rem
1741 2111 1779 2149 id
1811 2112 1918 2160 quod
1951 2119 2006 2148 est
2038 2125 2097 2149 res
2129 2112 2360 2161 simpliciter,
2394 2113 2462 2149 sci-

1407 2164 1491 2200 licet
1530 2164 1787 2201 substantiam.
1827 2164 1889 2202 Sic
1926 2165 2026 2201 enim
2069 2172 2171 2202 actus
2207 2165 2350 2213 peccati
2385 2178 2463 2202 non

1409 2224 1465 2254 est
1493 2230 1563 2253 res.

1461 2273 1519 2307 AD
1540 2282 1729 2307 SECUNDUM
1748 2282 1931 2308 DICENDUM
1951 2270 2056 2320 quod
2083 2270 2122 2307 in
2149 2270 2342 2308 hominem
2370 2271 2464 2308 sicut

1410 2323 1448 2360 in
1476 2335 1630 2360 causam
1659 2322 1848 2360 reducitur
1876 2335 1954 2360 non
1973 2323 2097 2360 solum
2126 2331 2242 2370 actus,
2264 2324 2331 2360 sed
2350 2324 2463 2361 etiam

1410 2377 1490 2425 ipse
1519 2376 1704 2413 defectus:
1733 2375 1822 2424 quia
1854 2376 1994 2412 scilicet
2027 2383 2115 2413 non‘
2141 2376 2312 2413 subditur
2340 2377 2373 2413 ei
2405 2377 2465 2413 cui

1412 2430 1523 2466 debet
1543 2429 1666 2476 subdi,
1685 2428 1770 2465 licet
1793 2429 1867 2465 hoc
1886 2429 1966 2477 ipse
1986 2441 2064 2465 non
2091 2429 2259 2466 intendat
2281 2429 2464 2479 principa-

1411 2483 1503 2519 liter.
1533 2483 1581 2518 Et
1608 2481 1696 2519 ideo
1715 2482 1834 2518 homo
1856 2489 1911 2518 est
1930 2494 2042 2518 causa
2069 2482 2225 2531 peccati.
2256 2482 2332 2519 Sed
2361 2484 2464 2519 Deus

1412 2535 1464 2572 sic
1493 2542 1547 2572 est
1576 2547 1688 2572 causa
1716 2541 1832 2582 actus,
1863 2534 1966 2583 quod
1994 2535 2097 2572 nullo
2125 2535 2243 2572 modo
2273 2542 2327 2572 est
2355 2547 2466 2572 causa

1413 2588 1579 2625 defectus
1614 2587 1901 2625 concomitantis
1935 2595 2071 2625 actum.
2107 2588 2155 2624 Et
2182 2587 2268 2626 ideo
2297 2600 2375 2625 non
2412 2594 2466 2624 est

1415 2653 1528 2678 causa
1554 2640 1709 2689 peccati.

1467 2696 1525 2730 AD
1558 2704 1717 2730 TERTmM
1749 2705 1932 2730 DICENDUM
1964 2693 2088 2743 quod,
2118 2693 2211 2729 sicut
2246 2692 2383 2729 dictum
2412 2699 2466 2729 est

1415 2758 1527 2796 supra
1549 2746 1584 2793 ⁸¹²,
1615 2753 1719 2782 actus
1747 2752 1783 2782 et
1810 2746 1959 2783 habitus
1987 2758 2065 2783 non
2093 2745 2275 2794 recipiunt
2302 2744 2466 2793 speciem

1416 2812 1459 2836 ex
1479 2800 1560 2848 ipsa
1579 2796 1802 2847 privatione,
1822 2799 1861 2835 in
1880 2811 1956 2847 qua
1975 2798 2140 2836 consistit
2159 2798 2250 2835 ratio
2270 2797 2374 2843 mali;
2399 2797 2467 2835 sed

1417 2865 1460 2889 ex
1489 2852 1614 2900 aliquo
1652 2851 1803 2891 obiecto
1837 2852 1896 2889 cui
1925 2851 2160 2899 coniungitur
2187 2850 2266 2888 talis
2293 2849 2465 2899 privatio.

1415 2907 1464 2942 Et
1482 2905 1535 2942 sic
1553 2905 1633 2953 ipse
1661 2904 1841 2951 defectus,
1862 2904 1926 2953 qui
1955 2904 2087 2941 dicitur
2114 2916 2192 2940 non
2212 2915 2291 2939 esse
2320 2915 2342 2939 a
2369 2904 2466 2950 Deo,

1415 2959 1575 3007 pertinet
1603 2957 1651 2994 ad
1680 2957 1844 3006 speciem
1876 2964 1978 2993 actus
2007 2963 2296 3005 consequenter,
2327 2962 2363 2992 et
2390 2967 2468 2992 non

1417 3011 1523 3060 quasi
1552 3009 1762 3047 differentia
1790 3009 1976 3058 specifica.

292 3114 297 3119 “
355 3115 382 3149 α)
401 3118 499 3141 autern.
518 3130 535 3135 -
553 3115 634 3140 etiam
653 3114 835 3147 AEFHLsBD,
855 3116 924 3141 enim
943 3115 1017 3149 KpB.

972 3194 1304 3228 Commenta-ia
1327 3195 1578 3228 cardinalis
1598 3194 1798 3226 Caietam

330 3277 353 3300 ιτ
376 3270 513 3301 articulis
535 3268 640 3309 primo
664 3276 696 3299 et
717 3268 858 3298 secundo
881 3268 1075 3308 quaestionis
1096 3269 1361 3310 septuagesimae-

305 3281 454 3350 Inonae,
479 3314 615 3344 arduum
643 3312 778 3343 occurrit
801 3311 951 3348 dubium,
975 3312 1008 3342 in
1033 3312 1174 3342 doctrina
1195 3313 1363 3352 praecipue

302 3358 468 3394 Auctoris,
493 3357 660 3398 quomodo
690 3362 826 3397 possunt
848 3356 924 3386 haec
947 3357 1012 3386 duo
1036 3356 1132 3386 simul
1155 3362 1250 3392 stare,
1275 3357 1363 3396 quod

303 3409 391 3434 actus
406 3402 525 3442 peccati
541 3402 582 3432 sit
596 3411 613 3431 a
632 3401 712 3437 Deo,
725 3407 756 3431 et
770 3400 910 3430 defectus
925 3399 1142 3430 concomitans
1157 3400 1248 3430 nullo
1264 3401 1363 3430 modo

303 3446 344 3476 sit
365 3456 384 3476 a
406 3446 486 3482 Deo,
506 3446 560 3476 sed
576 3455 594 3475 a
610 3455 703 3476 causa
721 3451 821 3475 creata
840 3444 917 3475 sola.
942 3444 983 3474 Et
998 3443 1142 3487 quamvis
1157 3443 1276 3474 multae
1292 3443 1363 3473 affe-

304 3497 411 3521 rantur
439 3490 472 3520 in
495 3499 597 3520 xxxvrt
625 3489 824 3519 distinctione
848 3488 873 3518 11
898 3488 985 3519 Sent.
1006 3487 1038 3524 *‚
1063 3487 1095 3518 in
1124 3487 1302 3528 Capreolo,
1326 3496 1363 3517 ex

304 3534 500 3565 Aureolo-et
522 3534 675 3564 Durando
700 3532 907 3568 obiectiones;
930 3532 1009 3562 duae
1028 3538 1133 3562 tamen
1157 3531 1363 3562 solummodo

1416 3269 1588 3299 afferendae
1611 3275 1694 3304 sunt,
1712 3267 1827 3308 quibus
1851 3267 2006 3303 discussis,
2031 3266 2149 3302 omnia,
2173 3272 2209 3297 ut
2231 3272 2321 3307 puto,
2345 3265 2473 3308 propria

1417 3313 1498 3343 clara
1521 3318 1620 3342 erunt.
1645 3311 1750 3341 Prima
1773 3318 1819 3341 est
1841 3321 1878 3341 ex
1900 3318 1986 3351 parte
2009 3309 2201 3341 habitudinis
2229 3309 2364 3341 entitatis
2387 3310 2472 3351 posi—

1416 3356 1497 3386 tivae
1512 3362 1599 3385 actus
1614 3356 1653 3385 ad
1670 3355 1902 3386 deformitatem
1924 3354 2052 3395 peceati.
2077 3354 2230 3391 Secunda,
2254 3363 2292 3385 ex
2309 3361 2396 3394 parte
2419 3354 2473 3384 ha-

1417 3399 1566 3430 bitudinis
1589 3399 1725 3429 entitatis
1748 3399 1900 3439 positivae
1923 3405 2011 3430 actus
2033 3398 2072 3429 ad
2095 3407 2222 3429 causam
2246 3397 2427 3429 effectivam.

1473 3443 1510 3473 11.
1534 3443 1581 3473 Ex
1604 3443 1706 3482 prima
1732 3442 1828 3482 igitur
1849 3443 1900 3473 via
1923 3449 1970 3473 est
1991 3442 2060 3473 talis
2084 3441 2258 3473 difficultas.
2282 3441 2472 3472 Deformitas

1418 3487 1535 3527 peccati
1559 3493 1605 3517 est
1628 3486 1760 3527 privatio
1785 3486 1957 3517 contrariae
1979 3485 2172 3517 rectitudinis
2193 3486 2345 3526 positivae
2360 3485 2472 3525 speciei

1418 3530 1545 3561 moralis
1568 3530 1634 3561 vitii
1666 3530 1854 3561 inhaerentis
1881 3530 1964 3561 actui
1987 3531 2153 3561 substrato.
2185 3530 2269 3570 Ergo
2301 3529 2472 3560 necessario

2484 873 2495 883 ⁸
2508 873 2536 894 D.
2552 874 2606 899 840.

2493 2758 2502 2766 ”
2518 2757 2565 2783 Qu.
2581 2762 2645 2783 xvnr,
2659 2759 2701 2778 art.

2493 2789 2512 2810 5,
2527 2783 2555 2804 ad
2565 2789 2589 2809 2;
2604 2789 2643 2810 qu.
2655 2789 2701 2810 ιιν,

2493 2813 2534 2831 art.
2549 2816 2569 2838 3,
2582 2809 2612 2831 ad
2626 2815 2646 2832 a.
