2840 4010
370 184 444 221 318

372 270 426 299 est
454 270 493 298 ut
521 262 602 298 talis
632 270 763 299 natura
792 262 882 297 tales
912 258 1146 295 conditiones
1174 256 1235 292 vel
1255 254 1424 303 proprie-

304 306 313 311 ”
371 323 464 352 tates
492 315 649 362 habeat,
681 323 715 350 et
744 314 847 361 quod
875 311 960 348 talia
990 321 1151 358 operans
1179 308 1265 344 talia
1294 319 1424 343 conse-

141 1581 191 1603 ‘Se
180 1587 237 1602 e.rm
252 1580 352 1606 CLXIX,

143 1607 202 1629 ahed
207 1607 270 1628 Verb.
272 1607 335 1634 Apus
309 1609 353 1629 ost.

144 1640 265 1655 sssssss

372 375 518 415 quatur.
535 369 647 404 Dona
666 367 774 414 igitur
794 364 973 402 naturalia
994 369 1121 399 carent
1139 360 1264 409 primo
1285 360 1462 407 debito,

1065 177 1330 224 QUAESTIO
1361 177 1463 223 CXI,
1492 174 1787 212 ARTICULUS
1816 175 1848 211 11

1479 254 1582 291 addit
1611 252 1751 301 aliquid
1771 264 1883 300 supra
1913 253 2098 290 rationem
2124 254 2262 301 gratiae
2291 254 2401 302 gratis
2430 254 2538 290 datae
2567 258 2569 260 ’

1479 307 1585 356 quod
1606 306 1718 343 etiam
1739 305 1787 342 ad
1803 305 1987 342 rationem
2004 306 2144 353 gratiae
2163 306 2340 354 pertinet:
2361 306 2450 356 quia
2470 306 2537 342 sci-

1480 360 1566 396 licet
1594 358 1789 396 hominem
1818 365 1966 406 gratum
1993 358 2079 396 facit
2107 359 2204 395 Deo.
2231 359 2279 395 Et
2305 359 2393 396 ideo
2423 358 2540 407 gratia

373 433 450 457 non
479 427 605 456 autem
635 426 760 455 carent
786 417 954 454 secundo
984 414 1123 452 debito.
1146 412 1221 450 Sed
1246 413 1362 450 dona
1367 424 1428 449 su·
1443 433 1449 436 ⁷.
1482 412 1593 460 gratis
1613 412 1711 458 data,
1729 423 1827 460 quae
1847 412 1921 448 hoc
1941 423 2020 447 non
2037 410 2136 456 facit,
2155 410 2287 448 retinet
2308 411 2377 448 sibi
2396 424 2539 448 nomen

372 472 622 521 pernaturalia
650 478 810 518 utroque
835 469 960 506 debito
991 474 1135 503 carent:
1164 473 1199 502 et
1227 465 1314 502 ideo
1343 477 1426 514 spe-

374 523 530 561 cialius<
559 524 626 560 sibi
655 535 796 559 nomen
825 521 962 569 gratiae
990 519 1194 557 vindicant.

1484 477 1711 501 commune·
1733 464 1827 500 sicut
1854 464 1892 500 in
1913 463 2082 512 pluribus
2111 463 2190 499 aliis
2211 463 2401 511 contingit.
2422 464 2472 500 Et
2489 464 2541 500 sic

1483 525 1728 566 opponuntur
1757 517 1853 554 duae
1882 524 2005 565 partes
2041 515 2236 553 divisionis
2266 516 2360 552 sicut
2387 521 2541 565 gratum

426 579 483 613 AD
499 588 656 612 TERTIUM
675 587 857 612 DICENDUM
874 573 977 622 quod
993 572 1108 620 gratia
1124 579 1272 619 gratum
1287 570 1427 619 faciens
1476 571 1624 616 faciens
1653 577 1688 606 et
1716 582 1788 606 non
1806 570 1959 618 faciens
1985 575 2150 619 gratum.

425 691 449 722 ζ)
469 690 616 722 specialius.
630 703 647 707 -
666 690 726 713 Om.
746 689 774 713 Ε.

1135 830 1451 872 ARTICULUS
1480 828 1778 872 SECUNDUS

561 926 715 957 UTRUM
739 925 902 956 GRATIA
927 923 1266 956 CONVENIENTER
1288 922 1528 953 DIVIDATUR
1552 921 1632 973 lJER
1657 919 1924 951 OPERANTEM
1947 919 2006 950 ET
2031 918 2359 951 COOPERANTEM

616 1005 635 1028 11
656 1003 737 1033 Sem„
757 1003 815 1028 dist.
834 1010 899 1031 xxw.
919 1010 963 1035 qu.
985 1009 1007 1033 1,
1028 1007 1075 1026 art.
1095 1001 1124 1031 5;
1144 1006 1190 1025 art.
1210 999 1234 1031 6,
1254 1000 1286 1025 ad
1306 1007 1335 1030 ²5
1358 999 1398 1024 De
1421 1000 1510 1030 Verit„
1531 1007 1574 1032 qu.
1593 1006 1668 1029 xxvii,
1688 1003 1732 1022 art.
1755 996 1777 1026 5,
1798 998 1828 1022 ad
1852 1005 1872 1026 t,
1895 1004 1923 1028 23
1942 997 1963 1022 11
1985 998 2054 1027 Cor„
2075 1005 2129 1030 cap.
2148 1006 2183 1028 vr,
2202 999 2260 1023 lect.
2283 1007 2305 1024 1.

462 1113 470 1127 1
495 1117 545 1141 s
588 1104 610 1129 D
626 1103 815 1128 SECUNDUM
830 1102 882 1127 stc
898 1101 1136 1127 PRocssnffUR.
1152 1089 1311 1126 Videtur
1325 1087 1430 1136 quod

418 1138 451 1168 ⁴·'·‘
502 1148 608 1196 Μ
587 1144 703 1192 gratia
723 1143 1034 1180 inconvenienter
1054 1142 1241 1178 dividatur
1253 1153 1322 1189 per
1341 1152 1432 1188 ope-

413 1234 418 1249 ,
440 1238 443 1245 .
516 1239 518 1242 ,
546 1205 733 1249 rantem
750 1204 786 1232 et
802 1202 1083 1244 cooperantem.
1106 1194 1235 1231 Gratia
1255 1194 1354 1230 enirn
1374 1205 1433 1229 ac-

434 1266 449 1281 κ
465 1219 557 1282 :23¹
545 1242 716 1287 &cidens
741 1248 937 1297 quoddam
963 1255 1028 1293 est,
1049 1254 1090 1283 ut
1114 1258 1228 1306 supra
1246 1246 1266 1268 '¹‘
1290 1246 1432 1283 dictum

378 1313 444 1341 est.
467 1304 543 1340 Sed
563 1303 737 1339 accidens
767 1314 844 1338 non
867 1308 991 1349 potest
1011 1311 1121 1347 agere
1141 1299 1178 1336 in
1206 1298 1430 1335 subiectum.

378 1359 479 1404 Ergo
509 1356 609 1392 nulla
637 1355 752 1403 gratia
782 1354 894 1391 debet
923 1353 995 1390 dici
1024 1364 1198 1402 operans.

434 1421 467 1446 2.
488 1410 720 1454 PRAETEREA,
741 1407 771 1444 si
799 1406 915 1454 gratia
935 1405 1075 1454 aliquid
1096 1411 1273 1453 operetur
1300 1404 1339 1441 in
1367 1417 1434 1441 no-

379 1463 447 1510 bis,
469 1461 634 1499 maxime
663 1468 841 1509 operatur
861 1465 878 1480 ²
906 1458 1224 1496 iustificationem.
1257 1457 1333 1494 Sed
1361 1458 1436 1494 hoc

380 1528 458 1552 non
478 1515 557 1551 sola
576 1513 693 1562 gratia
713 1520 889 1562 operatur
908 1512 946 1549 in
965 1511 1096 1549 nobis:
1125 1510 1213 1548 dicit
1237 1509 1349 1547 enim
1359 1512 1435 1547 Au-

381 1567 549 1616 gustinus
568 1566 602 1614 ³⁸,
628 1578 741 1626 super
760 1565 851 1603 illud
881 1562 1062 1602 [oan.x1v
1081 1563 1132 1611 *²¹2
1156 1579 1174 1596 «
1190 1563 1319 1623 Opera
1338 1575 1436 1612 quae

383 1633 452 1669 ego
468 1621 577 1666 facio,
595 1627 630 1656 et
648 1619 727 1668 ipse
743 1618 897 1656 facien:
919 1617 992 1660 Qui
1008 1617 1150 1654 creavit
1161 1622 1196 1653 te
1208 1616 1287 1653 sine
1301 1622 1345 1662 te,
1361 1627 1436 1653 non

382 1673 592 1721 iustificahit
613 1678 646 1709 te
673 1673 752 1709 sine
771 1677 815 1708 le.
836 1671 937 1718 Ergo
967 1670 1069 1708 nulla
1087 1669 1203 1718 gratia
1233 1668 1346 1706 debet
1365 1668 1437 1705 dici

382 1726 597 1775 simpliciter
625 1737 798 1774 operans.

437 1780 471 1816 3.
490 1780 720 1825 Prummu,
738 1775 934 1826 cooperari
955 1774 1065 1812 alicui
1085 1775 1234 1812 videtur
1247 1774 1436 1823 pertinere

382 1832 430 1869 ad
450 1831 601 1868 inferius
621 1843 748 1879 agens,
768 1842 847 1874 non
867 1836 994 1866 autem
1015 1828 1064 1865 ad
1082 1827 1339 1876 principalius.
1360 1827 1436 1864 Sed

381 1885 495 1933 gratia
523 1883 765 1933 principalius
795 1890 971 1931 operatur
998 1881 1037 1918 in
1066 1880 1176 1919 nobis
1205 1878 1220 1910 β
1250 1892 1368 1930 quam
1395 1880 1436 1917 li-

381 1938 516 1974 berum
537 1937 749 1981 arbitrium;
770 1935 980 1972 secundum
1000 1934 1092 1970 illud
1105 1934 1217 1971 Rom.
1239 1933 1324 1970 1x*:
1344 1933 1436 1971 Non

380 1997 435 2027 est
459 1990 613 2027 volentis
648 2001 766 2037 neque
798 1987 999 2033 currentis,
1027 1987 1094 2024 sed
1118 1987 1324 2023 miserentis
1351 1986 1435 2023 Dei.

381 2043 482 2091 Ergo
511 2043 627 2090 gratia
653 2054 732 2079 non
761 2041 872 2078 debet
901 2040 973 2078 dici
1002 2052 1222 2088 cooperans.

431 2108 469 2143 4.
491 2097 722 2142 PRAETEREA,
745 2093 876 2131 divisio
906 2093 1018 2131 debet
1046 2093 1126 2130 dari
1153 2105 1222 2142 per
1250 2092 1434 2141 opposita.

382 2150 458 2186 Sed
478 2148 626 2198 operari
646 2155 682 2184 et
706 2147 900 2196 cooperari
920 2158 997 2183 non
1017 2153 1104 2182 sunt
1122 2145 1312 2196 opposita:
1334 2144 1436 2183 idem

382 2201 482 2239 enim
510 2209 634 2250 potest
662 2200 811 2249 operari
839 2207 874 2236 et
897 2198 1103 2247 cooperari.
1125 2200 1226 2247 Ergo
1255 2198 1434 2248 inconve-

382 2254 527 2291 nienter
547 2253 722 2292 dividitur
750 2252 865 2301 gratia
892 2265 960 2302 per
979 2259 1203 2301 operantem
1232 2259 1269 2288 et
1297 2263 1435 2300 coope-

382 2315 539 2344 rantem.

436 2361 509 2398 SED
539 2371 683 2396 CONTRA
710 2371 775 2396 EST
803 2359 908 2406 quod
935 2357 1166 2405 Augustinus
1196 2356 1299 2404 dicit,
1328 2357 1368 2395 in
1392 2356 1435 2395 11-

382 2414 450 2462 bro
471 2413 516 2449 de
538 2413 643 2450 Grat.
664 2418 698 2449 et
714 2412 797 2449 Lib.
818 2411 910 2448 Arb.
931 2410 967 2447 *ε
994 2411 1238 2459 Cooperando
1265 2410 1369 2447 Deus
1396 2409 1434 2447 in

382 2466 486 2503 nobis
501 2465 650 2514 perficit
673 2465 773 2514 quod
794 2465 983 2513 operando
1013 2463 1155 2512 incipit:
1184 2463 1272 2511 quia
1292 2463 1368 2512 ipse
1391 2468 1437 2512 lut

380 2519 535 2556 velimus
572 2523 748 2567 operatus
780 2517 978 2566 incipiens,
1013 2517 1078 2565 qui
1107 2515 1313 2553 volentibus
1349 2527 1433 2553 coo-

374 2577 533 2620 peratur
559 2570 769 2619 perficiens.
805 2570 882 2607 Sed
917 2569 1154 2618 operationes
1189 2569 1260 2606 Dei
1297 2567 1434 2618 quibus

382 2632 512 2667 movet
531 2637 601 2661 nos
621 2624 670 2661 ad
689 2624 847 2670 bonum,
868 2623 917 2661 ad
936 2623 1092 2670 gratiam
1111 2622 1308 2671 pertinent.
1330 2621 1432 2670 Ergo

382 2677 650 2714 convenienter
678 2676 794 2724 gratia
832 2675 1007 2713 dividitur
1044 2688 1111 2724 per
1146 2682 1369 2724 operantem
1399 2681 1434 2711 et

382 2738 662 2779 cooperantem

434 2784 657 2820 REsponnEo
677 2794 860 2819 mCENDUM
879 2781 995 2831 quod,
1013 2781 1107 2817 sicut
1125 2776 1239 2828 supra
1255 2781 1274 2801 *²
1290 2779 1432 2820 dictum

241 2827 253 2841 ⁰
282 2827 352 2844 ’ω’
381 2845 455 2883 est,
482 2836 598 2883 gratia
626 2835 821 2884 dupliciter
847 2841 970 2883 potest
997 2833 1166 2882 intelligi:
1191 2845 1270 2870 uno
1299 2832 1431 2880 modo,

381 2865 551 2927 divinum
579 2888 758 2925 auxilium
791 2900 868 2937 quo
897 2899 968 2924 nos
996 2895 1128 2924 movet
1155 2886 1204 2923 ad
1237 2886 1335 2923 bene
1363 2898 1431 2922 vo-

379 2941 535 2979 lendum
551 2950 587 2978 et
606 2942 812 2989 agendunu
834 2940 906 2977 alio
922 2940 1054 2986 mod0‚
1074 2939 1265 2976 habituale
1286 2939 1431 2978 donum

379 2995 488 3032 nobis
527 2994 703 3031 divinitus
737 2994 910 3031 inditum.
940 2993 1110 3041 Utroque
1148 3000 1274 3029 autem
1312 2991 1430 3030 modo

378 3047 493 3095 gratia
523 3047 619 3084 dicta
649 3047 917 3084 convenienter
938 3045 1115 3083 dividitur
1133 3050 1148 3072 Υ
1177 3057 1245 3094 per
1273 3057 1431 3094 operan-

378 3107 455 3137 tem
477 3108 512 3136 et
532 3108 813 3148 cooperantem.
836 3099 1016 3148 Operatio
1042 3098 1142 3135 enim
1164 3097 1318 3135 alicuius
1343 3097 1432 3135 effe-

379 3160 458 3189 ctus
478 3165 555 3190 non
580 3153 789 3190 attribuitur
809 3151 950 3199 mobili,
971 3151 1038 3188 sed
1067 3150 1236 3189 moventi
1255 3151 1285 3188 ³¹⁸.
1308 3151 1351 3188 In
1369 3149 1430 3188 illo

379 3218 467 3252 ergo
498 3205 633 3242 effectu
652 3206 690 3242 in
717 3218 793 3253 quo
815 3217 923 3242 mens
952 3212 1079 3242 nostra
1099 3212 1153 3241 est
1173 3212 1278 3241 mota
1298 3211 1334 3241 et
1353 3215 1432 3241 non

379 3270 550 3303 movenS,
572 3259 672 3294 solus
692 3266 818 3295 autem
839 3259 943 3295 Deus
964 3269 1138 3303 movens,
1155 3256 1325 3306 operatio
1345 3257 1430 3294 Deo

431 3372 456 3403 a)
477 3375 612 3402 operatur.
625 3385 643 3390 -
663 3373 688 3396 in
709 3372 782 3396 nobis
802 3373 897 3396 addunt
917 3372 963 3396 Pa.

431 3405 455 3438 β)
471 3413 521 3430 non
541 3410 627 3431 autem
640 3424 646 3430 .
658 3424 664 3430 .
675 3425 681 3430 .
701 3407 726 3430 in
743 3407 823 3431 nobis.
836 3421 854 3426 -
870 3414 919 3431 non
936 3410 1023 3431 autem
1039 3408 1217 3439 principalius
1229 3411 1356 3439 operatur·
1375 3408 1404 3432 E.
1415 3422 1432 3426 —

379 3442 428 3466 Pro
448 3447 534 3473 quam,
555 3444 682 3473 quantum
701 3442 738 3465 ad
756 3443 789 3467 Η.

430 3478 455 3508 γ)
476 3477 615 3501 dividitur.
627 3489 646 3494 —-
665 3477 798 3500 dividetur
816 3477 845 3500 E.

430 3511 454 3544 ὅ)
473 3511 664 3544 confirmando.
678 3525 695 3529 —
714 3515 739 3535 et
758 3511 939 3542 confirmando
958 3512 1146 3543 ABCDEGpH.

1486 1087 1713 1124 attribuitur:
1742 1093 1777 1122 et
1805 1085 2017 1122 secundum
2047 1086 2121 1122 hoc
2143 1086 2280 1124 dicitur
2306 1086 2433 1136 gratia
2462 1097 2549 1134 ope-

1486 1152 1587 1177 rans.
1617 1141 1658 1176 In
1687 1139 1747 1175 illo
1777 1146 1904 1175 autem
1933 1138 2070 1174 effectu
2104 1139 2142 1175 in
2170 1151 2247 1187 quo
2283 1151 2392 1176 mens
2420 1147 2548 1176 nostra

1488 1201 1523 1229 et
1551 1199 1682 1229 movet
1711 1199 1745 1228 et
1774 1199 1963 1238 movetur,
1985 1191 2156 1239 operatio
2186 1204 2263 1228 non
2293 1192 2418 1228 solum
2447 1191 2548 1228 attri-

1487 1246 1612 1283 buitur
1631 1246 1727 1291 Deo,
1749 1245 1815 1281 sed
1845 1243 1957 1280 etiam
1981 1243 2149 1280 animae:
2173 1252 2208 1281 et
2236 1245 2449 1281 secundum
2474 1245 2549 1281 hoc

1489 1298 1622 1336 dicitur
1649 1298 1775 1347 gratia
1803 1308 2020 1345 cooperans.

1542 1352 1608 1388 Est
1637 1358 1764 1387 autem
1793 1350 1831 1386 in
1851 1349 1962 1387 nobis
1987 1350 2126 1398 duplex
2145 1357 2266 1388 actus.
2288 1349 2439 1386 Primus
2468 1349 2549 1398 qui-

1490 1404 1579 1441 dem
1618 1403 1771 1440 interior
1807 1403 2022 1439 voluntatis.
2054 1403 2102 1439 Et
2130 1410 2315 1451 quantum
2353 1403 2402 1440 ad
2434 1402 2548 1439 istum

1490 1465 1629 1504 actum,
1658 1457 1834 1493 voluntas
1863 1468 1904 1492 se
1924 1456 2047 1493 habet
2074 1463 2116 1492 ut
2142 1463 2259 1503 mota,
2285 1456 2391 1493 Deus
2412 1462 2548 1517 ausam

1489 1518 1531 1547 ut
1560 1522 1740 1547 movens:
1773 1516 1809 1545 et
1834 1508 2056 1558 praesertim
2086 1521 2174 1546 cum
2211 1509 2388 1546 voluntas
2407 1504 2551 1568 meiffit

1491 1564 1636 1600 bonum
1665 1563 1773 1609 velle,
1795 1574 1895 1610 quae
1913 1562 2018 1611 prius
2041 1562 2185 1608 malum
2205 1562 2379 1603 volebat.
2383 1552 2443 1601 Et
2455 1560 2548 1613 iden

1491 1615 1701 1653 secundum
1732 1614 1836 1664 quod
1856 1616 1962 1652 Deus
1991 1621 2123 1652 movet
2140 1603 2362 1658 humanam
2363 1592 2548 1667 'inensam

1492 1669 1540 1706 ad
1559 1670 1660 1706 hunc
1679 1676 1818 1714 actum,
1840 1667 1974 1705 dicitur
1993 1667 2110 1716 gratia
2129 1679 2313 1716 operans.
2321 1658 2464 1705 -Ᾱ11υ3
2472 1679 2549 1713 au-

1491 1729 1567 1759 tem
1597 1730 1701 1758 actus
1721 1730 1776 1758 est
1805 1721 1981 1766 exterior;
2003 1720 2071 1770 qui
2096 1732 2184 1758 cum
2213 1733 2236 1757 a
2263 1711 2486 1762 voluntate
2471 1732 2548 1766 imr-

1487 1783 1653 1826 peretur‚
1681 1782 1720 1810 ut
1741 1786 1862 1823 supra
1881 1773 1901 1795 '¹‘
1919 1773 2093 1811 habitum
2123 1781 2195 1820 est,
2226 1785 2482 1821 consequens
2495 1781 2550 1819 est

2577 1783 2644 1812 Ὠιι
2654 1789 2711 1812 xm,
2719 1787 2790 1812 m.9.

1491 1836 1532 1864 ut
1559 1828 1608 1865 ad
1635 1828 1737 1864 hunc
1756 1835 1883 1864 actum
1913 1826 2083 1875 operatio
2103 1825 2326 1864 attribuatur
2349 1825 2547 1871 voluntati..
2571 1855 2581 1863 .

1491 1881 1540 1918 Et
1568 1881 1657 1928 quia
1685 1879 1798 1917 etiam
1818 1881 1867 1917 ad
1890 1880 1992 1916 hunc
2015 1887 2143 1917 actum
2163 1880 2268 1917 Deus
2290 1888 2363 1927 nos
2381 1879 2548 1932 adiuvat,

1491 1942 1528 1970 et
1546 1933 1698 1970 interius
1719 1929 2013 1970 confirmand0⁶
2032 1933 2270 1971 voluntatem
2289 1939 2331 1971 ut
2354 1932 2408 1978 ad
2421 1939 2549 1979 actum

1489 1986 1701 2036 perveniat,
1732 1994 1768 2022 et
1797 1986 1957 2022 exterius
1986 1985 2201 2023 facultatem
2231 1985 2414 2035 operandi
2440 1997 2566 2044 praef.

1491 2039 1635 2085 bendo;
1657 2046 1828 2088 respectu
1851 2038 1965 2075 huius
1992 2045 2097 2076 actus
2121 2038 2254 2076 dicitur
2269 2038 2390 2087 gratia
2409 2038 2549 2088 canpe?

1491 2105 1589 2130 rans.
1607 2092 1715 2129 Unde
1734 2099 1821 2141 post
1843 2091 2053 2141 praemissa
2066 2091 2215 2128 verba*
2229 2090 2357 2128 subdit
2375 2090 2549 2140 Augustis

1490 2158 1582 2183 nus:
1609 2147 1656 2183 Ut
1673 2151 1796 2182 autem
1815 2144 1973 2181 velimus
1998 2150 2197 2193 operatur.-
2210 2156 2311 2182 .cum
2338 2150 2464 2183 autem
2472 2155 2548 2191 uoq·

1490 2199 1624 2243 lumus,
1642 2204 1680 2234 ut
1686 2198 1933 2247 perficzamus
1956 2198 2062 2235 nobis
2082 2203 2349 2247 cooperatur.-
2326 2195 2423 2234 -Sic
2437 2195 2548 2246 igkfflff

1490 2312 1623 2342 movet
1649 2316 1720 2340 nos
1748 2302 1796 2341 ad
1826 2304 1972 2341 bonum
1992 2303 2253 2351 meritorium,
2278 2302 2549 2352 convenienter

1490 2356 1668 2395 dividitur
1694 2356 1810 2416 gratia
1837 2369 1905 2415 per
1938 2364 2160 2405 operantem
2190 2363 2227 2393 et
2263 2363 2546 2413 cooperantem.

1544 2410 1583 2447 Si
1610 2422 1702 2446 vero
1732 2410 1937 2459 accipiatur
1973 2409 2090 2459 gratia
2116 2421 2187 2458 pro
2215 2408 2410 2449 habituali
2425 2404 2546 2455 dono,

1489 2462 1541 2501 sic
1570 2463 1682 2499 etiam
1720 2462 1858 2511 duplex
1887 2461 1975 2500 est<
2002 2461 2142 2510 gratiae
2180 2461 2358 2508 effectus,
2386 2460 2483 2505 sicut
2510 2469 2547 2499 et

1489 2516 1683 2553 cuiuslibet
1719 2515 1869 2553 alterius
1905 2515 2072 2552 formae:
2107 2526 2274 2563 quorum
2309 2501 2456 2564 primus
2493 2521 2548 2551 est

1489 2581 1584 2616 esse,
1603 2569 1791 2606 secundus
1821 2576 1877 2606 est
1901 2567 2096 2616 operati03
2126 2567 2222 2604 sicut
2249 2566 2383 2606 caloris
2410 2579 2545 2615 opera-

1488 2621 1543 2659 tio
1574 2630 1627 2658 est
1656 2622 1777 2658 facere
1807 2620 1983 2668 calidum,
2005 2628 2041 2658 et
2069 2620 2229 2659 exterior
2257 2619 2463 2658 calefactio.
2484 2618 2547 2666 Sic

1486 2674 1595 2722 igitur
1617 2673 1815 2712 habitualis
1840 2674 1968 2722 gratia,
1989 2673 2214 2723 inquantum
2242 2673 2411 2711 animam
2440 2675 2548 2715 sanat

1486 2729 1547 2764 vel
1568 2727 1753 2774 iustificat,
1774 2727 1854 2765 sive
1872 2734 2017 2776 gratam
2038 2732 2056 2754 η
2076 2727 2161 2764 Deo
2190 2726 2288 2773 facit,
2308 2725 2442 2764 dicitur
2465 2738 2547 2774 gra-

1486 2780 1536 2817 tia
1563 2792 1742 2839 operans:
1772 2780 1996 2829 inquantum
2024 2791 2117 2817 vero
2140 2786 2194 2816 est
2209 2778 2437 2828 principium
2455 2790 2548 2828 ope-5

1487 2833 1536 2870 ris
1565 2833 1755 2880 meritorii,
1777 2833 1882 2882 quod
1902 2830 2048 2871 etiam⁰
2074 2844 2119 2869 ex
2139 2832 2258 2871 libero
2280 2831 2431 2870 arbitrio
2460 2843 2548 2880 pro-

1487 2885 1596 2933 cedit,
1618 2885 1751 2923 dicitur
1780 2897 2002 2935 cooperans.

1539 2941 1597 2976 AD
1613 2951 1749 2976 PRIMUM
1764 2950 1861 2975 ERoo
1877 2950 2062 2976 mci-:NDUM
2077 2937 2193 2987 quod,
2210 2936 2429 2976 secundum
2442 2937 2548 2986 quod

1486 2991 1611 3051 gratia.
1631 2999 1686 3028 est
1713 2991 1904 3040 quaedam
1925 2990 2083 3040 qualitas
2103 2990 2368 3039 accidentalis,
2374 3002 2467 3038 non
2470 2987 2548 3037 agit

1486 3045 1524 3081 in
1552 3044 1720 3082 animam
1746 3044 1932 3091 effective,
1953 3045 2019 3082 sed
2038 3043 2262 3083 formaliter.
2292 3036 2389 3080 sicut
2406 3043 2546 3094 albedq

1487 3097 1621 3135 dicitur
1648 3097 1771 3134 facere
1799 3098 1925 3135 albam
1953 3097 2207 3147 superficiem.
2518 3124 2533 3145 =

1539 3152 1598 3187 AD
1631 3162 1820 3188 SECUNDUM
1853 3162 2039 3188 DICENDUM
2073 3149 2178 3199 quod
2199 3150 2316 3187 Deus
2352 3160 2432 3190 non
2466 3130 2549 3199 sine

1487 3203 1596 3240 nobis
1625 3216 1695 3240 nos
1723 3203 1917 3250 iustificat,
1948 3203 2038 3255 quia
2065 3215 2133 3251 per
2153 3209 2302 3240 motum
2323 3201 2439 3251 libeni
2435 3193 2549 3260 ,ἧι-1913

1486 3256 1556 3303 trii‚
1579 3257 1669 3293 dum
1698 3256 1962 3303 iustificamur,
1991 3254 2064 3294 Dei
2086 3254 2245 3292 iustitiae
2275 3253 2545 3340 consentimus

1541 3373 1562 3402 ε)
1583 3372 1627 3397 Sic
1647 3372 1730 3405 igitur
1748 3372 1780 3396 si.
1792 3371 1860 3395 -Si
1879 3371 1963 3403 igitur
1982 3371 2040 3394 P.-
2059 3370 2108 3394 Pro
2127 3377 2187 3402 qua,
2207 3375 2275 3401 quae
2293 3368 2345 3398 Ex,
2365 3367 2427 3400 quia
2446 3367 2498 3400 pH.

1539 3407 1564 3438 ζ)
1584 3407 1663 3432 ctiam
1683 3407 1784 3438 duplex
1803 3410 1849 3431 est.
1863 3420 1881 3425 —
1900 3409 1939 3430 est
1958 3406 2060 3437 duplex
2080 3405 2124 3429 Pa.

1540 3443 1566 3473 η)
1585 3446 1701 3475 gratam.
1714 3456 1731 3460 —
1750 3442 1867 3474 gratiam
1888 3442 1914 3469 Ρ,
1934 3444 2043 3473 gratum
2063 3440 2173 3464 codices.

1539 3476 1562 3501 Ol
1583 3479 1671 3502 ettam.
1691 3491 1708 3495 —
1729 3478 1790 3502 Om.
1808 3475 1856 3502 Pa.

2674 1931 2689 1957 ὅ

2574 2099 2700 2148 2235.ss
2713 2098 2763 2121 ⁸²⁶
