2840 4010
140 741 150 752 ⁸
164 740 192 762 D.
208 740 260 762 680.

138 1317 350 1339 'VideCcumment-

140 1347 194 1371 post
209 1347 251 1365 art.
266 1349 351 1371 praec„

139 1376 204 1392 nurn.
219 1376 244 1391 11.

234 3019 251 3036 α

139 3072 150 3083 ⁴
157 3071 192 3092 ne
200 3070 259 3092 Vera
265 3070 349 3098 Relig„
389 3071 400 3083 ‹·
411 3050 416 3061 ⁸*
426 3061 430 3074 '²

142 3103 193 3125 cap.
207 3103 254 3118 xiv.

145 3184 153 3193 ·
165 3183 212 3210 Qu.
227 3188 258 3210 vt,
274 3186 315 3204 art.
331 3183 352 3204 8.

378 185 427 231 54
1026 184 1290 231 QUAESTIO
1320 183 1494 230 LXXVI,
1522 183 1816 221 ARTICULUS
1845 186 1895 221 111

378 263 534 300 mittitur
554 264 694 313 aliquid
714 265 818 313 quod
840 263 968 300 debuit
993 262 1063 299 dici
1081 262 1143 298 vel
1163 261 1245 297 fieri
1264 261 1325 297 vel
1346 273 1434 297 con-

379 316 531 364 cupisci,
561 317 609 353 ad
638 317 832 353 scientiam
862 315 1027 352 debitam
1061 313 1343 362 acquirendam.

430 371 488 405 An
518 381 705 406 SECUNDUM
734 380 916 405 mcennuzn
949 367 1052 414 quod
1085 366 1244 414 privatio
1274 366 1432 414 gratiae,

379 421 447 458 etsi
474 421 683 458 secundum
714 434 752 457 se
782 433 859 457 non
892 419 937 455 sit
967 426 1188 467 peccatum,
1222 425 1350 455 tamen
1378 431 1434 455 ra-

378 473 480 510 tione
501 474 745 521 negligentiae
764 471 1014 521 praeparandi
1041 483 1081 507 se
1109 471 1156 508 ad
1177 471 1346 518 gratiam,
1365 484 1434 520 po-

378 534 450 562 test
475 527 616 562 habere
644 526 830 562 rationem
858 524 1013 572 peccati,
1043 523 1139 560 sicut
1157 531 1194 560 et
1212 523 1432 571 ignorantia.

380 579 428 614 Et
441 586 568 615 tamen
584 585 768 625 quantum
785 577 831 614 acl
846 578 920 613 hoc
940 584 995 613 est
1010 576 1197 623 dissimile,
1215 577 1302 625 quia
1316 577 1433 613 homo

378 638 503 678 potest
517 630 681 678 aliquam
697 629 890 666 scientiam
906 629 1101 678 acquirere
1115 641 1184 678 per
1202 642 1292 666 suos
1308 637 1432 666 actus:

379 683 495 730 gratia
513 695 607 719 vero
628 695 706 719 non
725 682 928 731 acquiritur
957 694 1001 719 ex
1025 682 1160 719 nostris
1189 682 1344 728 actibus,
1366 682 1433 719 sed

381 747 425 771 ex
453 735 525 771 Dei
555 747 712 772 munere
741 735 772 772 ²¹⁶.

432 790 491 823 An
519 799 678 825 TERTmM
712 799 895 825 DICENDUM
931 788 1054 837 quod,
1084 787 1179 824 sicut
1206 786 1244 823 in
1275 793 1432 834 peccato

378 840 683 888 transgressionis
719 848 918 889 peccatum
955 853 1034 877 non
1073 839 1239 876 consistit
1275 839 1314 875 in
1351 839 1433 875 solo

379 901 464 929 actu
492 894 706 940 voluntatis,
728 894 795 931 sed
824 893 935 930 etiam
962 893 999 929 in
1029 900 1114 929 actu
1142 891 1259 928 volito
1289 891 1352 939 qui
1380 898 1435 927 est

378 945 584 994 imperatus
613 959 634 983 a
662 947 872 991 voluntate;
903 946 952 982 ita
978 945 1014 981 in
1034 952 1190 993 peccato
1220 943 1433 980 omissionis

378 1010 456 1035 non
485 998 641 1036 solum<
670 1007 774 1036 actus
801 998 1004 1035 voluntatis
1039 1004 1093 1034 est
1120 1004 1338 1045 peccatum,
1368 997 1432 1033 sed

430 1114 455 1147 ζ)
474 1116 568 1140 solum.
585 1129 603 1133 —
621 1116 692 1140 solus
710 1115 934 1147 ABCGHIKLpD.

1490 261 1602 298 etiam
1623 261 1703 310 ipsa
1733 262 1899 309 omissio,
1920 262 2146 311 inquantum
2167 271 2221 301 est
2245 263 2452 312 aliqualiter
2473 273 2542 300 vo-

1489 314 1658 351 luntaria.
1683 315 1732 350 Et
1759 315 1834 350 hoc
1862 315 1980 351 modo
2014 315 2095 363 ipsa
2128 316 2350 364 negligentia
2378 315 2539 363 sciendi,

1487 367 1550 403 vel
1577 366 1868 403 inconsideratio
1888 372 1918 410 η,
1950 374 2004 403 est
2030 376 2242 417 peccatum.
2319 407 2321 410 ,

1540 421 1599 456 An
1633 431 1804 462 QUARTUM
1837 431 2019 456 nlcENnuM
2052 421 2158 468 quod
2189 421 2294 469 licet,
2327 428 2542 458 transeunte

1489 479 1593 508 reatu
1620 484 1688 520 per
1715 472 2000 520 poenitentiam,
2029 480 2223 509 remaneat
2250 473 2459 521 ignorantia
2485 485 2541 510 se-

1489 525 1656 561 cundum
1686 525 1791 574 quod
1820 532 1874 561 est
1901 525 2062 573 privatio
2091 525 2288 571 scientiae3
2317 537 2395 562 non
2412 533 2542 562 tamen

1488 585 1659 614 remanet
1685 577 1920 625 negligentia,
1950 578 2160 615 secundum
2188 589 2304 626 quarn
2333 577 2542 625 ignorantia

1487 637 1686 678 peccatum
1715 630 1858 667 dicitur.

1541 685 1599 718 An
1628 694 1789 724 QannM
1817 694 2000 720 mcnnnun
2029 683 2143 732 quod,
2173 682 2269 720 sicut
2295 682 2333 719 in
2358 682 2437 719 aliis
2455 694 2541 731 pec-

1489 734 1581 770 catis
1601 734 1814 771 omissionis
1834 736 1916 772 solo
1935 736 1998 772 illo
2018 744 2192 785 tempore
2212 736 2331 772 homo
2352 742 2438 771 actu
2455 746 2542 783 pec-

1488 794 1567 833 cat,
1595 799 1666 835 pro
1696 798 1773 834 quo
1805 796 2050 836 praeceptum
2081 788 2352 825 affirmativum
2381 787 2542 835 obligat3

1487 838 1536 875 ita
1565 846 1621 875 est
1648 839 1761 876 etiam
1792 839 1838 876 de
1866 848 2022 888 peccato
2051 841 2294 889 ignorantiae.
2325 841 2415 877 Non
2441 839 2543 877 enim

1488 892 1667 929 continuo
1688 892 1866 940 ignorans
1886 900 1971 929 actu
1989 901 2140 941 peccat:
2161 894 2228 945 sed
2247 895 2371 930 solum
2388 892 2544 942 quando

1488 952 1543 981 est
1570 952 1720 993 tempus
1742 944 1961 992 acquirendi
1981 945 2174 983 scientiam
2193 959 2310 994 quam
2328 947 2470 983 habere
2490 953 2544 982 te-

1487 1005 1607 1034 netur.

1542 1117 1569 1149 η)
1589 1117 1803 1141 inconsideratio.
1821 1129 1840 1136 -
1857 1116 1937 1141 etiam
1957 1116 2015 1148 ipsa
2034 1116 2240 1142 inconsideratio
2257 1117 2304 1142 Pa.

1051 1193 1382 1225 Commentaria
1403 1193 1653 1227 cardinalis
1674 1196 1874 1228 Caietam

380 1283 427 1344 IN
456 1273 594 1303 secundo
627 1273 759 1303 articulo
787 1272 928 1302 eiusdem
958 1270 1310 1311 septuagesimaesextae
1341 1281 1436 1311 quae-

409 1317 518 1347 stionis
530 1317 547 1335 *
567 1317 701 1347 dubium
717 1316 861 1352 occurrit,
878 1315 952 1356 quia
967 1318 1088 1345 Auctor
1101 1314 1225 1345 videtur
1240 1314 1297 1344 sibi
1314 1321 1436 1345 contra-

378 1361 452 1396 rius,
470 1367 524 1391 aut
539 1361 701 1391 obscurus
726 1364 792 1391 Aut
815 1360 899 1390 enirn
922 1358 1056 1390 intendit
1078 1359 1166 1399 quod
1189 1358 1366 1398 ignorantia
1389 1366 1435 1390 est

378 1411 543 1445 peccatum
560 1405 735 1435 secundum
751 1414 794 1440 se,
806 1403 887 1434 sicut
901 1403 960 1434 alia
972 1409 1112 1444 peccata:
1130 1409 1184 1433 aut
1199 1402 1333 1433 intendit
1347 1404 1435 1443 quod

378 1448 566 1489 negligentia
582 1459 713 1479 causans
732 1447 951 1488 ignorantiam,
972 1447 1011 1477 sit
1029 1453 1203 1487 peccatum.
1228 1446 1260 1477 Si
1283 1446 1433 1486 primurn,

378 1493 419 1523 ad
433 1493 510 1533 quid
525 1493 559 1528 in
574 1492 780 1533 responsione
796 1492 835 1522 ad
851 1491 988 1528 tertium,
1006 1498 1036 1521 et
1051 1490 1164 1521 clarius
1178 1491 1211 1520 in
1230 1490 1435 1530 responsione

379 1537 419 1567 ad
434 1544 594 1578 quartum,
612 1536 740 1567 resolvit
762 1546 795 1566 se
818 1536 858 1566 ad
877 1535 1109 1576 negligentiam,
1127 1544 1268 1574 expresse
1284 1534 1433 1565 dicendo:

379 1581 452 1612 Non
468 1586 613 1611 remanet
635 1581 845 1621 negligentia,
868 1580 1043 1610 secundum
1063 1589 1160 1619 quam
1180 1579 1367 1619 ignorantia
1389 1584 1435 1609 est

372 1625 567 1666 peccatum?
577 1641 599 1648 -
611 1625 644 1655 Si
659 1624 845 1660 secundum,
861 1630 944 1654 extra
955 1623 1158 1663 propositum
1174 1629 1232 1653 est:
1250 1622 1326 1663 quia
1340 1632 1434 1663 quae-

378 1669 438 1700 stio
456 1669 493 1699 de
510 1668 698 1708 negligentia
711 1668 841 1698 inferius
859 1667 892 1697 in
908 1667 1052 1698 Secunda
1070 1666 1232 1697 Secundae
1243 1665 1261 1684 ⁴*
1277 1667 1435 1697 tractanda

378 1720 432 1744 est.
457 1713 498 1743 Et
513 1723 578 1743 non
594 1719 640 1743 est
654 1712 794 1742 formalis
810 1711 971 1752 quaestio:
996 1711 1071 1752 quia
1086 1710 1222 1747 effectus,
1235 1720 1290 1740 seu
1306 1710 1435 1741 materia

377 1757 495 1798 peccati
511 1756 716 1797 negligentiae
736 1763 946 1796 quaereretur,
963 1755 1041 1785 dum
1061 1754 1236 1795 ignorantia
1249 1754 1433 1785 discutitur.

435 1801 472 1832 ΙΙ.
497 1801 547 1831 Ad
571 1801 632 1832 hoc
655 1800 767 1831 dicitur
790 1800 893 1840 quod,
918 1799 992 1839 quia
1014 1809 1110 1829 omne
1134 1799 1311 1829 secundum
1333 1808 1366 1828 se
1388 1798 1434 1828 vi-

376 1845 458 1876 tium
477 1845 595 1876 morale
619 1844 794 1885 opponitur
814 1844 990 1874 secundum
1013 1853 1046 1874 se
1067 1842 1159 1873 alicui
1173 1842 1280 1873 virtuti
1306 1842 1434 1879 morali;

377 1895 407 1919 et
421 1889 597 1929 ignorantia
613 1899 678 1919 non
695 1888 870 1929 opponitur
889 1887 982 1918 alicui
1000 1887 1107 1918 virtuti
1123 1886 1245 1922 morali,
1263 1887 1317 1916 sed
1336 1886 1434 1917 scien-

376 1933 451 1963 tiae:
476 1932 548 1963 ideo
567 1933 744 1972 ignorantia
762 1943 828 1963 non
844 1938 890 1962 est
905 1932 1082 1962 secundum
1105 1941 1137 1961 se
1160 1937 1336 1971 peccatum.
1359 1931 1434 1961 Pro-

377 1984 446 2017 pter
469 1977 556 2018 quod
580 1987 646 2007 non
668 1983 816 2007 tractatur
839 1977 878 2006 de
901 1986 937 2006 ea
959 1975 991 2005 in
1015 1975 1159 2006 Secunda
1182 1974 1354 2011 Secundae,
1379 1974 1434 2004 sed

376 2027 524 2051 tractatur
547 2021 597 2052 hic
617 2022 655 2051 de
678 2031 723 2057 ea,
747 2020 827 2051 inter
847 2020 1006 2060 generales
1030 2029 1138 2049 causas
1152 2019 1280 2059 peccati.
1304 2018 1345 2049 Et
1360 2018 1435 2059 quia

377 2066 552 2095 secundum
582 2075 615 2095 se
638 2075 703 2095 non
727 2071 773 2095 est
795 2070 975 2105 peccatum,
1001 2069 1126 2103 oportet
1153 2063 1329 2094 secundum
1355 2062 1434 2093 illud

377 2119 443 2139 esse
474 2116 654 2149 peccatum,
684 2109 860 2140 secundum
888 2107 976 2149 quod
1003 2107 1176 2147 ingreditur
1205 2107 1279 2138 mali
1305 2106 1434 2137 moralis

377 2153 530 2184 ordinem.
554 2153 653 2190 Quod
676 2163 712 2183 ex
736 2153 802 2184 eius
826 2151 986 2193 opposit0,
1012 2151 1139 2182 scientia
1163 2151 1278 2182 scilicet
1301 2161 1356 2181 seu
1381 2160 1434 2181 co-

376 2198 526 2237 gnitione,
550 2205 655 2237 patere
679 2204 792 2238 potest.
818 2196 951 2227 Constat
974 2202 1080 2226 autem
1096 2195 1185 2235 quod
1208 2194 1346 2235 cognitio
1369 2204 1434 2224 ma-

376 2241 452 2272 teria
481 2248 526 2272 est
553 2241 637 2272 illius
667 2241 795 2271 moralis
821 2240 944 2271 virtutis
971 2249 1053 2280 quae
1076 2245 1207 2269 vocatur
1236 2238 1433 2275 studiositas;

376 2291 406 2316 et
426 2285 655 2316 contrariorum
670 2285 821 2316 vitiorum
844 2284 1020 2315 secundum
1035 2293 1196 2314 excessum
1216 2289 1246 2314 et
1265 2282 1433 2316 defectum.

376 2339 516 2370 quorum
538 2330 678 2370 primurn
696 2336 827 2360 vocatur
851 2328 1023 2364 curiositas,
1044 2327 1178 2358 alterum
1199 2337 1275 2358 vero
1298 2326 1435 2357 innomi-

376 2380 488 2404 natum
510 2374 650 2410 videtur,
676 2380 707 2404 et
730 2373 895 2404 communi
918 2371 1048 2403 nomine
1078 2378 1209 2402 vocatur
1238 2370 1434 2411 negligentia.

377 2417 555 2457 Ignorantia
578 2418 682 2458 igitur,
702 2427 784 2458 quae
807 2424 852 2448 est
876 2416 1006 2447 omissio
1031 2415 1186 2452 scientiae,
1204 2425 1241 2446 ex
1264 2421 1350 2455 parte
1368 2414 1436 2445 vitii

377 2460 546 2492 deficientis
566 2471 598 2492 se
621 2468 720 2492 tenet:
745 2472 780 2492 ac
803 2471 858 2502 per
875 2461 946 2497 hoc,
964 2459 1082 2500 peccati
1105 2459 1260 2490 rationem
1278 2459 1434 2490 intantum

1488 1275 1591 1311 habet,
1610 1275 1801 1316 inquantum
1817 1275 1875 1305 sub
1894 1274 1947 1304 illa
1962 1274 2151 1314 negligentia
2167 1274 2255 1305 cadit.
2280 1274 2321 1305 Et
2336 1274 2397 1306 hoc
2412 1275 2546 1306 intendit

1488 1319 1539 1349 hic
1561 1321 1692 1350 Auctor.

1542 1364 1593 1394 111.
1618 1364 1683 1394 Nec
1706 1370 1872 1403 propterea
1895 1368 1941 1393 est
1963 1361 2106 1403 quaestio
2136 1362 2195 1393 ista
2217 1371 2283 1393 non
2311 1361 2467 1399 formalis,
2490 1369 2546 1393 aut

1489 1414 1572 1441 extra
1598 1407 1816 1448 propositum:
1842 1406 1896 1436 sed
1919 1405 2138 1437 formalissima
2169 1406 2208 1436 de
2234 1405 2426 1446 ignorantia,
2450 1405 2477 1437 si
2498 1412 2547 1438 est

1487 1458 1667 1492 peccatum;
1691 1451 1724 1481 in
1739 1450 1868 1491 proprio
1887 1456 2018 1481 tractatu
2038 1450 2218 1486 necessaria,
2234 1457 2270 1481 ut
2285 1459 2414 1480 causam
2426 1449 2546 1490 peccati

1487 1502 1652 1536 peccatum
1671 1505 1801 1536 quoque
1821 1504 1886 1524 esse
1906 1500 2101 1534 agnoscatur,
2119 1501 2149 1524 et
2167 1504 2234 1524 non
2250 1500 2395 1524 excusare
2411 1503 2545 1535 sequen-

1487 1539 1539 1571 tia.
1564 1540 1625 1570 Sed
1648 1539 1723 1580 quia
1747 1549 1812 1569 non
1829 1545 1875 1569 est
1888 1538 2064 1568 secundum
2087 1548 2119 1568 se
2138 1545 2313 1578 peccatum,
2333 1537 2477 1578 oportuit
2497 1547 2544 1568 re-

1488 1584 1675 1624 spondendo
1692 1583 1792 1613 dicere
1812 1582 1986 1612 secundum
2005 1581 2081 1623 quid
2101 1588 2147 1612 est
2162 1588 2336 1622 peccatum.
2360 1582 2401 1612 Et
2423 1581 2544 1613 dictum

1488 1634 1534 1659 est
1556 1627 1731 1658 secundum
1754 1626 1985 1666 negligentiam.

1543 1672 1583 1702 Et
1606 1671 1683 1702 scito
1707 1671 1795 1711 quod
1819 1669 2007 1710 negligentia
2034 1676 2080 1700 est
2103 1679 2220 1700 nornen
2245 1669 2468 1710 aequivocum,
2491 1669 2543 1701 vel

1487 1716 1578 1757 quasi
1601 1715 1821 1756 aequivocum,
1839 1714 1878 1744 ad
1901 1720 2066 1754 peccatum
2089 1714 2275 1753 oppositum
2297 1713 2490 1754 prudentiae,
2513 1720 2544 1744 et

1488 1760 1527 1790 ad
1550 1767 1714 1800 peccatum
1738 1758 1924 1798 oppositum
1948 1757 2148 1789 studiositati.
2172 1758 2213 1788 Et
2230 1758 2283 1788 illa
2298 1764 2344 1788 est
2365 1757 2399 1788 in
2421 1757 2543 1789 intelle-

1488 1811 1558 1840 ctu,
1583 1803 1641 1834 ista
1663 1803 1696 1833 in
1718 1803 1889 1832 voluntate.
1915 1802 1970 1832 Illa
1994 1801 2152 1832 defectum
2181 1800 2400 1832 sollicitudinis
2426 1801 2544 1842 praeci-

1487 1848 1595 1888 piendi
1617 1847 1650 1877 in
1673 1846 1812 1887 qualibet
1835 1845 1976 1882 materia,
2002 1855 2039 1876 ex
2061 1845 2190 1876 remissa
2212 1845 2376 1876 voluntate
2403 1845 2544 1886 oppositi

1487 1892 1563 1923 boni
1586 1891 1819 1932 procedentem,
1837 1889 2003 1930 significat:
2028 1889 2087 1920 ista
2103 1889 2302 1921 voluntatem
2323 1889 2480 1920 intensam
2497 1899 2546 1920 re-

1466 1966 1471 1972 ,
1488 1943 1596 1976 spectu
1616 1934 1849 1966 commissionis
1866 1933 2047 1971 contrariae,
2063 1940 2094 1964 et
2109 1933 2272 1964 remissam
2290 1940 2432 1974 respectu
2449 1933 2547 1964 omis-

1487 1980 1585 2010 sionis
1601 1978 1814 2014 studiositatis,
1831 1978 1911 2008 sicut
1926 1985 2025 2008 cetera
2038 1977 2113 2008 vitia
2128 1977 2259 2008 moralia
2274 1977 2435 2018 defectiva.
2451 1977 2544 2014 Unde

1487 2024 1527 2054 ad
1549 2024 1642 2054 istarn
1669 2029 1788 2063 spectat
1811 2021 1988 2062 ignorantia
2014 2021 2153 2052 affectata
2183 2028 2214 2052 et
2242 2021 2418 2061 ignorantia
2447 2021 2544 2062 negli-

1487 2078 1573 2108 gens,
1597 2067 1650 2098 illa
1673 2077 1728 2107 per
1751 2065 2019 2102 commissionem,
2042 2065 2118 2096 haec
2141 2075 2198 2105 per
2220 2065 2440 2102 omissionem
2465 2065 2546 2096 sicut

1488 2112 1527 2142 ad
1550 2110 1840 2152 pusillanimitatem
1863 2115 1981 2150 spectat
2004 2116 2034 2140 et
2052 2109 2192 2140 affectata
2213 2109 2358 2150 parvitas,
2375 2116 2406 2140 et
2427 2109 2547 2141 omissa

1488 2155 1688 2196 magnitudo:
1715 2154 1856 2184 eiusdem
1879 2163 2018 2194 namque
2041 2153 2168 2184 rationis
2193 2160 2239 2184 est
2260 2153 2444 2184 commissio
2468 2163 2546 2185 con·-

1487 2200 1585 2236 trarii,
1606 2206 1636 2230 et
1654 2198 1784 2229 omissio
1807 2197 1939 2228 virtutis.
1965 2197 2057 2228 Unde
2080 2197 2268 2238 negligentia
2290 2197 2438 2238 opposita
2460 2196 2547 2228 solli-

1489 2243 1619 2275 citudini
1643 2249 1689 2273 est
1712 2242 1838 2272 effectus
1861 2240 2067 2281 negligentiae
2090 2241 2256 2282 oppositae
2271 2240 2469 2277 studiositati,
2486 2249 2546 2281 pro,

1488 2293 1608 2328 quanto
1629 2294 1675 2317 est
1688 2286 1834 2316 voluntas
1849 2285 1978 2316 remissa
2002 2285 2081 2316 circa
2096 2285 2336 2316 studiositatem.
2361 2285 2401 2316 Et
2417 2290 2546 2326 propter

1487 2332 1569 2362 hanc
1591 2329 1870 2370 propinquitatem,
1896 2337 1926 2360 et
1949 2329 2274 2360 communicationem
2295 2329 2328 2359 in
2347 2327 2542 2366 nominibus,

1489 2385 1554 2406 non
1578 2374 1697 2405 curavit
1723 2376 1843 2404 Auctor
1872 2373 2044 2404 discernere
2073 2373 2111 2403 de
2135 2383 2198 2414 qua
2226 2372 2414 2413 negligentia
2435 2372 2545 2414 loque-

1489 2426 1583 2455 retur,
1599 2418 1762 2448 veritatem
1777 2417 1958 2457 praesertim
1975 2426 2099 2457 semper
2112 2417 2231 2447 salvam
2247 2416 2372 2447 videns:
2393 2415 2468 2457 quia
2482 2425 2547 2447 una

1489 2463 1582 2494 infert
1604 2462 1707 2498 aliam,
1732 2468 1768 2492 ut
1790 2468 1884 2501 patet.

1177 2618 1492 2661 ARTICULUS
1520 2617 1747 2659 TERTIUS

874 2718 1029 2748 UTRUM
1053 2716 1322 2747 IGNORANTIA
1345 2714 1543 2746 EXCUSET
1567 2715 1623 2744 Ex
1647 2713 1770 2744 TOTo
1794 2715 1822 2743 A
1845 2711 2048 2743 PECCATo

541 2803 631 2835 Supra,
651 2809 694 2834 qu.
713 2809 766 2830 xix,
785 2805 831 2825 art.
851 2799 879 2830 6;
900 2800 930 2824 11·
951 2800 1003 2829 11⁰,
1023 2807 1067 2831 qu.
1087 2806 1140 2830 Lxx,
1161 2803 1207 2823 art.
1221 2805 1246 2830 4,

1267 2798 1299 2822 ad
1317 2804 1342 2828 ις
1362 2798 1428 2822 Part.
1443 2797 1488 2825 ΙΙΙ,
1508 2803 1553 2828 qu.
1571 2803 1646 2825 xrvn,
1667 2800 1712 2821 art.
1725 2794 1761 2826 5,
1781 2795 1812 2820 ad
1834 2794 1867 2824 33'
1881 2795 1901 2819 11
1921 2794 2002 2824 Sent„
2023 2793 2080 2818 dist.
2099 2800 2158 2822 xxii.
2178 2800 2221 2826 qu.
2235 2799 2261 2822 ιι,
2282 2797 2327 2818 art.
2343 2800 2356 2818 2
2363 2800 2371 2824 ς

430 2838 487 2863 dist.
506 2845 555 2867 xm,
575 2845 619 2870 qu.
633 2844 664 2867 11,
685 2841 731 2861 art.
750 2844 770 2867 1,
791 2836 821 2860 ad
843 2835 870 2865 3;
890 2835 931 2865 1V,
951 2835 1008 2859 dist.
1027 2842 1060 2865 ix,
1079 2839 1125 2858 art.
1146 2833 1173 2863 3,
1193 2834 1239 2866 qu·
1256 2841 1283 2864 2;
1304 2833 1345 2858 De
1361 2832 1442 2862 Malo,
1462 2839 1506 2864 qu.
1524 2839 1562 2862 ιιι,
1581 2836 1626 2855 art.
1641 2830 1670 2861 8;
1688 2831 1783 2861 Quodl.
1799 2830 1862 2861 VIII,
1882 2837 1925 2862 qu.
1939 2837 1973 2860 vr,
1992 2833 2040 2854 art.
2060 2828 2089 2860 55
2103 2828 2147 2853 Ad
2159 2828 2246 2858 Rom„
2262 2836 2318 2861 cap.
2329 2836 2347 2858 1,
2366 2829 2424 2854 lect.
2438 2835 2486 2859 vm

847 2870 891 2895 Ad
913 2869 988 2900 Tim„
1007 2877 1062 2901 cap.
1080 2877 1099 2899 ι,
1118 2869 1176 2894 lect.
1194 2876 1237 2899 ¹113
1258 2868 1299 2893 De
1313 2868 1374 2893 Diu.
1387 2867 1474 2893 Nom..
1494 2874 1550 2900 cap.
1567 2873 1600 2896 ιν,
1620 2866 1677 2891 lect.
1695 2873 1759 2896 xxm
1778 2866 1801 2890 V
1822 2865 1916 2894 Ethic„
1936 2865 1994 2890 lect.
2011 2871 2066 2889 xm.

416 3006 437 3015 ,.
526 2985 540 2998 κ»
586 2973 608 2997 n
628 2971 787 2997 TERTIUM
807 2971 859 2995 SIC
879 2969 1117 2995 PRocnnirun.
1147 2956 1305 2994 Videtur
1327 2955 1433 3005 quod

587 3012 795 3061 ignorantia
825 3023 869 3048 ex
897 3017 976 3047 toto
998 3017 1150 3046 excuset
1178 3022 1198 3046 a
1226 3016 1382 3057 peccato
1404 3014 1431 3045 α.

553 3065 699 3117 Quia,
720 3072 761 3102 ut
783 3064 1014 3112 Augustinus
1044 3062 1133 3099 dicit
1150 3062 1181 3109 ³¹⁶,
1212 3074 1326 3098 omne
1346 3073 1433 3110 pec-

381 3179 508 3208 causat
544 3170 858 3216 involuntarium,
896 3176 938 3206 ut
975 3180 1089 3217 supra
1113 3169 1132 3188 '³
1159 3167 1331 3204 habitum
1369 3174 1434 3203 est.

380 3224 481 3271 Ergo
509 3224 716 3270 ignorantia
744 3222 903 3260 totaliter
932 3228 1085 3258 excusat
1111 3227 1322 3269 peccatum.

435 3288 469 3312 2.
491 3276 720 3323 PRAETEREA,
746 3276 784 3313 id
812 3275 917 3324 quod
946 3274 1076 3323 aliquis
1096 3273 1181 3310 facit
1207 3279 1356 3322 praeter
1383 3271 1437 3308 in-

380 3329 608 3375 tentionem,
638 3341 706 3377 per
743 3328 916 3365 accidens
946 3327 1028 3375 agit.
1060 3326 1137 3363 Sed
1174 3325 1329 3362 intentio
1358 3337 1437 3361 non

380 3388 505 3430 potest
525 3393 604 3417 esse
621 3382 666 3417 de
688 3393 733 3417 eo
753 3381 857 3428 quod
878 3388 933 3417 est
952 3380 1132 3427 ignotum.
1154 3379 1255 3426 Ergo
1275 3378 1313 3415 id
1333 3377 1438 3426 quod

1487 2967 1555 3004 per
1573 2953 1823 3002 ignorantiam
1849 2953 1968 2990 homo
1989 2952 2075 3000 agit,
2096 2963 2163 3000 per
2182 2951 2356 2988 accidens
2375 2963 2416 2988 se
2434 2951 2550 2988 habet

1488 3008 1525 3044 in
1554 3007 1698 3044 actibus
1726 3005 1914 3042 humanis.
1945 3005 2022 3042 Sed
2050 3005 2155 3053 quod
2184 3012 2239 3041 est
2266 3016 2335 3053 per
2359 3003 2545 3050 accidens,

1489 3072 1568 3097 non
1597 3059 1660 3096 dat
1687 3058 1866 3107 speciem.
1897 3057 2000 3094 Nihil
2030 3069 2117 3105 ergo
2144 3057 2249 3106 quod
2278 3064 2333 3094 est
2354 3069 2424 3106 per
2441 3055 2547 3104 igno-

1489 3112 1648 3150 rantiam
1666 3112 1819 3157 factum,
1841 3110 1954 3147 debet
1981 3109 2136 3147 iudicari
2163 3117 2364 3159 peccatum
2382 3109 2444 3147 vel
2472 3107 2548 3146 vir-

1488 3173 1643 3202 tuosum
1671 3164 1710 3201 in
1736 3163 1912 3201 humanis
1941 3163 2096 3200 actibus.

1545 3219 1576 3255 3.
1598 3219 1835 3263 PRAETEREA,
1864 3217 1984 3253 homo
2014 3223 2069 3253 est
2097 3215 2308 3252 subiectum
2335 3211 2481 3251 virtutis
2511 3220 2547 3249 et

1489 3270 1634 3319 peccati
1647 3270 1872 3319 inquantum
1889 3276 1943 3306 est
1957 3268 2143 3317 particeps
2159 3267 2322 3306 rationis.
2345 3265 2422 3302 Sed
2437 3265 2543 3312 igno—

1491 3323 1609 3360 rantia
1638 3322 1799 3359 excludit
1826 3321 2041 3368 scientiam,
2071 3333 2139 3370 per
2167 3332 2283 3370 quam
2310 3318 2404 3355 ratio
2432 3318 2547 3366 perfi-

1492 3377 1595 3413 citur.
1626 3377 1728 3423 Ergo
1748 3374 1958 3423 ignorantia
1977 3374 2138 3411 totaliter
2165 3379 2316 3410 excusat
2335 3383 2356 3407 a
2375 3378 2544 3419 peccato.

434 3513 461 3546 α)
480 3520 497 3537 α
511 3515 628 3544 peccato.
651 3525 669 3530 -
685 3514 820 3543 peccatum
841 3512 950 3535 codices.

2831 2986 2840 3180 m—..t-a—„-
2833 2912 2840 2980 .-.-..
