2840 4010
0 2327 28 2398 ΛΨ,

1028 172 1294 218 QUAESTIO
1324 172 1403 219 CV,
1432 173 1727 210 ARTICULUS
1756 173 1808 210 IV

2432 178 2503 214 271

1106 289 1423 331 ARTICULUS
1454 282 1726 342 QUARTUS

411 373 567 404 UTRUM
592 373 933 404 CONVENJENTER
955 374 1041 404 LEX
1064 371 1206 404 VETUS
1229 371 1486 403 PRAECEPTA
1510 374 1714 405 EDIDERIT
1738 373 1869 405 CIRCA
1892 373 2167 405 DOMEsricAs
2192 371 2410 404 PERSONAS

558 449 591 473 IV
610 449 694 478 Sent„
715 448 773 474 dist.
792 455 877 479 xxxin,
896 455 941 480 qu.
959 455 977 478 1,
997 451 1043 471 art.
1063 446 1086 475 3,
1107 446 1156 478 qua
1176 445 1199 477 3,
1220 445 1252 470 ad
1274 444 1302 474 33
1322 452 1367 477 qu.
1386 453 1412 474 11,
1433 451 1479 470 art.
1501 453 1524 477 2,
1544 448 1593 479 qua
1617 456 1637 478 1,
1659 455 1682 478 2,
1701 455 1730 479 4;
1751 449 1781 473 111
1803 449 1878 474 Cont.
1900 450 1987 477 Gent„
2007 456 2063 482 cap.
2082 456 2168 479 cxxm,
2187 455 2261 473 cxxv.

324 742 468 792 sophus
488 741 588 788 dicit,
609 741 646 778 in
663 742 676 778 1
695 739 803 779 Polit.
818 737 840 761 ‘⁸
864 738 941 776 Sed
962 738 999 775 id
1019 738 1126 787 quod
1142 745 1197 774 est
1215 736 1382 783 alicuius,

324 792 510 844 perpetuo
531 793 611 834 eius
630 805 714 832 esse
730 793 854 830 debet.
875 792 978 840 Ergo
996 790 1308 828 inconvenienter
1325 789 1384 826 lex

324 845 522 890 mandavit
546 842 670 883 Exod.
689 857 748 882 xx1
768 845 800 893 ²¹¹,
830 847 935 894 quod
966 844 1066 882 servi
1091 844 1252 894 septimo
1282 854 1383 879 anno

325 899 430 939 liberi
459 899 718 940 abscederent.

83 748 164 797 33³3:
176 747 273 795 {¹303ss
284 758 295 763 ’

85 855 95 864 ·
109 853 175 876 νει-ι.
190 858 210 874 2.

378 963 414 989 2.
435 952 672 999 Pur-mam,
699 950 793 988 sicut
822 951 962 988 animal
990 949 1161 999 aliquod,
1188 957 1229 985 ut
1257 947 1384 984 asinus

324 1011 388 1041 aut
415 1004 502 1052 bos,
533 1012 588 1042 est
613 1004 805 1053 possessio
835 1003 993 1051 domini,
1019 1003 1069 1045 ita
1098 1002 1210 1039 etiam
1238 1013 1382 1039 servus.

324 1057 401 1094 Sed
430 1057 478 1094 de
507 1057 734 1095 animalibus
753 1057 981 1106 praecipitur
1006 1057 1208 1093 Deut.·xxu
1226 1053 1258 1101 ⁸,
1280 1054 1384 1103 quod

323 1109 564 1147 restituantur
597 1110 761 1148 dominis
790 1110 884 1159 suis,
914 1110 944 1147 si
974 1120 1098 1146 errare
1133 1107 1383 1146 inveniantur.

323 1163 640 1200 inconvenienter
663 1175 752 1212 ergo
777 1165 980 1201 mandatur
998 1164 1108 1199 Dent.
1128 1170 1212 1198 xxm
1231 1159 1267 1197 *ε
1291 1159 1383 1197 Νοη

322 1216 451 1264 tradas
475 1227 627 1254 servum
655 1217 806 1254 domino
825 1229 906 1263 suo,
936 1216 1002 1265 qui
1027 1215 1079 1252 ad
1103 1221 1138 1252 te
1159 1213 1384 1263 confugerit.

333 1264 414 1307 '''3.
431 1270 664 1317 PRAETEREA,
685 1271 746 1307 lex
766 1269 894 1308 divina
923 1270 1036 1318 debet
1057 1267 1176 1316 magis
1204 1267 1253 1304 ad
1271 1266 1385 1303 mise-

323 1321 526 1360 ricordiam
562 1335 775 1372 provocare
812 1335 929 1371 quarn
966 1322 1079 1359 etiam
1113 1322 1172 1358 lex
1202 1321 1383 1357 humana.

324 1374 402 1412 Sed
421 1376 633 1413 secundum
654 1374 763 1424 'leges
786 1376 976 1413 humanas
999 1374 1162 1423 graviter
1178 1373 1387 1423 puniuntur

323 1428 388 1478 qui
425 1428 537 1468 nimis
569 1440 708 1478 ‘aspere
745 1429 916 1478 affligunt
951 1439 1084 1465 servos
1120 1434 1184 1464 aut
1219 1426 1388 1463 ancillas.

323 1481 545 1532 Asperrima
564 1490 692 1519 autem
710 1482 861 1519 videtur
880 1493 964 1518 esse
987 1481 1139 1518 afflictio
1160 1491 1205 1517 ex
1233 1491 1308 1529 qua
1328 1492 1385 1517 se-

323 1534 450 1585 quitur
466 1546 583 1572 mors.
604 1531 923 1573 Inconvenienter
941 1534 1051 1582 igitur
1061 1544 1064 1546 ’
1074 1533 1243 1573 statuitur
1259 1533 1383 1570 Exod.

323 1584 428 1636 xx1**,
449 1588 556 1637 quod
575 1589 641 1638 qui
651 1589 881 1638 percusserit
895 1599 1047 1625 servum
1065 1599 1179 1624 suum*
1194 1587 1253 1624 vel
1270 1587 1385 1624 ancil-

323 1640 400 1678 lam
427 1642 553 1691 virga,
572 1641 606 1678 si
633 1653 707 1678 uno
727 1642 786 1679 die
811 1642 1071 1690 supervixerit,
1092 1652 1166 1678 non
1185 1641 1388 1678 subiacebit

317 1705 478 1742 poenae,
497 1694 586 1743 quia
607 1695 772 1744 pecunia
800 1695 897 1732 illius
924 1701 988 1732 est.

377 1758 414 1794 4.
435 1747 669 1796 Pmmnm,
700 1748 794 1785 alius
822 1756 878 1785 est
904 1747 1135 1798 principatus
1164 1747 1310 1785 domini
1337 1748 1386 1785 ad

325 1811 493 1848 servum,
514 1808 551 1837 et
577 1801 693 1850 patris
722 1802 770 1838 ad
797 1802 935 1849 filium,
962 1809 1004 1839 ut
1033 1801 1167 1839 dicitur
1193 1801 1231 1838 in
1260 1802 1274 1838 1
1302 1801 1323 1823 '¹‘
1352 1809 1387 1838 et

326 1853 375 1889 111
399 1853 420 1875 '¹⁸
446 1853 553 1891 Polit.
589 1854 667 1892 Sed
694 1855 768 1892 hoc
797 1855 846 1892 ad
873 1854 1126 1904 principatum
1159 1854 1305 1892 domini
1338 1854 1386 1891 ad

325 1917 481 1943 servum
508 1907 684 1956 pertinet,
709 1915 752 1945 ut
778 1907 912 1957 aliquis
941 1921 1095 1946 servum
1123 1909 1184 1945 vel
1211 1908 1385 1946 ancillam

325 1960 493 1996 vendere
512 1961 643 2009 possit.
667 1961 984 1999 Inconvenienter
1007 1961 1117 2010 igitur
1134 1963 1192 1999 lex
1215 1961 1388 2011 permisit

326 2013 432 2062 quod
466 2013 599 2062 aliquis
631 2014 816 2052 venderet
841 2014 960 2051 filiam
993 2026 1103 2052 suam
1133 2014 1171 2053 in
1204 2015 1386 2052 famulam

80 2071 98 2084 ⁴
176 2071 300 2102 seo-¹²¹1
325 2066 387 2102 vel
416 2066 592 2103 ancillam
610 2067 642 2104 *.

85 2103 179 2126 ”³⁵⁷⁹
384 2120 416 2156 5.
438 2120 671 2168 PRAETEREA,
690 2128 798 2170 pater
824 2121 939 2158 habet
966 2121 1024 2158 sui
1050 2121 1117 2158 filii
1147 2129 1386 2172 potestatem.

327 2172 405 2209 Sed
432 2173 513 2210 eius
543 2181 598 2210 est
623 2173 757 2223 punire
787 2186 974 2222 excessus,
1003 2175 1068 2223 qui
1085 2175 1200 2212 habet
1225 2182 1389 2224 potesta-

325 2234 403 2262 tem
423 2238 539 2275 super
564 2234 800 2275 peccantem.
823 2228 1138 2266 Inconvenienter
1155 2228 1264 2277 igitur
1282 2240 1389 2266 man-

83 1063 96 1075 ⁴
109 1063 178 1086 νοτε.
193 1046 233 1091 μὲ.

84 1170 95 1180 ·
109 1169 176 1192 Ven.
190 1175 219 1197 ¹5·

82 1591 94 1603 ⁶
107 1591 176 1614 Vm.
190 1597 220 1614 ao
234 1597 270 1620 sq.

85 1808 142 1856 ‘ST
161 1821 169 1829 .
179 1811 275 1855 ¹*amn-¹1.
286 1817 297 1822 -

80 1860 133 1909 ΞΟ·
150 1848 298 1908 ..ηιμ-’.μὲ-

104 1901 111 1908 .
158 1901 166 1908 .
189 1889 232 1908 eet.
247 1892 269 1907 v.

81 2283 95 2292 ⁶
109 2281 178 2304 Ver·-
192 2282 216 2304 ¹⁸
230 2288 282 2310 sqq·
327 2279 436 2316 datur
460 2281 572 2317 Deut.
591 2290 651 2317 xxi
669 2279 700 2328 ²⁸,
722 2281 827 2329 quod
854 2289 962 2330 pater
990 2281 1102 2318 ducat
1123 2281 1243 2319 filiurn
1263 2282 1312 2319 ad
1333 2294 1390 2319 se-

326 2331 452 2369 niores
481 2333 639 2370 civitatis
667 2334 918 2383 puniendum.

88 2397 96 2407 ·
111 2395 178 2418 Vers·
192 2402 206 2425 3
219 2401 271 2424 sqq·
381 2387 416 2423 6.
433 2386 666 2435 PRAETEREA,
689 2387 879 2424 Dominus
893 2387 1098 2437 prohibuit,
1117 2389 1228 2425 Deut.
1239 2387 1328 2436 v11*,
1349 2396 1390 2425 ut

327 2451 416 2476 curn
444 2439 661 2487 alienigenis
688 2452 767 2477 non
795 2441 983 2478 sociarent
1011 2441 1204 2489 coniugia;
1235 2449 1271 2478 et
1299 2453 1388 2478 con-

83 2524 98 2535 ,
117 2522 170 2549 Ub-
183 2498 204 2545 f*
213 2523 298 2551 Em„
326 2491 452 2529 iuncta
473 2492 584 2530 etiarn
613 2501 878 2542 separarentur
898 2499 926 2541 α,
955 2501 997 2530 ut
1023 2501 1126 2543 patet
1152 2494 1295 2532 Esdrae
1314 2507 1338 2531 x
1356 2495 1387 2532 ²¹⁸.

328 2546 645 2583 Inconvenienter
676 2547 787 2595 igitur
814 2548 925 2584 Deut.
952 2559 1011 2584 xxl
1038 2547 1059 2569 ‘¹‘
1087 2548 1307 2586 conceditur
1335 2548 1388 2586 eis

327 2606 369 2636 ut
397 2600 566 2648 captivas
586 2599 882 2648 alienigenarum
912 2600 1052 2637 ducere
1075 2600 1221 2650 possint
1238 2612 1387 2639 uxores.

382 2664 418 2700 7.
440 2653 682 2700 PRAETEREA,
712 2653 902 2700 Dominus
930 2654 968 2690 in
995 2654 1178 2691 uxoribus
1207 2654 1389 2693 ducendis

329 2705 519 2753 quosdam
567 2706 899 2754 consanguinitatis
941 2714 977 2743 et
1017 2707 1206 2744 affinitatis
1250 2709 1389 2756 gradus

328 2758 521 2807 praecepit
558 2770 639 2795 esse
667 2759 865 2806 vitandos,
894 2767 936 2796 ut
961 2767 1065 2808 patet
1090 2761 1181 2798 Lev.
1205 2771 1300 2798 xvm.
1332 2763 1390 2799 ln-

330 2811 601 2848 convenienter
628 2811 738 2860 igitur
766 2814 968 2850 mandatur
995 2814 1105 2850 Deut.
1124 2826 1196 2850 xxv
1222 2813 1253 2862 ¹⁸,
1285 2815 1389 2864 quod

330 2863 360 2900 si
389 2864 522 2914 aliquis
551 2871 648 2901 esset
676 2872 848 2902 mortuus
883 2866 1026 2916 absque
1055 2866 1198 2915 liberis,
1229 2879 1388 2904 uxorem

330 2917 446 2966 ipsius
474 2917 588 2954 frater
616 2917 696 2954 eius
726 2917 923 2967 acciperet.

385 2971 419 3007 8.
441 2971 675 3017 PRAETEREA,
696 2970 792 3007 inter
808 2971 935 3008 virum
956 2978 992 3008 et
1009 2984 1183 3020 uxorem,
1212 2973 1307 3022 sicut
1336 2981 1392 3011 est

331 3023 498 3061 maxima
524 3023 766 3071 familiaritas,
787 3023 837 3061 ita
866 3024 980 3062 debet
1000 3037 1081 3062 esse
1110 3025 1329 3064 firmissima
1347 3028 1391 3064 fi-

331 3077 409 3114 des.
441 3076 519 3113 Sed
545 3077 622 3114 hoc
653 3089 732 3113 non
764 3084 889 3126 potest
918 3089 1017 3124 esse,
1045 3078 1075 3114 si
1104 3078 1390 3118 matrimonium

331 3129 548 3167 dissolubile
577 3129 697 3167 fuerit.
723 3129 1039 3167 Inconvenienter
1064 3130 1174 3178 igitur
1201 3132 1391 3170 Dominus

330 3182 509 3232 permisit,
529 3184 640 3220 Deut.
660 3194 745 3219 xxiv
758 3182 789 3230 ³¹⁸,
806 3184 910 3231 quod
929 3182 1064 3232 aliquis
1082 3192 1212 3232 posset
1229 3197 1390 3223 uxorem

332 3235 534 3283 dimittere,
564 3235 702 3284 scripto
731 3235 857 3272 libello
887 3235 1050 3284 repudii;
1080 3243 1116 3272 et
1142 3237 1248 3286 quod
1276 3239 1389 3276 etiam

330 3289 485 3326 ulterius
514 3301 599 3326 eam
630 3301 853 3338 recuperare
882 3301 960 3325 non
986 3296 1127 3337 posset.

384 3345 421 3390 9.
441 3343 674 3389 PRAETEREA,
696 3341 790 3378 sicut
809 3353 904 3379 uxor
930 3349 1056 3390 potest
1075 3342 1244 3390 frangere
1271 3343 1389 3381 fidem

81 2554 180 2598 &aaa
194 2581 218 2598 ιο
233 2581 285 2605 sqq.

91 2818 99 2826 ”
114 2816 181 2839 Vm.
196 2822 215 2844 5.

86 3191 101 3202 ‘
118 3190 182 3213 Vero.
197 3197 240 3219 1—4.

1442 529 1590 575 marito,
1621 530 1669 567 ita
1698 530 1812 568 etiam
1841 544 1974 569 servus
2003 532 2176 580 domino,
2204 540 2240 569 et
2267 531 2366 569 filius
2393 532 2502 581 patri.

1361 577 1386 604 “-
1444 573 1520 618 Sed
1559 585 1606 619 ad
1640 583 1942 632 investigandam
1974 585 2149 623 iniuriam
2178 585 2276 622 servi
2310 585 2348 622 in
2382 585 2504 622 domi-

1442 646 1548 681 num,
1563 637 1626 672 vel
1645 636 1711 672 filii
1726 636 1764 673 in
1778 645 1938 686 patrem,
1960 650 2039 676 non
2061 647 2116 675 est
2135 639 2342 676 institutum
2364 638 2401 675 in
2422 639 2503 686 lege

1442 687 1594 735 aliquod
1632 689 1871 728 sacrificium.
1902 691 2103 739 Superflue
2132 692 2241 740 igitur
2271 691 2421 729 videtur
2449 691 2504 728 in-

1441 739 1540 776 stitui
1556 740 1784 779 sacrificium
1800 744 2009 792 zelotypiae
2026 745 2073 781 ad
2089 745 2395 793 investigandum
2410 757 2503 781 uxo-

1441 792 1490 828 ris
1519 793 1758 841 adulterium,
1779 796 1897 832 Num.
1919 808 1943 831 v
1960 796 1991 832 ³¹⁶.
2014 797 2076 833 Sic
2104 797 2214 855 i-gitur
2234 797 2503 835 inconvenien-
2532 810 2541 817 ·
2555 807 2658 829 Vers-12
2673 813 2725 835 sqq-

1440 852 1496 882 ter
1523 846 1702 883 videntur
1729 860 1811 884 esse
1839 848 1973 885 tradita
2001 849 2038 886 in
2065 851 2146 898 lege
2181 858 2383 899 praecepta
2410 850 2503 887 iudi*-

1441 898 1545 935 cialia
1573 899 1670 936 circa
1699 912 1882 948 personas
1911 902 2151 939 domesticas.

1495 951 1569 988 SED
1598 964 1744 989 CONTRA
1763 965 1829 990 EST
1851 955 1956 1002 quod
1977 955 2111 992 dicitur
2129 956 2166 992 in
2185 956 2339 992 Psalmo
2361 968 2444 992 xvm
2463 955 2501 993 *z
2530 971 2540 980 ·
2556 969 2665 991 Veram.

1439 1004 1585 1041 Iudicia
1613 1006 1772 1042 Domini
1796 1018 1900 1052 vera,
1921 1008 2117 1055 iustificata
2147 1009 2183 1044 in
2211 1009 2416 1056 semetipsa.

1495 1058 1720 1095 RespoNnsso
1755 1070 1939 1097 DtCENDUM
1973 1061 2078 1109 quod
2116 1061 2337 1098 communio
2371 1063 2502 1098 dome-

1441 1110 1616 1148 sticarum
1646 1124 1896 1160 personarum
1917 1113 1965 1150 ad
1985 1113 2162 1161 invicem,
2189 1121 2229 1151 ut
2247 1114 2503 1163 Philosophus

1442 1163 1538 1210 dicit,
1560 1164 1597 1201 in
1618 1165 1631 1200 1
1652 1165 1758 1202 Polit.
1779 1165 1810 1212 *,
1833 1174 1888 1203 est
1906 1167 2118 1203 secundum
2138 1167 2379 1215 quotidianos
2399 1176 2504 1205 actus
2531 1176 2588 1224 ’δῦτε
2608 1175 2743 1223 4336·-

1442 1217 1506 1264 qui
1531 1217 1754 1255 ordinantur
1773 1221 1820 1257 ad
1849 1220 2112 1256 necessitatem
2132 1220 2245 1257 vitae.
2265 1220 2351 1257 Vita
2375 1229 2503 1258 autern
2551 1218 2556 1223 ’
2605 1218 2610 1223 ’
2671 1218 2677 1223 ’
2703 1218 2708 1223 ’

1441 1270 1606 1308 hominis
1626 1280 1874 1309 conservatur
1894 1273 2107 1322 dupliciter.
2121 1273 2209 1310 Uno
2232 1274 2363 1321 modo,
2385 1286 2503 1322 quan-

1441 1330 1521 1359 tum
1552 1324 1600 1361 ad
1638 1324 1904 1372 individuum,
1933 1334 2046 1374 prout
2073 1326 2212 1363 scilicet
2245 1328 2364 1364 homo
2401 1328 2502 1364 idem

1441 1389 1602 1414 numero
1630 1377 1742 1415 vivit:
1773 1386 1808 1414 et
1827 1379 1875 1416 ad
1904 1380 2015 1415 talem
2042 1380 2142 1416 vitae
2172 1380 2503 1418 conservationem

1442 1430 1674 1479 opitulantur
1713 1431 1859 1469 homini
1902 1432 2086 1469 exteriora
2120 1433 2243 1480 bona,
2285 1446 2327 1470 ex
2366 1434 2504 1482 quibus

1441 1484 1560 1520 homo
1586 1485 1701 1521 habet
1717 1485 1862 1522 victum
1883 1493 1919 1521 et
1938 1486 2116 1522 vestitum
2140 1493 2176 1522 et
2195 1486 2265 1523 alia
2285 1487 2504 1524 huiusmodi

1443 1537 1654 1574 necessaria
1672 1537 1789 1583 vitae;
1810 1538 1848 1574 in
1872 1538 2010 1587 quibus
2030 1538 2336 1576 administrandis
2365 1540 2505 1588 indiget

1442 1590 1561 1627 homo
1590 1590 1718 1628 servis.
1739 1591 1825 1628 Alio
1854 1593 1972 1629 modo
2003 1599 2250 1630 conservatur
2276 1593 2354 1630 vita
2381 1593 2504 1630 homi-

1441 1643 1498 1680 nis
1514 1646 1724 1681 secundum
1740 1644 1908 1694 speciem
1924 1657 1992 1694 per
2006 1646 2302 1693 generationem,
2318 1646 2367 1683 ad
2387 1658 2504 1695 quam

1442 1697 1582 1745 indiget
1609 1698 1728 1734 homo
1757 1710 1888 1746 uxore,
1910 1706 1950 1735 ut
1969 1711 2014 1735 ex
2043 1711 2088 1736 ea
2107 1707 2261 1747 generet
2286 1699 2421 1736 filium.
2443 1699 2506 1736 Sic

1441 1750 1551 1798 igitur
1579 1751 1617 1788 in
1646 1751 1853 1788 domestica
1883 1753 2156 1790 communione
2183 1760 2269 1790 sunt
2295 1760 2370 1790 tres
2399 1765 2504 1790 com-

1442 1804 1674 1841 binationes:
1709 1804 1848 1842 scilicet
1883 1805 2029 1843 domini
2066 1806 2115 1842 ad
2144 1818 2320 1853 servum,
2352 1806 2421 1843 viri
2455 1806 2503 1844 ad

1441 1870 1613 1906 uxorem,
1633 1857 1748 1907 patris
1777 1859 1826 1895 ad
1854 1858 1985 1896 filium.
2008 1860 2057 1896 Et
2084 1867 2269 1908 quantum
2299 1859 2347 1896 ad
2375 1859 2505 1896 omnia

1441 1910 1510 1947 ista
1539 1912 1596 1947 lex
1624 1918 1735 1947 vetus
1765 1912 2029 1949 convenientia
2055 1921 2258 1961 praecepta
2289 1912 2450 1950 tradidit.

1496 1965 1598 2000 Nam
1627 1971 1812 2012 quantum
1841 1966 1890 2003 ad
1918 1978 2062 2013 servos,
2082 1965 2237 2003 instituit
2264 1973 2305 2002 ut
2333 1967 2504 2003 modeste

1442 2025 1688 2054 tractarentur
1716 2025 1752 2054 et
1784 2026 1970 2067 quantum
1999 2019 2046 2055 ad
2080 2019 2249 2066 labores,
2285 2032 2333 2056 ne
2366 2020 2505 2056 scilicet

1443 2070 1703 2108 immoderatis
1718 2071 1912 2108 laboribus
1928 2072 2193 2120 affligerentur,
2209 2072 2312 2110 unde
2331 2074 2504 2109 Deut.v÷·‘
2534 2086 2541 2093 ·
2558 2084 2625 2106 vers.
2642 2090 2672 2110 ¹4·

1443 2124 1633 2161 Dominus
1661 2125 1858 2162 mandavit
1881 2133 1922 2162 ut
1940 2125 1977 2161 in
2007 2125 2067 2162 die
2087 2125 2234 2163 sabbati
2262 2126 2509 2174 requiesceret

1442 2189 1571 2214 servus
1599 2183 1635 2214 et
1651 2177 1788 2215 ancilla
1816 2183 1880 2215 tua
1907 2179 2004 2215 sicut
2021 2184 2056 2215 et
2082 2184 2142 2216 tu:
2172 2187 2208 2216 et
2226 2179 2361 2216 iterum
2387 2192 2505 2228 quan-

1442 2239 1522 2267 tum
1552 2231 1600 2268 ad
1628 2243 1774 2280 poenas
1802 2231 2046 2280 infligendas,
2075 2232 2258 2281 imposuit
2285 2232 2386 2269 enim
2415 2245 2506 2282 poe-

1443 2296 1533 2321 nam
1553 2283 1568 2313 β
1597 2283 1873 2322 mutilatoribus
1902 2297 2102 2322 servorum
2121 2293 2163 2322 ut
2188 2285 2417 2323 dimitterent
2441 2299 2506 2323 eos
2632 2283 2647 2317 β

1442 2338 1594 2386 liberos,
1614 2337 1709 2374 sicut
1727 2338 1889 2374 habetur
1905 2339 2029 2375 Exod.
2050 2351 2109 2386 xxJ
2128 2338 2158 2375 ²¹⁸.
2181 2339 2230 2376 Et
2248 2338 2368 2376 simile
2393 2339 2506 2376 etiam

1444 2391 1569 2428 statuit
1596 2390 1634 2427 in
1663 2391 1796 2428 ancilla
1828 2403 1945 2440 quam
1974 2391 2013 2428 in
2041 2396 2200 2428 uxorem
2229 2392 2362 2440 aliquis
2391 2392 2505 2429 duxe-

1445 2445 1489 2481 rit
1502 2444 1533 2481 *.
1555 2465 1579 2472 -
1601 2444 1735 2481 Statuit
1755 2444 1868 2481 etiam
1888 2450 1904 2472 Υ
1923 2444 2134 2495 specialiter
2155 2445 2252 2482 circa
2281 2458 2413 2483 servos
2441 2445 2506 2494 qui

1445 2505 1549 2534 erant
1578 2509 1623 2534 ex
1650 2498 1808 2546 popu10,
1827 2505 1868 2534 ut
1896 2497 2059 2547 septimo
2088 2510 2189 2535 anno
2217 2498 2323 2535 liberi
2353 2499 2505 2547 egrede-

1443 2560 1571 2588 rentur
1599 2563 1688 2587 cum
1717 2550 1894 2587 omnibus
1922 2563 2021 2599 quae
2054 2559 2362 2600 apportaverant,
2393 2551 2504 2588 etiarn

1443 2604 1690 2650 vestimentis,
1701 2611 1743 2640 ut
1755 2604 1918 2640 habetur
1930 2605 2054 2641 Exod.
2063 2617 2121 2641 xxl
2133 2604 2163 2641 ³¹⁸.
2173 2605 2377 2641 Mandatur
2393 2605 2504 2641 etiam

1443 2658 1597 2706 insuper
1623 2658 1734 2694 Deut.
1754 2669 1802 2693 xv
1820 2656 1852 2705 ²⁸,
1871 2664 1914 2693 ut
1942 2657 1975 2694 ei
2004 2658 2112 2694 detur
2139 2657 2330 2695 viaticum.

1499 2711 1609 2747 Circa
1636 2722 1775 2747 uxores
1803 2722 1915 2756 vero,
1945 2711 2116 2747 statuitur
2144 2710 2181 2747 in
2210 2711 2290 2758 lege
2319 2717 2504 2758 quantum

1446 2764 1494 2800 ad
1508 2776 1647 2800 uxores
1662 2763 1867 2800 ducendas.
1883 2763 1934 2801 Ut
1948 2763 2086 2800 scilicet
2106 2764 2246 2800 ducant
2260 2776 2398 2800 uxores
2413 2776 2504 2800 suae

1445 2817 1575 2864 tribus,
1606 2816 1701 2853 sicut
1723 2817 1884 2853 habetur
1901 2817 2020 2854 Num.
2042 2818 2123 2853 ult.:
2159 2824 2195 2853 et
2220 2817 2295 2853 hoc
2323 2816 2423 2864 ideo,
2456 2829 2504 2853 ne

1446 2878 1565 2907 sortes
1589 2869 1755 2906 tribuum
1777 2869 2066 2906 confundantur.
2102 2870 2151 2906 Et
2176 2870 2280 2918 quod
2300 2869 2433 2918 aliquis
2467 2869 2506 2906 in

1445 2935 1605 2960 uxorem
1636 2923 1748 2959 ducat
1775 2925 1934 2959 uxorem
1964 2922 2085 2959 fratris
2115 2922 2280 2959 defuncti
2308 2922 2387 2959 sine
2414 2923 2504 2959 libe-

1446 2977 1507 3022 ris,
1527 2983 1569 3012 ut
1595 2976 1757 3012 habetur
1784 2976 1894 3012 Deut.
1915 2988 1987 3012 xxv
2004 2975 2040 3012 *z
2069 2983 2104 3012 et
2124 2975 2198 3011 hoc
2226 2975 2312 3012 ideo
2332 2973 2357 3022 δ,
2387 2983 2426 3012 ut
2445 2975 2505 3012 ille

1446 3029 1510 3078 qui
1538 3041 1616 3065 non
1635 3028 1758 3077 potuit
1775 3029 1916 3065 habere
1935 3040 2172 3065 successores
2196 3028 2407 3065 secundum
2429 3041 2507 3065 car-

1446 3083 1501 3119 nis
1530 3081 1737 3129 originem,
1767 3082 1898 3117 saltem
1928 3082 2066 3117 habeat
2092 3094 2160 3129 per
2192 3081 2386 3130 quandam
2414 3081 2506 3119 ado-

1446 3135 1637 3183 ptionem,
1669 3141 1704 3170 et
1731 3134 1784 3170 sic
1817 3146 1895 3170 non
1922 3133 2084 3170 totaliter
2120 3134 2309 3171 memoria
2341 3134 2506 3172 defuncti

1447 3188 1632 3225 deleretur
1651 3191 1674 3222 Ε.
1695 3186 1894 3223 Prohibuit
1913 3187 2027 3223 etiam
2048 3187 2234 3235 quasdam
2254 3200 2438 3236 personas
2458 3200 2506 3224 ne

1445 3241 1483 3277 in
1503 3239 1720 3287 coniugium
1737 3238 1996 3276 ducerenturz·
2009 3239 2149 3277 scilicet
2164 3240 2402 3289 alienigenas,
2418 3253 2506 3290 pro-

1445 3301 1528 3342 pter
1554 3292 1765 3341 periculum
1786 3292 2015 3328 seductionis
2033 3292 2069 3339 *ς
2100 3300 2135 3330 et
2157 3293 2403 3343 propinquas,
2418 3306 2506 3343 pro·
2534 3304 2544 3314 ⁸
2560 3303 2617 3325 Vide
2632 3309 2680 3331 arg·
2695 3304 2717 3325 0-

1446 3353 1528 3394 pter
1549 3344 1800 3381 reverentiam
1828 3346 2036 3382 naturalem
2059 3358 2157 3395 quae
2182 3346 2235 3384 eis
2257 3347 2416 3384 debetur
2433 3347 2465 3384 ²¹⁸.
2482 3368 2506 3375 —
2535 3359 2542 3366 ·
2560 3356 2618 3378 Vide
2632 3362 2714 3383 ars-7-

2534 2350 2544 2359 ⁸
2560 2349 2626 2370 Vers.
2640 2349 2667 2371 26
2682 2355 2717 2377 sq.

2534 2456 2542 2463 ’
2549 2454 2606 2477 Ibid.
2611 2461 2669 2477 vers.
2674 2462 2686 2482 7
2692 2462 2743 2483 sqq.

2631 2492 2647 2517 Υ

2533 2618 2541 2626 ·
2553 2617 2619 2639 Vers.
2637 2623 2648 2639 2
2664 2624 2716 2646 sqq.

2534 2672 2542 2679 ”
2559 2670 2624 2692 Vers.
2640 2676 2660 2698 13
2675 2677 2711 2698 sq.

2535 2980 2542 2988 ·
2559 2978 2625 3000 Vers.
2632 2985 2653 3014 κ5
2669 2985 2703 3006 sq.

2631 3014 2645 3031 ο

383 3461 412 3491 α)
431 3460 630 3488 separarentur.
649 3469 667 3474 —
686 3462 844 3488 separentur
865 3456 1028 3488 ACDGIKL,
1047 3461 1210 3489 separantur
1228 3458 1262 3486 Ε,
1284 3465 1392 3490 separa-

331 3492 551 3561 ηηὶἰῖΐοεηαητ.
566 3542 583 3547 -
598 3534 700 3560 poenas
719 3527 754 3556 K,
773 3535 827 3552 orn.
846 3527 892 3552 Ρα.

1493 3456 1526 3492 ’γ)
1546 3459 1636 3485 etiam.
1649 3473 1667 3478 —
1685 3462 1773 3484 autem
1794 3460 1821 3484 P.

1499 3493 1524 3527 ὃ)
1546 3495 1612 3519 ideo.
1624 3508 1643 3514 -
1661 3495 1722 3519 Om.
1742 3495 1851 3519 codices.

1499 3529 1521 3563 ε)
1543 3530 1682 3554 deleretur.
1695 3544 1714 3549 —
1732 3531 1870 3555 tolleretur
1889 3531 1918 3562 Κ,
1939 3531 2060 3557 deleatur
2079 3532 2107 3557 Ρ.
