2840 4010
0 1733 4 1759 '⁷
0 1628 11 1704 ⁴⁷·*t
7 1594 12 1599 ⁷

96 256 105 264 ·
112 252 220 276 DeGrat.
229 251 307 274 etl-ib.

96 280 180 306 Art-it„
196 285 246 307 cap.
262 284 293 300 νι.

100 1307 112 1318 ·
124 1305 177 1328 Art.
191 1305 298 1332 praeced.

102 1463 170 1492 ·Qu.
179 1470 230 1490 tm,
242 1467 284 1486 nrt.
295 1470 310 1485 1.

91 3391 301 3446 bcrssssissffl‘i

90 3450 140 3472 cap.
155 3450 198 3466 ιιι.

1031 161 1296 208 QUAESTIO
1327 161 1410 207 CX,
1439 161 1735 199 ARTICULUS
1765 161 1815 198 lV

336 241 405 287 nis,
422 247 467 277 ut
479 239 710 287 Augustinus
731 240 818 277 dicit
827 240 858 276 ²³.
877 240 954 277 Sed
971 240 1149 276 meritum
1171 239 1337 276 consistit
1357 239 1393 275 in

336 299 433 338 actu,
450 292 515 340 qui
535 304 579 329 ex
599 292 724 340 aliqua
745 293 914 342 potentia
932 292 1114 342 procedit.
1130 292 1231 339 Ergo
1246 291 1395 327 videtur

336 345 441 394 quod
459 345 578 392 gratia
590 345 635 382 sit
645 345 826 394 perfectio
844 345 1000 383 alicuius
1019 344 1210 394 potentiae
1231 343 1393 380 animae.

393 398 427 435 3.
456 397 696 445 PRAETEREA,
726 398 756 435 si
775 398 934 436 essentia
962 398 1112 434 animae
1132 396 1178 433 sit
1196 395 1394 444 proprium

337 450 552 487 subiectum
581 451 741 499 gratiae,
775 458 922 500 oportet
950 450 1055 498 quod
1083 449 1211 485 anima
1237 448 1395 496 inquan—

337 511 419 540 tum
448 504 563 540 habet
590 504 804 550 essentiam,
826 503 871 540 sit
899 514 1017 550 capax
1045 501 1195 549 gratiae.
1217 501 1293 537 Sed
1322 502 1396 537 hoc

340 563 394 593 est
413 556 566 594 falsum:
583 556 672 604 quia
692 556 745 593 sic
763 561 984 604 sequeretur
998 554 1103 602 quod
1123 553 1248 590 omnis
1269 553 1396 589 anima

341 617 438 646 esset
465 609 604 656 gratiae
643 621 772 658 capax.
802 608 894 644 Non
923 618 1011 654 ergo
1048 605 1209 643 essentia
1246 605 1396 643 animae

340 670 396 699 est
422 662 620 710 proprium
647 660 860 699 subiectum
886 659 1038 707 gratiae.

391 726 430 761 4.
450 715 683 760 PRAETEREA,
704 713 864 750 essentia
892 712 1042 748 animae
1063 720 1119 749 est
1141 711 1244 760 prior
1262 718 1396 759 poten—

340 766 399 803 tiis
433 767 523 803 eius.
552 766 662 803 Prius
681 773 808 802 autem
837 773 961 813 potest
984 764 1137 812 intelligi
1165 764 1246 801 sine
1273 771 1398 812 poste-

341 819 442 856 riori.
472 820 574 867 Ergo
604 825 782 867 sequetur
811 818 915 867 quod
949 818 1065 865 gratia
1094 817 1212 866 possit
1248 816 1398 863 intelligi

341 872 380 909 i'n
407 872 547 915 anima,
575 871 676 909 nulla
704 878 809 920 parte
829 872 890 908 vel
918 871 1087 920 potentia
1115 869 1264 908 animae
1293 869 1397 906 intel-

340 926 454 971 lecta,
486 921 627 962 scilicet
662 935 786 972 neque
814 923 1010 961 voluntate
1048 935 1175 972 neque
1210 922 1398 959 intellectu

342 989 467 1025 neque
491 977 619 1025 aliquo
647 976 878 1013 huiusmodi.
900 977 1016 1023 Quod
1040 983 1096 1013 est
1113 975 1397 1013 inconveniens.

395 1030 471 1066 sm>
488 1040 634 1066 coum
653 1041 719 1066 EST
737 1030 841 1078 quod
864 1041 933 1078 per
950 1029 1104 1077 gratiam
1132 1039 1400 1076 regeneramur

340 1082 379 1119 in
397 1082 496 1118 filios
515 1082 598 1119 Dei.
621 1083 697 1119 Sed
721 1082 912 1130 generatio
932 1094 1002 1130 per
1021 1085 1038 1103 α
1056 1081 1160 1130 prius
1178 1080 1399 1118 terminatur

340 1135 390 1172 ad
416 1135 616 1171 essentiam
636 1147 752 1184 quam
779 1135 828 1172 ad
851 1135 1048 1183 potentias.
1070 1135 1172 1182 Ergo
1196 1134 1312 1182 gratia
1330 1146 1399 1182 per

340 1187 443 1236 prius
472 1196 527 1224 est
546 1188 583 1224 in
604 1188 764 1225 essentia
793 1188 941 1224 animae
967 1199 1082 1236 quam
1111 1187 1149 1224 in
1176 1187 1363 1236 potentiis.

343 1260 346 1261 ν
394 1241 619 1277 RESPONDEO
638 1252 822 1278 mesanum
837 1241 939 1289 quod
955 1240 1023 1276 ista
1038 1239 1208 1289 quaestio
1228 1252 1274 1276 ex
1287 1252 1396 1288 prae-

341 1293 488 1330 cedenti
507 1293 526 1315 *
555 1294 755 1342 dependet.
777 1293 816 1330 Si
837 1293 938 1330 enim
968 1293 1084 1340 gratia
1103 1292 1148 1329 sit
1170 1292 1273 1330 idern
1293 1293 1397 1340 quod

339 1346 470 1392 virtus,
495 1358 650 1383 necesse
679 1354 735 1383 est
762 1346 866 1394 quod
895 1346 941 1382 sit
976 1346 1015 1382 in
1042 1345 1211 1394 potentia
1239 1346 1396 1382 animae

339 1399 434 1435 sicut
461 1399 500 1436 in
528 1399 715 1435 subiecto:
745 1411 835 1435 nam
855 1399 1023 1447 potentia
1050 1399 1198 1435 animae
1227 1406 1283 1435 est
1310 1411 1396 1447 pro-

338 1451 464 1500 prium
493 1451 705 1488 subiectum
734 1451 890 1498 virtutis,
920 1459 961 1488 ut
988 1463 1102 1500 supra
1120 1451 1140 1473 '¹‘
1158 1451 1300 1489 dictum
1330 1460 1395 1489 est.

340 1503 380 1542 Si
409 1510 535 1541 autem
563 1505 681 1552 gratia
710 1504 833 1541 differt
852 1517 874 1541 a
901 1504 1150 1551 virtute„non
1171 1511 1296 1553 potest
1325 1504 1396 1541 dici

339 1556 444 1606 quod
462 1557 631 1605 potentia
659 1558 809 1594 animae
829 1557 873 1594 sit
899 1557 1038 1605 gratiae
1057 1557 1287 1594 subiectum:
1309 1557 1396 1606 quia

339 1609 464 1646 omnis
488 1610 668 1658 perfectio
688 1611 879 1659 potentiae
908 1610 1057 1647 animae
1076 1610 1191 1647 habet
1208 1609 1394 1647 rationem

211 1685 219 1698 ‚
268 1686 275 1693 -
303 1677 309 1696 ;
338 1662 496 1709 virtutis,
517 1671 559 1699 ut
585 1675 700 1711 supra
718 1663 738 1684 '¹‘
767 1663 909 1700 dictum
939 1671 1003 1700 est.
1034 1663 1145 1700 Unde
1177 1663 1396 1711 relinquitur

337 1717 443 1763 quod
471 1716 600 1763 gratia,
629 1716 723 1753 sicut
750 1724 806 1752 est
834 1717 938 1764 prius
964 1716 1101 1752 virtute
1119 1715 1156 1763 ²⁸³,
1181 1715 1231 1753 ita
1257 1716 1396 1752 habeat

337 1768 550 1805 subiectum
570 1769 673 1818 prius
691 1769 867 1817 potentiis
887 1768 1053 1805 animae:
1070 1769 1119 1805 ita
1138 1768 1275 1806 scilicet
1289 1769 1394 1817 quod

337 1820 383 1858 sit
410 1821 448 1858 in
478 1822 640 1858 essentia
668 1822 818 1859 animae
846 1821 877 1860 ³².
904 1821 1008 1858 Sicut
1036 1821 1138 1858 enim
1166 1833 1235 1870 per
1261 1829 1394 1870 poten-

336 1873 428 1910 tiam
461 1874 728 1912 Intellectivam
756 1875 876 1911 homo
914 1874 1111 1923 participat
1137 1874 1392 1923 cognitionem

337 1926 505 1964 divinam
533 1940 602 1976 per
619 1928 798 1965 virtutem
827 1927 933 1973 fidei3
961 1935 997 1964 et
1024 1927 1234 1965 secundum
1261 1935 1394 1976 poten-

335 1979 426 2017 tiam
454 1980 659 2018 voluntatis
693 1993 873 2017 amorem>
898 1980 1090 2027 divinum,
1119 1993 1189 2030 per
1214 1980 1392 2018 virtutem

337 2033 518 2078 caritatis;
554 2032 613 2070 ita*
632 2033 746 2070 etiam
775 2046 843 2082 per
871 2041 1044 2071 naturam
1074 2033 1223 2070 animae
1249 2034 1396 2082 partici-

389 2148 416 2178 α)
432 2154 491 2178 per.
505 2161 524 2165 —
542 2147 602 2171 Om.
622 2147 675 2171 EF.

388 2181 413 2214 β)
434 2183 474 2206 vel
494 2182 643 2207 rationalis.
656 2197 675 2201 -
693 2183 754 2206 Om.
773 2182 807 2211 E,
828 2183 868 2207 vel
886 2191 938 2207 om.
959 2183 975 2207 l.

2435 159 2507 196 315

1448 247 1524 287 pat,
1554 239 1765 276 secundum
1787 239 1980 288 quandam
2010 239 2306 285 similitudinem,
2336 247 2508 275 naturam

1450 292 1641 338 divinam,
1671 305 1739 341 per
1767 292 1959 341 quandam
1994 291 2317 340 regenerationem
2347 291 2426 327 sive
2456 304 2510 327 re—

1451 345 1694 382 creationem.

1504 399 1562 434 ΑΙ)
1582 409 1720 435 Palmum
1738 409 1836 434 ERGO
1857 409 2040 434 mcENnum
2064 396 2181 445 quod,
2198 397 2295 433 sicut
2313 396 2361 433 ab
2383 409 2507 433 essen-

1451 449 1501 485 tia
1520 450 1670 486 animae
1691 450 1851 487 effluunt
1871 450 1949 486 eius
1968 450 2171 498 potentiae,
2193 461 2292 497 quae
2312 457 2399 486 sunt
2418 461 2508 498 ope-

1452 513 1535 538 rum
1564 503 1767 551 principia;
1796 503 1846 539 ita
1875 503 1987 539 etiam
2017 504 2065 539 ab
2095 503 2175 551 ipsa
2204 502 2320 550 gratia
2349 501 2508 538 effluunt

1451 554 1606 591 virtutes
1634 555 1671 592 in
1698 555 1886 603 potentias
1914 555 2076 602 animae,
2100 568 2170 604 per
2195 567 2290 603 quas
2318 555 2508 604 potentiae

1452 615 1655 644 moventur
1674 608 1722 645 ad
1742 616 1856 644 actus.
1875 608 1923 644 Et
1942 608 2153 645 secundum
2174 609 2249 644 hoc
2267 608 2384 656 gratia
2404 620 2507 645 com-

1451 668 1604 707 paratur
1618 661 1664 697 ad
1680 661 1916 698 voluntatem
1937 669 1978 698 ut
1996 673 2159 698 movens
2174 660 2221 697 ad
2237 669 2398 707 motum,
2410 673 2507 709 quae

1452 719 1507 748 est
1539 713 1772 760 comparatio
1805 714 1962 750 sessoris
1989 714 2038 750 ad
2072 726 2234 761 equum:
2269 726 2348 750 non
2379 721 2507 751 autem

1451 765 1544 800 sicut
1573 765 1747 802 accidens
1775 766 1823 802 ad
1851 766 2074 803 subiectum.

1505 818 1554 854 Et
1581 830 1650 866 per
1675 818 1750 854 hoc
1779 818 1891 855 etiam
1919 826 2022 867 patet
2049 819 2185 855 solutio
2215 820 2262 856 ad
2282 820 2505 857 secundum.

1453 871 1519 906 Est
1549 870 1648 907 enim
1676 870 1793 918 gratia
1821 871 2046 919 principium
2076 871 2255 908 meritorii
2275 872 2400 921 operis
2428 885 2507 909 me-

1454 922 1642 959 diantibus
1674 922 1895 960 virtutibus:
1930 923 2024 960 sicut
2067 925 2227 961 essentia
2266 925 2415 962 animae
2453 933 2508 962 est

1453 975 1679 1023 principium
1714 988 1875 1023 operum
1908 976 2009 1012 vitae
2038 977 2290 1014 mediantibus
2317 978 2505 1026 potentiis.

1506 1030 1564 1064 An
1583 1039 1742 1065 TER'rmM
1763 1040 1946 1065 mmmmm
1963 1030 2068 1076 quod
2083 1029 2210 1066 anima
2226 1039 2281 1066 est
2295 1030 2504 1066 subiectum

1451 1081 1590 1128 gratiae
1619 1082 1829 1118 secundum
1859 1082 1963 1129 quod
1987 1089 2043 1118 est
2070 1082 2107 1118 in
2128 1082 2253 1131 specie
2281 1083 2506 1119 intellectua-

1451 1134 1494 1170 lis
1513 1135 1575 1170 vel
1603 1132 1826 1170 rationalis!3
1855 1142 2021 1171 naturae.
2044 1135 2133 1171 Non
2163 1143 2289 1172 autem
2319 1136 2506 1172 constitui-

1451 1195 1511 1223 tur
1538 1187 1666 1223 anima
1685 1187 1723 1223 in
1752 1187 1876 1235 specie
1897 1200 1964 1235 per
1982 1187 2149 1235 aliquam
2168 1188 2394 1236 potentiam:
2420 1201 2506 1225 curn

1450 1240 1640 1288 potentiae
1669 1239 1740 1276 sint
1758 1240 2006 1288 proprietates
2033 1242 2222 1277 naturales
2245 1241 2394 1278 animae
2423 1254 2506 1290 spe-

1452 1293 1548 1329 ciem
1579 1300 1853 1341 consequentes
1881 1293 1912 1330 ²⁵⁶.
1941 1294 1989 1329 Et
2016 1293 2103 1330 ideo
2133 1294 2259 1330 anima
2297 1295 2506 1331 secundum

1451 1358 1560 1382 suam
1580 1345 1781 1382 essentiam
1811 1345 1935 1382 differt
1962 1346 2087 1394 specie
2108 1347 2155 1382 ab
2185 1347 2263 1383 aliis
2292 1347 2503 1393 animabus,

1451 1398 1590 1434 scilicet
1631 1398 1830 1435 brutorum
1866 1398 2082 1435 animalium
2131 1408 2167 1435 et
2198 1400 2422 1447 plantarum.
2458 1401 2505 1437 Et

1450 1459 1605 1500 propter
1623 1452 1709 1497 hoc,
1730 1463 1808 1488 non
1833 1451 2013 1498 sequitur,
2034 1451 2064 1487 si
2085 1452 2244 1488 essentia
2268 1452 2418 1489 animae
2437 1453 2505 1489 hu-

1451 1517 1588 1541 manae
1603 1504 1649 1540 sit
1663 1504 1874 1540 subiectum
1891 1504 2039 1552 gratiae,
2056 1505 2160 1552 quod
2176 1505 2363 1553 quaelibet
2378 1505 2504 1542 anima

1451 1557 1568 1605 possit
1596 1569 1677 1593 esse
1705 1556 1845 1604 gratiae
1874 1557 2102 1594 subiectum:
2132 1558 2206 1594 hoc
2236 1558 2337 1594 enim
2366 1570 2505 1594 conve-

1451 1610 1503 1646 nit
1532 1609 1714 1646 essentiae
1743 1609 1892 1646 animae
1912 1610 2136 1658 inquantum
2167 1618 2222 1647 est
2245 1610 2326 1647 talis
2354 1611 2502 1660 speciei.

1502 1665 1561 1700 AD
1581 1674 1753 1705 QUARTUM
1772 1674 1955 1699 DICENDUM
1971 1664 2085 1711 quod,
2108 1676 2195 1699 cum
2215 1663 2406 1712 potentiae
2426 1664 2504 1700 ani-

1451 1728 1535 1752 mae
1563 1716 1636 1752 sint
1672 1716 1860 1752 naturales
1887 1716 2134 1764 proprietates
2172 1716 2339 1764 speciem
2373 1729 2504 1753 conse-

1450 1777 1630 1816 quentes,
1661 1768 1790 1805 anima
1817 1781 1897 1805 non
1922 1776 2047 1817 potest
2083 1769 2162 1805 sine
2191 1769 2249 1805 his
2283 1781 2376 1806 esse.
2404 1771 2503 1806 Dato

1449 1830 1574 1858 autem
1595 1827 1611 1849 Υ
1639 1822 1742 1870 quod
1762 1821 1842 1858 sine
1861 1821 1919 1858 his
1947 1829 2056 1868 esset,
2066 1822 2201 1858 ‘adhuc
2221 1829 2348 1858 tamen
2378 1822 2504 1859 anima

1449 1875 1634 1911 diceretur
1660 1874 1872 1911 secundum
1901 1874 2067 1922 speciem
2102 1887 2212 1911 suam
2250 1875 2504 1912 intellectualis

1448 1928 1509 1964 vel
1538 1927 1746 1964 rationalis:
1777 1939 1855 1964 non
1881 1927 1968 1976 quia
1997 1935 2082 1964 actu
2101 1928 2257 1964 haberet
2284 1929 2353 1964 has
2371 1935 2503 1976 poten-

1449 1980 1534 2026 tias;
1556 1981 1622 2018 sed
1651 1988 1806 2029 propter
1833 1980 2000 2028 speciem
2028 1980 2110 2017 talis
2145 1981 2328 2017 essentiae
2357 1993 2400 2017 ex
2431 1994 2504 2030 qua

1450 2041 1558 2070 natae
1589 2041 1674 2070 sunt
1699 2033 1917 2070 huiusmodi
1945 2033 2135 2082 potentiae
2166 2034 2331 2074 effluere.

1499 2148 1525 2180 γ)
1546 2150 1643 2172 autem.
1656 2161 1675 2166 —
1694 2151 1781 2172 tamen
1801 2148 1911 2171 codices.

1008 2234 1340 2285 Commenta-fia
1361 2251 1610 2284 cardinalis
1633 2252 1832 2285 Caietam

364 2343 384 2362 x
407 2332 538 2362 articulo
567 2339 680 2372 quarto
709 2332 850 2362 eiusdem
873 2331 1066 2371 quaestionis
1096 2326 1230 2362 dubium
1258 2331 1393 2362 occurrit

337 2344 400 2407 Iex
423 2376 530 2412 Semo,
550 2375 582 2405 in
607 2377 632 2406 ll
657 2376 756 2413 Sent„
776 2375 846 2406 dist.
862 2386 943 2412 xxvr,
966 2375 1022 2415 qui
1045 2372 1257 2415 multipliciter
1279 2376 1393 2415 probat

333 2421 421 2462 quod
445 2420 541 2460 gratia
565 2427 611 2450 est
627 2420 796 2450 subiective
819 2420 851 2449 in
874 2420 1048 2455 voluntate,
1065 2426 1095 2450 et
1118 2429 1183 2450 non
1202 2419 1235 2450 in
1258 2420 1391 2450 essentia

332 2465 455 2495 animae
468 2464 660 2500 immediate,
671 2463 923 2504 quadrupliciter.
937 2464 977 2493 Et
992 2463 1106 2504 primo,
1129 2463 1226 2503 gratia
1245 2470 1291 2494 est
1306 2464 1392 2494 idem

332 2509 422 2550 quod
444 2508 553 2548 gloria,
577 2508 626 2538 vel
642 2518 698 2547 per
714 2518 745 2538 se
762 2508 900 2548 disponit
915 2508 955 2537 ad
970 2518 1049 2538 eam.
1070 2508 1154 2548 Ergo
1170 2515 1215 2538 est
1229 2508 1261 2538 in
1277 2509 1391 2538 eodem

333 2553 474 2583 subiecto
492 2552 523 2582 in
540 2562 605 2592 quo
630 2559 675 2582 est
699 2552 870 2582 beatitudo.
895 2552 980 2591 Ergo
1005 2561 1069 2581 non
1094 2559 1140 2582 est
1162 2551 1193 2582 in
1218 2552 1359 2583 essentia.

387 2597 424 2627 11.
441 2596 598 2632 Secundo,
623 2596 719 2636 gratia
742 2595 862 2636 perficit
884 2595 1023 2625 animam
1042 2595 1147 2626 solum
1170 2595 1203 2626 in
1226 2596 1336 2626 ordine
1353 2597 1391 2626 ad

333 2640 575 2671 determinatum
600 2648 716 2676 actum,
737 2640 853 2670 scilicet
875 2639 1081 2670 meritorium.
1103 2640 1187 2680 Ergo
1209 2650 1275 2670 non
1300 2640 1390 2680 perfi-

333 2685 375 2715 cit
398 2684 537 2714 animam
562 2684 737 2714 secundum
761 2683 936 2718 essentiam,
958 2684 1013 2713 sed
1037 2684 1212 2714 secundum
1234 2685 1322 2724 quod
1346 2691 1392 2714 est

333 2728 523 2768 principium
539 2735 627 2758 actus
643 2727 805 2757 meritorii.
823 2745 842 2749 —
858 2730 1068 2767 Assumptutn
1081 2735 1175 2768 patet.
1189 2746 1208 2750 -
1225 2728 1266 2759 Et
1282 2738 1390 2758 conse-

332 2773 460 2813 quentia
485 2772 645 2812 probatur.
671 2771 755 2808 Quia
778 2771 908 2802 essentia
932 2778 978 2801 est
1001 2771 1039 2801 de
1060 2781 1092 2802 se
1115 2772 1391 2803 indeterminatum

332 2816 523 2857 principium
544 2815 738 2845 multorum:
763 2825 798 2845 ac
817 2825 872 2855 per
895 2815 966 2850 hoc,
984 2825 1049 2845 non
1068 2815 1227 2855 perficitur
1245 2823 1280 2847 ut
1303 2817 1356 2852 sic,
1374 2827 1391 2846 a

332 2858 503 2900 perfectivo
519 2860 558 2888 ad
575 2869 675 2889 unum
692 2865 831 2894 tantum;
850 2859 903 2889 sed
919 2859 1094 2890 secundum
1109 2861 1196 2900 quod
1214 2867 1259 2891 est
1276 2860 1390 2900 princi-

332 2904 422 2944 pium
446 2910 532 2934 actus
557 2902 717 2932 meritorii.

387 2948 428 2978 Et
446 2947 658 2982 confirmatur,
674 2946 793 2987 inquit,
818 2946 893 2987 quia
916 2947 941 2976 si
960 2947 1120 2987 perficeret
1139 2949 1305 2979 essentiam
1321 2948 1389 2978 ani-

332 3001 412 3027 mae,
429 2999 536 3031 posset
560 2991 732 3021 redundare
755 2990 788 3020 in
812 2997 918 3021 actum
942 2991 1054 3031 prioris
1077 2992 1250 3032 potentiae,
1274 2992 1391 3024 scilicet

331 3036 521 3066 intellectus:
544 3042 574 3065 et
596 3034 639 3065 sic
663 3041 750 3065 actus
774 3034 959 3070 intellectus,
976 3042 1012 3065 ut
1034 3036 1190 3075 praecedit
1204 3043 1310 3066 actum
1333 3047 1390 3066 vo-

331 3079 469 3114 luntatis,
487 3086 593 3119 posset
616 3088 682 3108 esse
701 3077 909 3119 gratificabilis
939 3085 968 3108 et
991 3079 1179 3110 meritorius.
1204 3080 1272 3110 Imo
1297 3079 1322 3110 si
1339 3090 1389 3110 so-

331 3123 380 3153 lus
408 3123 583 3154 intellectus
607 3129 687 3152 esset
709 3122 740 3152 in
764 3121 817 3152 illa
841 3122 988 3157 essentia,
1018 3129 1125 3162 posset
1147 3133 1213 3153 esse
1236 3123 1332 3163 gratia
1361 3131 1391 3154 et

331 3167 488 3197 meritum.

388 3211 437 3241 111.
449 3210 568 3247 Tertio,
588 3210 684 3250 gratia
701 3209 821 3250 perficit
837 3210 869 3239 in
881 3210 991 3240 ordine
1009 3210 1047 3240 ad
1063 3210 1224 3241 obiectum
1239 3219 1268 3242 et
1284 3219 1389 3242 actum

330 3255 574 3285 determinatum
597 3254 778 3287 voluntatis.
794 3254 878 3294 Ergo
903 3264 967 3284 non
992 3261 1038 3284 est
1059 3253 1092 3283 in
1116 3254 1257 3291 essentia,
1279 3255 1334 3285 sed
1357 3255 1389 3285 in

329 3300 501 3330 voluntate.
518 3317 537 3320 -
548 3299 745 3329 Antecedens
761 3305 846 3338 patet
864 3298 973 3338 quoad
987 3304 1104 3334 actum,
1117 3304 1148 3328 et
1162 3306 1391 3339 consequenter

330 3343 506 3373 obiectum:
531 3342 605 3383 quia
629 3343 668 3372 ad
692 3341 888 3372 meritorium
911 3349 1044 3377 tantum,
1066 3342 1120 3382 qui
1145 3342 1243 3373 solius
1267 3350 1312 3373 est
1334 3353 1389 3372 vo-

329 3387 468 3422 luntatis,
493 3387 578 3427 apud
602 3386 807 3422 Anselmum,
832 3396 898 3427 cap.
917 3397 947 3416 ιν
963 3386 1002 3416 de
1023 3386 1170 3426 Concept.
1193 3386 1316 3427 Virgin.
1333 3386 1351 3403 ‘¹‘
1368 3404 1388 3409 -

329 3430 566 3472 Consequentia
595 3431 754 3470 probatur.
780 3430 864 3467 Quia
892 3430 1024 3460 essentia
1048 3437 1083 3460 ut
1106 3430 1166 3467 sic,
1190 3430 1314 3460 nullum
1343 3440 1388 3460 re-

330 3474 420 3514 spicit
442 3482 547 3506 actum
564 3482 619 3505 aut
642 3474 812 3505 obiectum.

1501 2332 1541 2362 Et
1564 2331 1766 2362 confirmatur
1789 2341 1845 2371 per
1873 2331 2063 2361 Anselmum
2085 2331 2117 2360 in
2142 2341 2208 2371 cap.
2230 2341 2263 2361 111
2291 2331 2331 2361 de
2356 2331 2502 2371 Concept.

1451 2376 1572 2416 Vir-gin.
1592 2376 1706 2406 Omnis
1730 2375 1847 2405 iustitia
1870 2382 1917 2405 est
1944 2375 2116 2405 formaliter
2145 2375 2176 2406 in
2201 2376 2370 2406 voluntate.
2399 2376 2503 2406 Gratia

1446 2427 1491 2450 est
1513 2420 1670 2460 quaedam
1692 2419 1809 2450 iustitia
1833 2426 1863 2449 et
1886 2419 2049 2450 rectitudo.
2072 2419 2167 2458 Ergo.

1502 2464 1553 2494 lv.
1578 2464 1709 2500 Quarto,
1731 2463 1829 2503 gratia
1853 2470 1898 2493 est
1921 2463 2026 2504 aliqua
2049 2463 2150 2492 forma
2181 2463 2218 2492 inr
2242 2463 2356 2493 anima.
2376 2463 2415 2493 Et
2438 2473 2503 2492 non

1446 2515 1491 2538 est
1514 2508 1618 2547 passio
1644 2508 1693 2537 vel
1717 2507 1867 2547 potentia.
1885 2508 1969 2547 Ergo
1989 2507 2127 2537 habitus:
2149 2507 2323 2537 secundum
2347 2507 2434 2537 illam
2457 2507 2502 2536 di-

1445 2552 1599 2582 visionem
1628 2551 1813 2591 Philosophi
1837 2551 1869 2581 in
1894 2551 1919 2581 11
1943 2551 2044 2581 Ethic.
2062 2551 2079 2570 *
2102 2551 2215 2581 Omnis
2245 2558 2350 2581 autem
2379 2551 2502 2581 habitus

1446 2603 1491 2626 est
1514 2596 1545 2625 in
1570 2595 1728 2635 potentia:
1753 2594 1827 2635 quia
1842 2604 1922 2635 opus
1944 2596 2086 2625 habentis
2109 2595 2211 2625 reddit
2230 2596 2343 2624 bonum
2360 2594 2388 2624 θ’.
2406 2595 2500 2634 Ergo.

1501 2641 1538 2670 V.
1555 2640 1604 2669 Ad
1624 2639 1763 2679 primum
1773 2639 1790 2657 *
1805 2639 1932 2675 horum,
1946 2646 2076 2678 negatur
2092 2639 2324 2678 consequentia.
2339 2638 2501 2675 Quoniam

1446 2692 1508 2714 nec‘
1526 2684 1622 2723 gratia
1651 2693 1707 2713 nec
1738 2683 1838 2723 gloria
1862 2683 2065 2713 essentialiter
2088 2690 2134 2712 est
2162 2683 2193 2712 in
2218 2683 2330 2712 eodem
2359 2682 2500 2713 subiecto

1444 2728 1477 2757 in
1501 2738 1566 2768 quo
1584 2735 1629 2758 est
1646 2727 1816 2757 beatitudo.
1833 2727 2000 2757 Beatitudo
2017 2727 2146 2767 quidem
2163 2734 2208 2756 est
2227 2734 2313 2756 actus
2333 2726 2499 2761 secundus,

1445 2779 1480 2802 ut
1503 2779 1602 2812 patet3
1627 2771 1726 2811 gloria
1745 2778 1852 2801 autem
1871 2778 1902 2801 et
1923 2770 2020 2811 gratia
2039 2778 2124 2800 actus
2141 2770 2270 2810 primuS.
2288 2772 2333 2800 Ac
2357 2780 2412 2809 per
2428 2770 2500 2808 hoc,

1444 2816 1496 2845 illa
1520 2823 1565 2846 est
1589 2815 1716 2855 propria
1739 2815 1911 2855 potentiae;
1936 2815 1994 2845 ista
2018 2814 2196 2845 communis
2220 2814 2369 2844 essentiae
2389 2822 2419 2844 et
2442 2824 2500 2853 po-

1444 2859 1558 2890 tentiae
1582 2859 1757 2889 secundum
1781 2859 1911 2889 diversa.

1500 2904 1552 2934 Vl.
1571 2897 1629 2933 Ad'
1644 2904 1819 2933 secundum
1839 2902 1871 2938 *,
1894 2910 2024 2942 negatur
2046 2909 2254 2941 assumptum.
2281 2902 2363 2931 Nam
2391 2901 2498 2940 gratia,

1444 2948 1515 2978 licet
1539 2947 1677 2987 perficiat
1699 2947 1738 2977 ad
1762 2954 1867 2977 actum
1885 2946 2090 2981 meritorium,
2109 2956 2173 2975 non
2197 2953 2302 2976 tamen
2322 2952 2445 2976 tantum
2461 2946 2499 2975 ad

1444 2993 1514 3027 hoc,
1531 3001 1588 3021 nec
1612 2991 1715 3031 primo
1738 2991 1777 3020 ad
1801 2991 1872 3020 hoc.
1890 2990 2052 3027 Quoniam
2076 2989 2171 3029 gratia
2195 2989 2298 3029 primo
2323 2988 2442 3029 perficit
2460 2990 2499 3019 ad

1445 3035 1705 3070 deiformitatem,
1728 3035 1767 3064 ad
1798 3034 2068 3074 participationem
2100 3033 2222 3063 divinae
2246 3039 2391 3068 naturae,
2415 3033 2499 3063 iuxta

1443 3080 1522 3109 illud
1546 3079 1588 3109 ι*
1610 3079 1674 3109 Pet.
1693 3079 1729 3114 11,
1753 3078 1880 3108 divinae
1903 3083 2039 3108 naturae
2054 3083 2235 3107 consortes:
2257 3078 2296 3107 ad
2319 3084 2424 3108 actum
2444 3086 2498 3107 au-

1443 3131 1507 3154 tem
1531 3123 1727 3153 meritorium
1751 3122 1947 3152 secundario.
1964 3122 2055 3152 Unde
2071 3121 2204 3151 infantes
2228 3131 2283 3160 per
2304 3121 2436 3160 gratiam
2451 3131 2498 3151 re-

1443 3167 1579 3207 generati
1603 3173 1676 3196 sunt
1699 3166 1730 3195 in
1754 3165 1836 3196 filios
1860 3166 1933 3201 Dei,
1957 3165 2106 3196 habentes
2129 3165 2269 3204 primum
2292 3172 2322 3194 et
2344 3165 2499 3204 principa·

1443 3212 1505 3241 lem
1523 3210 1666 3240 effectum
1682 3209 1811 3249 gratiae;
1829 3217 1859 3240 et
1883 3216 2020 3239 carentes
2037 3209 2231 3244 secundario,
2248 3208 2363 3239 scilicet
2386 3209 2498 3239 merito

1443 3254 1582 3294 proprio.
1813 3255 1820 3260 '

1499 3299 1549 3328 Ad
1573 3297 1847 3328 confirmationem
1863 3296 1975 3327 dicitur
1997 3297 2083 3337 quod
2108 3296 2234 3326 effectus
2249 3296 2364 3335 gratiae
2384 3303 2429 3327 est
2444 3297 2499 3326 du-

1444 3343 1531 3382 plex:
1555 3341 1672 3372 scilicet
1695 3348 1820 3381 gratum
1839 3341 1981 3376 reddere,
2003 3347 2033 3371 et
2057 3341 2176 3370 mereri.
2193 3340 2234 3371 Et
2256 3350 2363 3371 rursus
2387 3347 2498 3380 poten-

1443 3386 1484 3416 tia
1508 3386 1594 3425 prior
1617 3385 1798 3425 dupliciter:
1821 3385 1935 3415 scilicet
1958 3384 2149 3424 simpliciter,
2168 3392 2198 3415 et
2220 3384 2252 3414 in
2276 3385 2435 3414 movendo
2459 3385 2497 3414 ad

1443 3429 1624 3460 exercitium
1655 3436 1751 3460 actus.
1773 3429 1804 3459 Si
1829 3439 1903 3468 ergo
1927 3436 1973 3459 est
2002 3438 2106 3459 sermo
2138 3429 2175 3458 de
2198 3428 2295 3468 gratia
2323 3429 2497 3459 secundum

1443 3473 1581 3514 primum
1606 3473 1760 3509 effectum,
1778 3473 1902 3504 nullum
1919 3473 2141 3503 inconveniens
2163 3480 2208 3503 est
2230 3473 2318 3513 quod
2338 3472 2433 3512 gratia
2455 3481 2498 3501 re-

2534 1307 2542 1316 ·
2557 1305 2585 1327 D.
2600 1312 2646 1331 20¹,
2663 1312 2716 1334 ¹¹39·

2627 1824 2643 1850 Υ

2635 1873 2642 1903 ι’

2531 2557 2538 2565 ”
2555 2555 2586 2577 Ca
2606 2571 2611 2577 .
2626 2562 2648 2583 v,
2664 2562 2686 2577 n.
2702 2562 2718 2577 ι.
2730 2568 2740 2572 -

2530 2582 2585 2604 S.T
2603 2598 2608 2603 .
2626 2583 2676 2604 lect.
2692 2589 2712 2604 v.

2529 2608 2662 2657 ..tii-ta
2676 2615 2740 2657 :1302

2528 2667 2559 2682 vt.

2530 2689 2538 2696 ·
2553 2687 2587 2708 Cf.
2604 2694 2667 2709 num.
2683 2694 2699 2709 r.

2528 2913 2536 2920 ·
2552 2910 2588 2932 Cf.
2603 2917 2666 2933 num.
2686 2917 2711 2932 u.

2528 3089 2536 3096 ·
2550 3086 2616 3108 Vers.
2631 3094 2654 3113 4.
