2840 4010
353 185 428 229 360

350 269 514 291 AR‘rxcums
534 269 567 290 111
606 261 709 289 Utrum
724 258 823 288 omnia
836 263 986 294 praecepta
999 254 1120 283 moralia
1130 253 1231 282 veteris

630 299 698 336 legis
724 300 896 327 reducantur
923 297 960 324 ad
988 296 1089 323 decern
1116 302 1232 330 praece-

630 346 680 376 pta
701 337 829 374 decalogi
833 353 1231 365 ..............

434 392 449 407 »
530 388 561 408 1v
601 380 703 408 Utrum
718 383 869 414 praecepta
883 374 1011 411 decalogi
1030 372 1233 402 convenienter

630 417 840 453 distinguantur
861 432 1230 443 .............

435 471 450 486 »
531 467 552 486 v
601 459 704 486 Utrum
719 460 870 492 praecepta
885 453 1012 490 decalogi
1027 451 1233 481 convenienter

632 500 837 524 enumerentur
839 511 1230 522 ..............

435 550 450 564 »
530 545 561 565 Vl
601 537 702 564 Utrum
724 533 928 563 convenienter
942 531 1111 560 ordinentur
1132 531 1232 558 decem

631 580 783 611 praecepta
799 572 927 609 decalogi
930 590 1230 600 ...........

434 628 449 642 »
530 623 572 643 vu
602 615 704 642 Utrum
719 619 870 650 praecepta
884 611 1012 648 decalogi
1030 609 1234 639 convenienter

629 654 778 682 tradantur
780 669 1233 683 ................

434 706 449 721 ›
530 702 582 722 vm
602 694 704 721 Utrum
725 697 877 729 praecepta
897 689 1027 727 decalogi
1041 689 1097 717 sint
1117 688 1232 725 dispen-

630 731 730 760 sabilia
746 748 1231 760 .................

435 785 449 800 a·
530 780 561 801 rx
601 773 703 800 Utrum
721 771 827 799 modus
847 769 958 798 virtutis
972 770 1055 798 cadat
1076 769 1129 796 sub
1150 776 1233 804 prae-

630 817 714 848 cepto
728 810 797 847 legis
800 828 1231 838 ...............

434 863 448 878 »
530 859 551 879 x
600 851 704 879 Utrum
721 850 827 878 modus
841 848 965 877 caritatis
985 849 1069 876 cadat
1083 848 1136 876 sub
1149 855 1232 884 prae-

631 897 714 927 cepto
740 889 853 917 divinae
879 888 949 926 legis
952 908 1230 917 ..........

436 942 450 957 »
531 938 563 959 11
603 931 705 958 Utrum
727 929 931 958 convenienter
948 928 1159 965 distinguantur
1179 925 1234 955 alia

629 969 752 998 moralia
778 974 931 1006 praecepta
950 967 1020 1005 legis
1046 973 1160 1004 praeter
1184 966 1234 994 de-

631 1009 774 1047 calogum.
804 1027 1231 1037 ...............

433 1061 448 1076 »
529 1057 571 1078 xn
600 1050 704 1077 Utrum
725 1055 878 1086 praecepta
897 1047 1019 1076 moralia
1042 1046 1145 1075 veteris
1165 1045 1235 1083 legis

629 1088 814 1117 iustificarent
834 1107 1233 1116 ..............

610 1166 802 1201 QUAESTIO
825 1164 1162 1194 CENTESIMAPRIMA

1297 1095 1312 1110 λ)

441 1233 493 1262 De
514 1232 711 1270 praeceptis
733 1231 1040 1261 caeremonialibus
1061 1229 1248 1260 secundum
1269 1236 1320 1259 se.

351 1311 516 1334 ARTtCULus
530 1311 541 1332 1
600 1303 704 1331 Utrum
718 1301 792 1330 ratio
807 1307 1028 1338 praeceptorum
1039 1300 1235 1329 caeremonia-

628 1342 699 1370 lium
720 1341 750 1369 in
768 1342 825 1370 hoc
839 1341 978 1370 consistat
998 1341 1078 1378 quod
1092 1340 1236 1377 pertinent

631 1382 669 1410 ad
695 1382 804 1410 cultum
831 1380 885 1409 Dei
889 1401 1234 1409 ............

433 1433 448 1449 »
530 1430 552 1450 11
601 1422 704 1450 Utrum
738 1427 891 1458 praecepta
924 1419 1145 1449 caeremonialia
1178 1420 1235 1448 sint

630 1461 760 1498 figuralia
775 1481 1234 1489 ................

436 1513 451 1528 »
533 1509 566 1529 111
605 1501 708 1529 Utrum
730 1500 881 1529 debuerint
894 1509 956 1529 esse
977 1501 1068 1528 multa
1089 1508 1235 1528 caeremo-

631 1541 719 1569 nialia
743 1546 895 1578 praecepta
897 1561 1234 1569 ............

434 1593 449 1608 ι
530 1588 562 1609 1v
600 1581 704 1609 Utrum
725 1580 924 1608 caeremoniae
951 1579 1054 1608 veteris
1075 1580 1144 1618 legis
1165 1588 1236 1608 con-

631 1620 778 1648 venienter
798 1620 961 1648 dividantur
977 1619 1007 1648 in
1028 1619 1176 1656 sacrificia,
1191 1628 1235 1648 sa-

631 1669 687 1696 cra,
703 1666 883 1688 sacramenta
897 1666 925 1688 et
939 1659 1145 1688 observantias.
1168 1681 1174 1688 .

579 1739 772 1775 QUAESTIO
795 1739 1192 1768 CENTESIMASECUNDA

1298 1391 1313 1406 )>

1299 1471 1313 1486 3>

1299 1550 1313 1565 )>

482 1808 532 1837 De
554 1806 852 1837 caeremonialium
871 1808 1136 1843 praeceptorum
1158 1807 1287 1836 causis.

601 1880 703 1907 Utrum
716 1877 937 1906 caeremonialia
948 1884 1100 1914 praecepta
1113 1879 1239 1907 habeant

633 1927 760 1947 causam.
776 1939 782 1946 .
806 1915 816 1946 .’
836 1938 1235 1946 ..............

603 1959 706 1987 Utrum
741 1963 894 1994 praecepta
931 1957 1153 1986 caeremonialia
1187 1958 1238 1986 ha-

632 1999 719 2026 beant
740 2006 857 2025 causam
879 1997 1045 2033 litteralem,
1066 1998 1110 2026 vel
1131 1997 1236 2035 figura-

633 2038 690 2066 lem
718 2043 830 2065 tantum
834 2057 1236 2066 ..............

603 2078 706 2106 Utrum
727 2076 818 2114 possit
838 2076 976 2113 assignari
998 2077 1172 2106 conveniens
1193 2086 1238 2106 ra-

631 2117 673 2145 tio
702 2116 948 2145 caeremoniarum
977 2126 1052 2154 quae
1072 2118 1109 2145 ad
1130 2116 1238 2146 sacrifi-

633 2157 678 2186 cia
698 2157 842 2193 pertinent
858 2177 1235 2185 .............

603 2198 706 2226 Utrum
727 2196 865 2233 assignari
886 2196 978 2233 possit
997 2194 1144 2225 sufficiens
1164 2196 1238 2225 ratio

632 2236 880 2265 caeremoniarum
912 2245 987 2273 quae
1008 2237 1046 2265 ad
1067 2246 1147 2265 sacra
1173 2246 1238 2273 per-

632 2283 724 2304 tinent
742 2297 1235 2304 .................

354 1888 517 1910 ARTICULUS
530 1889 542 1908 1

434 1971 449 1987 »
531 1967 554 1987 11

435 2090 450 2106 ›
531 2086 564 2107 m

435 2209 450 2225 »
532 2206 563 2226 1v

437 2328 451 2343 »
532 2325 552 2344 v
602 2317 707 2344 Utrum
747 2322 994 2344 sacramentorum
1026 2315 1130 2344 veteris
1168 2315 1239 2353 legis

634 2364 809 2384 conveniens
830 2364 916 2383 causa
937 2365 998 2383 esse
1014 2355 1106 2392 possit
1108 2377 1236 2384 .....

437 2407 451 2423 ›
533 2404 564 2424 vr
603 2396 707 2424 Utrum
729 2395 811 2423 fuerit
831 2395 927 2432 aliqua
954 2395 1132 2424 rationabilis
1153 2405 1239 2424 causa

634 2435 882 2464 observantiarum
911 2435 1172 2464 caeremonialium.
1200 2457 1207 2463 .
1230 2457 1237 2464 .

608 2516 801 2552 QUAESTIO
823 2516 1184 2544 CENTESIMATERTIA

1300 1930 1315 1944 l>

455 2586 505 2615 De
527 2584 706 2615 duratione
725 2585 989 2620 praeceptorum
1012 2584 1321 2614 caeremonialium.

357 2666 519 2689 AR'rIcums
532 2666 544 2686 1
603 2657 706 2685 Utrum
735 2655 933 2684 caeremoniae
954 2655 1024 2692 legis
1045 2655 1150 2684 fuerint
1170 2663 1236 2685 ante

635 2696 727 2733 legem
743 2717 1235 2725 .................

439 2750 453 2765 »
535 2745 557 2766 11
607 2737 710 2765 Utrum
735 2734 935 2764 caeremoniae
964 2734 1066 2763 veteris
1088 2735 1158 2773 legis
1186 2737 1237 2765 ha-

635 2775 750 2804 buerint
762 2775 896 2803 virtutem
910 2774 1082 2803 iustificandi
1104 2782 1236 2832 tempore

636 2814 706 2852 legis
713 2836 1235 2844 ..................

440 2869 455 2884 ι
536 2864 569 2884 m
608 2855 711 2883 Utrum
740 2854 940 2883 caeremoniae
960 2854 1062 2882 veteris
1088 2854 1157 2892 legis
1178 2864 1238 2884 ces-

637 2894 760 2923 saverint
783 2895 813 2922 in
833 2895 958 2923 adventu
979 2894 1085 2922 Christi
1107 2916 1236 2923 .....

441 2948 456 2963 »
537 2944 568 2964 1v
607 2935 711 2963 Utrum
731 2941 798 2971 post
824 2933 989 2971 passionem
1012 2934 1118 2962 Christi
1138 2934 1240 2972 legalia

636 2974 748 3011 possint
767 2974 872 3002 servari
893 2973 954 3002 sine
972 2980 1091 3010 peccato
1113 2974 1237 3003 mortali.

592 3053 783 3088 QUAESTIO
806 3053 1184 3087 CENTESIMAQUARTA

633 3120 683 3150 De
703 3120 899 3156 praeceptis
919 3099 1142 3150 iudicialibus.

360 3199 521 3219 Anncunus
535 3200 546 3219 1
606 3192 708 3219 Utmm
730 3191 803 3219 ratio
825 3197 1044 3227 praeceptorum
1062 3191 1238 3220 iudicialium

639 3231 775 3258 consistat
789 3230 818 3258 in
833 3232 889 3259 hoc
899 3232 979 3267 quod
994 3237 1061 3259 sunt
1074 3231 1239 3260 ordinat-itia

638 3271 675 3298 ad
695 3270 859 3306 proximum
869 3290 1236 3300 .............

443 3320 458 3335 ›
539 3318 561 3338 11
611 3310 713 3337 Utrum
734 3316 886 3346 praecepta
907 3309 1051 3338 iudicialia
1077 3310 1186 3347 aliquid
1206 3310 1240 3339 fi-

638 3356 740 3385 gurent
751 3371 1237 3379 ................

444 3399 459 3414 »
541 3395 574 3415 m
612 3389 714 3416 Utrum
729 3395 881 3425 praecepta
894 3388 1038 3417 iudicialia
1050 3389 1153 3417 veteris
1171 3390 1240 3427 legis

639 3434 807 3464 perpetuam
829 3427 1035 3464 obligationem
1056 3429 1206 3457 habeant.
1230 3451 1237 3458 .

445 3478 459 3493 ι
541 3474 572 3494 xv
611 3466 713 3494 Utrum
732 3474 885 3504 praecepta
899 3467 1042 3496 iudicialia
1059 3469 1171 3504 possint
1189 3470 1240 3497 ha-

641 3507 707 3534 bere
729 3506 855 3543 aliquam
879 3513 985 3535 certam
1008 3507 1178 3536 divisionem
1202 3530 1208 3536 .
1233 3530 1239 3536 .

1300 2708 1314 2723 »

1301 2828 1314 2843 ²>

1301 2907 1315 2922 »

1302 3441 1316 3456 θ

1304 3520 1318 3535 »

1354 174 1520 211 INDEX

1324 353 1330 359 .
1353 331 1410 359 208

1354 417 1411 447 209

1354 496 1412 517 210

1354 576 1412 597 212

1354 647 1409 675 213

1354 733 1413 762 214

1354 812 1411 842 217

1355 892 1412 922 219

1355 1011 1413 1032 220

1355 1090 1408 1111 221

1356 1380 1412 1409 223

1356 1467 1416 1495 224

1357 1539 1413 1568 225

1357 1659 1415 1687 226

1359 1919 1416 1947 228

1359 2045 1417 2075 229

1378 2157 1418 2185 ib.

1359 2276 1415 2305 233

1359 2356 1417 2393 239

1359 2443 1417 2473 247

1357 2697 1415 2726 252

1358 2816 1414 2845 253

1359 2896 1418 2932 254

1359 2975 1416 3004 255

1358 3272 1415 3300 258

1360 3351 1417 3388 259

1378 3430 1417 3458 ib.

1361 3510 1419 3537 260

1707 251 1900 285 QUAESTIO
1922 251 2288 286 CENTESIMAQUINTA

1633 313 1684 342 De
1703 313 1840 342 ratione
1859 311 2065 342 iudicialium
2085 314 2359 349 praeceptorum.

1466 386 1630 407 anncums
1644 387 1655 406 1
1715 378 1818 406 Utrum
1838 376 2043 405 convenienter
2061 377 2105 404 lex
2118 383 2200 404 vetus
2215 377 2251 404 de
2269 376 2349 414 prin-

1746 417 1857 453 cipibus
1878 416 2054 444 ordinaverit
2066 437 2346 444 ..........

1550 469 1564 484 »
1646 466 1668 486 11
1717 458 1820 485 Utrum
1856 455 2061 484 convenienter
2101 454 2207 483 fuerint
2243 455 2350 484 tradita

1744 502 1898 533 praecepta
1918 495 2062 524 iudicialia
2075 501 2216 532 quantum
2237 495 2275 523 ad
2295 504 2350 532 po-

1746 536 1890 573 pularium
1911 535 2075 563 convictum
2098 555 2347 563 .........

1550 587 1564 602 »
1646 584 1679 604 111
1718 576 1821 604 Utrum
1850 575 2000 604 iudicialiar
2019 581 2174 612 praecepta
2201 574 2258 602 sint
2278 583 2349 603 con-

1746 615 1893 644 venienter
1913 615 2017 644 tradita
2037 621 2179 652 quantum
2197 614 2236 643 ad
2256 620 2349 642 extra-

1746 663 1819 683 neos
1825 675 2347 683 ..................

1549 706 1564 721 »
1646 702 1677 722 1v
1716 694 1819 722 Utrum
1834 694 2039 723 convenienter
2048 694 2091 722 lex
2102 700 2183 722 vetus
2197 699 2350 730 praecepta

1747 733 1868 762 ediderit
1888 734 1963 763 circa
1984 734 2158 763 domesticas
2178 742 2318 771 personas
2341 754 2348 762 .

1719 807 1912 842 QUAESTIO
1934 808 2279 836 CENTESIMASEXTA

2373 425 2447 456 9¹²8·

1585 869 1635 898 De
1655 868 1730 904 lege
1751 867 1959 903 evangelica,
1981 875 2070 904 quae
2089 867 2212 898 dicitur
2231 868 2287 897 lex
2307 875 2412 903 nova,

1867 907 2054 937 secundum
2074 915 2125 937 se.

1468 988 1632 1010 numus
1646 988 1657 1008 1
1716 980 1819 1007 Utmm
1840 979 1885 1007 lex
1905 988 1984 1008 nova
2003 979 2040 1008 sit
2059 980 2104 1008 lex
2124 980 2230 1018 scripta
2250 1003 2257 1010 .
2281 1002 2288 1010 .
2312 1003 2319 1010 .
2342 1003 2349 1010 .

1551 1032 1566 1047 :-
1648 1028 1670 1048 11
1718 1019 1822 1047 Utrum
1842 1019 1888 1047 lex
1907 1028 1985 1047 nova
2004 1019 2138 1048 iustificet
2159 1041 2349 1050 .......

1551 1072 1566 1086 s
1647 1068 1680 1088 111
1719 1060 1824 1087 Utrum
1844 1059 1890 1087 lex
1909 1068 1987 1087 nova
2001 1059 2132 1088 debuerit
2152 1060 2214 1089 dari
2234 1069 2252 1089 a
2271 1061 2351 1098 prin-

1747 1098 1823 1135 cipio
1851 1098 1954 1126 mundi
1975 1120 2349 1129 .............

1551 1151 1566 1166 »
1648 1147 1678 1167 rv
1718 1139 1822 1167 Utrum
1842 1138 1887 1166 lex
1906 1148 1983 1167 nova
1997 1138 2033 1167 sit
2052 1139 2191 1168 duratura
2202 1149 2296 1177 usque
2315 1141 2353 1168 ad

1750 1178 1839 1206 finem
1860 1178 1963 1206 mundi
1979 1199 2350 1208 .............

1700 1251 1893 1286 QUAESTIO
1915 1251 2301 1280 CENTESIMASEPTIMA

1586 1312 1636 1342 De
1656 1311 1916 1347 comparatione
1936 1311 2024 1347 legis
2044 1300 2160 1342 novae
2181 1311 2227 1341 ad
2245 1314 2412 1343 veterem.

1469 1392 1633 1413 armemus
1646 1393 1657 1412 1
1717 1384 1820 1411 Utrum
1834 1382 1879 1411 lex
1893 1392 1969 1412 nova
1983 1383 2019 1412 sit
2033 1383 2089 1413 alia
2102 1393 2120 1412 a
2133 1384 2195 1422 lege
2209 1384 2298 1413 veteri
2313 1406 2320 1413 .
2344 1406 2351 1413 .
2416 1396 2431 1412 »

1552 1436 1567 1450 ›
1649 1432 1670 1452 11
1718 1423 1822 1451 Utrum
1837 1423 1881 1451 lex
1889 1432 1968 1452 nova
1980 1424 2074 1461 legem
2085 1430 2211 1453 veterem
2224 1424 2351 1461 impleat.
2416 1436 2431 1452 »

1552 1475 1567 1490 1>
1648 1472 1681 1492 111
1720 1463 1823 1490 Utrum
1849 1462 1893 1491 lex
1914 1472 1990 1492 nova
2011 1463 2041 1492 in
2068 1463 2131 1501 lege
2151 1464 2240 1493 veteri
2260 1465 2353 1494 conti-

1747 1509 1851 1531 neatur
1861 1523 2352 1534 .................
2412 1515 2431 1532 »ιι

1553 1554 1567 1569 a»
1649 1551 1679 1571 1v
1718 1543 1822 1571 Utrum
1837 1542 1882 1571 lex
1895 1552 1973 1572 nova
1985 1543 2022 1571 sit
2035 1543 2150 1580 gravior
2159 1554 2248 1581 quam
2261 1551 2352 1574 vetus.
2417 1556 2432 1571 ι

1700 1616 1893 1651 QUAESTIO
1916 1616 2296 1646 CENTESIMAOCTAVA

1621 1678 1671 1707 De
1690 1677 1747 1706 his
1768 1684 1858 1711 quae
1879 1677 2098 1707 continentur
2117 1677 2152 1707 in
2172 1678 2248 1715 lege
2269 1686 2373 1708 nova.

1468 1758 1633 1780 numus
1646 1759 1657 1778 1
1716 1750 1820 1778 Utrum
1843 1749 1888 1777 lex
1911 1757 1989 1778 nova
2008 1748 2122 1786 aliquos
2148 1750 2304 1779 exteriores
2323 1760 2355 1780 a·

1749 1795 1811 1817 ctus
1825 1789 1930 1818 debeat
1942 1789 2107 1826 praecipere
2124 1789 2170 1818 vel
2189 1790 2353 1828 prohibere.
2417 1802 2432 1818 ι

1552 1841 1567 1856 »
1649 1837 1671 1857 11
1720 1830 1821 1857 Utrum
1843 1829 1888 1857 lex
1909 1838 1986 1857 nova
2005 1827 2183 1858 sufficienter
2199 1829 2354 1860 exteriores

1750 1875 1830 1897 actus
1851 1868 2028 1898 ordinaverit
2043 1891 2354 1900 ...........
2416 1882 2434 1899 ι

1552 1921 1567 1935 ι
1650 1917 1682 1937 111
1722 1909 1825 1937 Utrum
1846 1909 1891 1937 lex
1911 1918 1988 1938 nova
2009 1909 2159 1938 hominem
2180 1909 2257 1939 circa
2281 1909 2355 1940 inte-

1749 1948 1840 1976 riores
1860 1955 1940 1976 actus
1961 1946 2139 1978 sufficienter
2159 1949 2432 1979 ordinaverit.»

1553 2000 1568 2015 »
1649 1997 1680 2017 tv
1719 1989 1822 2017 Utrum
1844 1989 2049 2018 convenienter
2062 1989 2093 2018 in
2110 1990 2172 2027 lege
2186 1999 2264 2019 nova
2284 1999 2355 2020 con-

1750 2028 1813 2057 silia
1834 2029 1978 2065 quaedam
1999 2028 2189 2058 determinata
2209 2029 2266 2058 sint
2285 2039 2354 2068 pro-

1750 2067 1846 2105 posita
1861 2090 2354 2099 .................
2418 2082 2433 2097 »

1732 2140 1925 2175 QUAESTIO
1948 2140 2276 2170 CENTESIMANONA

1777 2202 1826 2231 De
1846 2202 2060 2232 necessitate
2081 2202 2226 2238 gratiae.

1472 2283 1635 2305 sanemus
1650 2284 1661 2304 1
1721 2275 1824 2303 Utrum
1852 2274 1944 2302 homo
1965 2274 2027 2302 sine
2054 2274 2146 2312 gratia
2165 2274 2286 2312 aliquod
2306 2284 2354 2303 ve-

1750 2323 1815 2342 rum
1837 2323 2012 2351 cognoscere
2026 2313 2118 2350 possit
2134 2336 2353 2343 ........
2417 2326 2433 2342 ›

1554 2367 1568 2382 »
1650 2363 1671 2383 n
1720 2355 1823 2383 Utrum
1837 2354 1928 2382 homo
1943 2353 2035 2390 possit
2055 2354 2127 2382 velle
2147 2361 2176 2383 et
2189 2354 2282 2383 facere
2299 2355 2352 2383 bo-

1749 2403 1821 2422 num
1842 2395 1952 2430 absque
1979 2393 2070 2431 gratia
2072 2415 2353 2423 ..........
2417 2406 2432 2421 2

1553 2446 1568 2460 s
1650 2442 1683 2462 m
1722 2434 1826 2462 Utrum
1839 2434 1930 2462 homo
1950 2433 2043 2470 possit
2056 2433 2174 2471 diligere
2195 2435 2290 2462 Deum
2309 2443 2356 2462 su-

1750 2482 1802 2510 per
1822 2473 1922 2502 omnia
1943 2482 1976 2501 ex
1997 2473 2066 2501 solis
2086 2473 2266 2502 naturalibus
2291 2474 2353 2502 sine

1749 2513 1839 2550 gratia
1841 2534 2353 2542 ..................
2418 2525 2432 2540 ι

1553 2565 1568 2580 »
1649 2562 1679 2581 1v
1719 2553 1822 2581 Utrum
1844 2553 1936 2581 homo
1956 2552 2018 2581 sine
2038 2552 2128 2590 gratia
2149 2562 2201 2590 per
2221 2561 2274 2581 sua
2301 2562 2352 2581 na-

1749 2592 1852 2621 turalia
1865 2592 1935 2630 legis
1951 2599 2104 2630 praecepta
2117 2592 2237 2630 implere
2251 2592 2352 2630 possit.
2417 2604 2431 2619 ι

1554 2644 1569 2659 »
1650 2641 1670 2660 v
1719 2633 1821 2661 Utrum
1843 2632 1933 2660 homo
1954 2631 2047 2669 possit
2074 2632 2178 2661 mereri
2198 2632 2287 2661 vitam
2308 2642 2356 2661 ae-

1749 2679 1863 2701 ternam
1890 2672 1951 2700 sine
1978 2671 2068 2709 gratia
2071 2693 2352 2701 ..........
2416 2683 2431 2699 ι

1554 2725 1568 2739 »
1650 2721 1680 2740 VI
1720 2713 1822 2741 Utrum
1852 2712 1942 2740 homo
1963 2712 2056 2748 possit
2082 2711 2210 2748 seipsum
2231 2713 2268 2740 ad
2289 2715 2354 2749 gra-

1749 2752 1820 2780 tiam
1840 2761 2011 2788 praeparare
2025 2758 2077 2788 per
2089 2751 2226 2789 seipsum,
2247 2752 2357 2789 absque

1750 2791 1883 2820 exteriori
1909 2791 2017 2820 auxilio
2045 2791 2163 2828 gratiae.
2193 2813 2351 2820 ......
2415 2802 2431 2818 »

1554 2843 1568 2858 »
1650 2840 1691 2860 vn
1722 2832 1825 2859 Utrum
1839 2832 1930 2860 homo
1942 2831 2035 2868 possit
2045 2840 2193 2869 resurgere
2206 2840 2224 2860 a
2237 2837 2356 2868 peccato

1750 2871 1812 2899 sine
1833 2871 1939 2899 auxilio
1964 2871 2071 2908 gratiae
2073 2890 2354 2901 ..........
2419 2882 2434 2898 »

1555 2923 1569 2937 a>
1651 2919 1702 2939 vm
1722 2911 1824 2939 Utrum
1855 2911 1946 2939 homo
1977 2911 2038 2939 sine
2058 2910 2150 2948 gratia
2174 2910 2267 2948 possit
2294 2920 2356 2940 non

1751 2959 1869 2987 peccare
1871 2972 2354 2980 .................
2419 2961 2434 2977 »

1555 3002 1569 3017 ιι
1650 2999 1681 3019 rx
1721 2991 1825 3019 Utrum
1845 2990 1892 3018 ille
1906 2990 1956 3027 qui
1976 2990 2033 3019 iam
2048 2996 2220 3019 consecutus
2233 2996 2277 3019 est
2293 2999 2357 3028 gra-

1751 3030 1831 3066 tiam,
1845 3039 1898 3067 per
1917 3030 2044 3067 seipsum
2058 3030 2150 3067 possit
2170 3030 2284 3068 operari
2302 3031 2357 3059 bo-

1751 3079 1822 3098 num
1838 3076 1866 3098 et
1886 3070 1974 3098 vitare
1992 3076 2152 3107 peccatum,
2173 3071 2282 3107 absque
2299 3069 2357 3098 alio

1750 3109 1856 3138 auxilio
1876 3110 1984 3147 gratiae
1986 3131 2357 3139 .............
2421 3120 2436 3136 ›

1555 3162 1569 3177 ι
1650 3158 1670 3178 x
1720 3151 1823 3179 Utrum
1844 3150 1935 3178 horno
1956 3149 1987 3178 in
2007 3149 2098 3187 gratia
2115 3149 2287 3179 constitutus
2307 3149 2353 3178 in-

1752 3190 1847 3227 digeat
1878 3189 1985 3218 auxilio
2016 3189 2124 3227 gratiae
2153 3190 2191 3219 ad
2226 3198 2357 3226 perseve-

1752 3230 1875 3258 randum
1892 3250 2353 3258 ................
2418 3240 2433 3255 »

1712 3302 1905 3338 QUAESTIO
1928 3302 2297 3331 CENTESIMADECIMA

1585 3364 1634 3394 De
1655 3364 1768 3400 gratia
1788 3363 1849 3393 Dei
1870 3364 2034 3400 quantum
2055 3362 2100 3393 ad
2122 3363 2198 3394 eius
2219 3362 2420 3394 essentiam.

1471 3437 1636 3459 ARthutus
1650 3438 1661 3457 1
1721 3429 1824 3457 Utrum
1847 3428 1939 3466 gratia
1959 3434 2050 3465 ponat
2070 3427 2180 3465 aliquid
2200 3428 2231 3456 in
2251 3427 2357 3456 anima.
2421 3437 2436 3452 2·

1554 3481 1568 3496 »
1650 3477 1672 3498 11
1722 3469 1825 3497 Utrum
1846 3468 1937 3506 grana
1962 3468 1998 3496 sit
2019 3468 2141 3505 qualitas
2167 3467 2292 3496 animae.
2317 3488 2323 3495 .
2346 3488 2353 3495 .
2418 3477 2434 3492 ι

1554 3521 1568 3535 s
1651 3517 1683 3537 m
1724 3509 1828 3537 Utrum
1848 3507 1939 3545 gratia
1966 3508 2002 3536 sit
2021 3507 2100 3536 idem
2128 3507 2211 3544 quod
2227 3506 2326 3535 virtus.
2349 3527 2356 3534 .
2421 3517 2435 3532 ²

2469 419 2527 446 262

2470 536 2529 571 264

2470 654 2527 691 269

2471 740 2524 770 271

2472 981 2528 1018 273

2472 1028 2532 1058 274

2472 1100 2528 1138 275

2473 1180 2531 1217 276

2474 1386 2532 1423 278

2474 1433 2532 1463 ²79

2474 1505 2528 1543 287

2475 1545 2533 1574 282
2579 1541 2584 1546 ’

2476 1791 2531 1821 283

2475 1951 2531 1981 285

2477 2070 2534 2108 287

2476 2317 2534 2353 289

2475 2403 2529 2433 29¹

2477 2514 2532 2551 295

2475 2601 2532 2630 297

2475 2673 2534 2709 298

2475 2799 2533 2829 299

2479 2871 2532 2899 301

2479 2950 2535 2979 302

2481 3109 2536 3146 307

2478 3227 2534 3264 309

2481 3427 2532 3454 311

2479 3466 2535 3494 312

2481 3506 2535 3534 313
