2840 4010
1015 151 1280 197 QUAESTIO
1311 151 1393 198 CII,
1423 150 1718 187 ARTICULUS
1747 150 1800 186 IV

318 231 430 269 offert
443 236 469 278 Ρ,
500 230 607 279 quasi
635 230 674 266 in
703 229 808 266 altari
836 230 1104 278 thymiamatis.
1125 251 1148 258 -
1169 231 1242 267 Per
1274 241 1380 266 men-

317 295 400 321 sam
420 291 548 320 autem
578 282 810 331 significatur
828 283 1102 320 nutrimentum
1118 289 1134 304 ⁶
1152 282 1265 328 vitae,
1287 281 1381 317 sicut

318 343 355 374 et
378 347 458 385 per1
473 348 625 372 manna.
649 335 726 373 Sed
754 336 828 372 hoc
857 343 913 372 est
941 334 1184 372 communius
1213 341 1249 370 et
1276 345 1378 381 gros-

317 389 394 426 sius
422 389 716 425 nutrimentum:
746 389 837 425 illud
865 396 991 425 autern
1018 387 1172 424 suavius
1201 393 1237 422 et
1265 385 1379 422 subti-

317 442 398 478 lius.
415 462 439 469 -
457 442 742 478 Convenienter
765 448 892 478 autern
919 439 1189 477 candelabrum
1209 438 1379 487 poneba-

317 502 377 532 tur
404 506 450 531 ex
468 502 574 543 parte
594 494 755 541 australi,
776 505 910 530 mensa
932 499 1060 529 autem
1086 503 1131 527 ex
1149 498 1255 539 parte
1276 490 1380 538 aqui-

317 547 459 584 lonari:
480 547 571 596 quia
589 547 759 584 austrafis
777 557 865 594 pars
884 552 941 581 est
955 544 1106 582 dextera
1125 555 1213 592 pars
1232 543 1379 589 mundi,

318 600 547 649 aquilonaris
585 607 714 637 autem
752 599 918 644 sinistra,
956 604 998 633 ut
1035 596 1170 634 dicitur
1203 596 1242 632 in
1275 597 1306 632 II
1335 596 1381 632 de

168 660 192 680 ¹,
220 659 290 701 ³¹⁰2·
323 654 436 690 Caelo
463 659 500 690 et
525 653 674 692 Mundo
693 652 728 698 *3
757 651 939 705 sapientia
974 658 1102 687 autem
1138 649 1300 698 pertinet
1331 648 1380 685 ad

320 707 501 752 dextram,
530 705 626 742 sicut
654 712 690 741 et
713 711 838 741 cetera
857 702 1062 762 spiritualia
1081 703 1204 748 bona;
1232 709 1381 749 tempo-

318 759 394 795 rale
423 766 552 796 autem
580 757 852 794 nutrimentum
881 757 929 793 ad
949 756 1147 802 sinistram,
1168 754 1379 791 secundum

318 811 408 849 illud
426 812 540 848 Prov.
556 822 592 847 111
609 811 645 846 *ε
669 811 716 846 In
734 810 885 846 sinistra
905 809 1002 846 illius
1021 808 1171 846 divitiae
1189 812 1225 844 et
1239 807 1377 856 gloria.

318 865 490 901 Potestas
517 869 645 900 autem
673 862 918 905 sacerdotalis
945 862 1074 899 media
1098 867 1153 898 est
1170 860 1267 896 inter
1284 866 1379 896 tem-

318 916 464 966 poralia
478 922 493 939 ²
522 922 558 952 et
576 915 808 964 spiritualem
829 913 1186 964 sapientiamrquia
1203 925 1273 961 per
1293 924 1379 949 eam

320 976 356 1007 et
374 967 573 1018 spiritualis
592 968 775 1016 sapientia
796 976 832 1005 et
849 967 1075 1017 temporalia
1103 966 1378 1015 dispensantur.

372 1022 503 1059 Potest
529 1027 656 1058 autem
678 1029 713 1057 et
732 1022 871 1058 horum
898 1021 969 1058 alia
987 1021 1082 1058 ratio
1101 1018 1282 1066 assignari
1300 1030 1380 1054 ma-

319 1074 374 1122 gis
401 1073 578 1111 litteralis.
609 1075 651 1111 In
679 1087 767 1111 arca
795 1074 897 1111 enim
923 1073 1212 1111 continebantur
1229 1071 1378 1108 tabulae

319 1126 422 1175 legis,
439 1127 488 1163 ad
506 1127 714 1164 tollendam
734 1127 826 1174 legis
846 1126 1099 1164 oblivionem:
1124 1124 1225 1162 unde
1247 1123 1381 1161 dicitur

318 1180 442 1217 Exod.
462 1191 547 1216 xxxv
564 1179 600 1216 *ε
629 1181 740 1217 Dabo
769 1180 834 1217 tibi
861 1180 954 1217 duas
982 1179 1126 1216 tabulas
1154 1177 1319 1226 lapideas
1346 1182 1382 1212 et

261 1280 266 1281 ⁷
319 1232 459 1283 legem
469 1244 517 1269 ae
542 1233 722 1270 mandata
755 1244 852 1281 quae
877 1233 1028 1281 scripsi,
1058 1237 1099 1268 ut
1123 1231 1257 1268 doceas
1273 1230 1380 1278 filios

318 1286 491 1323 Braeloe
466 1285 617 1334 -Virga
635 1298 729 1323 vero
748 1287 879 1322 Aaron
902 1286 1116 1334 ponebatur
1135 1282 1187 1320 ibi
1204 1282 1256 1320 ad
1275 1294 1379 1319 com-

276 1350 282 1353 *
318 1338 560 1387 primendam
597 1338 872 1375 dissensionem
909 1337 1040 1387 populi
1079 1337 1126 1374 de
1166 1335 1379 1373 sacerdotio

79 2874 89 2884 ·
103 2873 171 2896 Vera.
185 2880 208 2900 4.

77 3084 90 3096 ⁸
102 3084 171 3107 Vm.
186 3085 218 3107 18.

320 1393 470 1429 Aaron:
499 1391 602 1428 unde
631 1390 765 1428 dicitur
791 1391 911 1428 Num.
931 1390 1054 1428 xvn*:
1081 1390 1201 1439 Rffer
1226 1389 1379 1438 virgam

318 1444 452 1482 Aaron
480 1444 518 1481 in
547 1444 832 1480 tabernaculum
859 1443 1078 1490 testimonii,
1105 1448 1147 1480 ut
1169 1447 1339 1479 servetur
1362 1447 1377 1462 υ

320 1497 357 1534 in
377 1497 530 1546 signum
549 1497 742 1533 rebellium
752 1497 928 1545 filiorum
947 1497 1079 1534 Israel.
1099 1516 1123 1524 -
1144 1496 1287 1532 Manna
1314 1506 1380 1531 au-

318 1557 396 1586 tem
422 1550 720 1586 conservabatur
742 1549 779 1586 in
804 1562 903 1596 arca,
921 1550 969 1587 ad
997 1547 1378 1586 commemorandum

318 1602 550 1640 beneficium
579 1603 684 1651 quod
716 1603 908 1639 Dominus
935 1602 1116 1651 praestitit
1142 1600 1228 1639 filiis
1265 1601 1379 1637 Israel

319 1654 358 1692 in
373 1655 546 1692 deserto:
565 1656 668 1693 unde
688 1655 821 1692 dicitur
833 1656 956 1692 Exod.
973 1667 1033 1692 κν]
1047 1655 1087 1692 *ε
1107 1654 1228 1703 Imple
1239 1665 1379 1703 gomor

319 1719 370 1745 ex
384 1719 439 1754 eo,
460 1714 496 1745 et
509 1709 738 1745 custodiatur
755 1709 792 1745 in
801 1710 962 1756 futuras
979 1714 1080 1746 retro
1097 1707 1376 1758 generationes,

321 1766 362 1798 ut
373 1762 546 1799 noverint
556 1773 677 1809 panes
695 1762 741 1798 de
754 1762 887 1810 quibus
901 1762 981 1798 alui
996 1773 1064 1799 vos
1082 1761 1119 1798 in
1133 1759 1340 1798 solitudine.
1351 1779 1376 1787 -

320 1814 606 1851 Candelabrum
637 1826 732 1851 vero
766 1821 844 1851 erat
880 1814 1090 1852 institutum
1119 1813 1167 1851 ad
1194 1812 1377 1850 honorifi-

320 1867 483 1904 centiam
517 1866 771 1904 tabernaculi:
798 1866 961 1916 pertinet
996 1867 1096 1904 enim
1130 1866 1178 1904 ad
1205 1865 1377 1914 magnifi-

319 1920 483 1957 centiam
506 1920 643 1957 domus
667 1920 772 1967 quod
791 1920 838 1957 sit
854 1921 953 1957 bene
971 1920 1172 1957 luminosa.
1202 1919 1379 1955 Habebat

318 1980 446 2011 autern
471 1973 743 2010 candelabrum
765 1980 913 2022 septem
934 1974 1112 2020 calamos,
1133 1980 1175 2010 ut
1193 1973 1378 2020 Iosephus

283 2025 407 2063 -dicit
419 2026 451 2073 ²¹⁸,
476 2026 526 2063 ad
553 2025 845 2074 significandum
869 2034 1015 2075 septem
1038 2027 1221 2075 planetas,
1241 2025 1378 2074 quibus

317 2086 418 2116 totus
432 2080 599 2117 mundus
617 2078 861 2116 illuminatur.
882 2080 931 2116 Et
954 2079 1042 2117 ideo
1060 2079 1273 2128 ponebatur
1292 2090 1379 2115 can-

319 2132 518 2169 delabrum
545 2144 592 2169 ex
615 2139 722 2180 parte
745 2132 915 2169 australi:
945 2132 1035 2180 quia
1054 2145 1100 2169 ex
1118 2132 1179 2169 illa
1197 2139 1303 2180 parte
1323 2138 1380 2168 est

318 2185 429 2223 nobis
457 2186 694 2234 planetarum
726 2197 869 2222 cursus.
893 2206 918 2213 -
943 2186 1071 2222 Altare
1094 2197 1188 2222 vero
1216 2184 1378 2233 thymia-

318 2237 428 2275 matis
464 2245 545 2275 erat
575 2238 785 2275 institutum
822 2246 864 2275 ut
898 2238 1032 2286 iugiter
1061 2238 1101 2276 in
1133 2238 1378 2275 tabernaculo

318 2298 417 2329 esset
442 2291 570 2328 fumus
598 2291 689 2327 boni
708 2290 859 2328 odoris:
885 2298 967 2328 tum
995 2298 1151 2340 propter
1167 2291 1380 2328 veneratio-

317 2355 408 2382 nem
435 2343 686 2390 tabernaculi;
714 2352 796 2381 tum
830 2343 943 2380 etiam
973 2343 1013 2381 in
1044 2344 1257 2381 remedium
1286 2344 1379 2381 feto-

317 2396 367 2434 ris
402 2409 520 2445 quem
554 2397 757 2445 oportebat
794 2396 965 2433 accidere
999 2409 1044 2433 ex
1076 2397 1263 2434 effusione
1295 2409 1380 2434 san-

316 2449 437 2498 guinis
453 2457 489 2486 et
507 2450 699 2487 occisione
719 2449 953 2486 animalium.
978 2451 1036 2487 Ea
1056 2449 1157 2487 enitn
1175 2462 1274 2499 quae
1292 2457 1380 2487 sunt

317 2502 451 2550 fetida,
482 2502 739 2551 despiciuntur
767 2502 875 2551 quasi
907 2502 1018 2539 vilia:
1047 2514 1146 2550 quae
1174 2515 1268 2540 vero
1290 2510 1380 2540 sunt

317 2555 409 2592 boni
437 2555 578 2602 odoris,
608 2556 785 2593 homines
808 2555 929 2603 magis
957 2555 1179 2604 appretiant.
1190 2576 1218 2584 -
1242 2557 1379 2593 Mensa

317 2615 445 2645 autem
462 2609 727 2668 apponebatur
749 2609 798 2646 ad
817 2608 1110 2668 significandum
1128 2609 1232 2658 quod
1257 2621 1378 2646 mcer-

318 2660 426 2697 dotes
454 2657 599 2709 templ'o
618 2661 835 2708 servientes,
857 2662 895 2698 in
914 2662 1055 2710 templo
1073 2661 1218 2699 victum
1237 2662 1378 2699 habere

318 2713 534 2751 debebant.
575 2714 679 2750 unde
717 2714 921 2751 duodecim
962 2726 1082 2762 panes
1119 2715 1378 2764 superpositos

318 2777 487 2813 mensae,
516 2766 554 2803 in
580 2766 810 2803 memoriam
839 2767 1042 2804 duodecim
1074 2767 1264 2815 tribuum,
1289 2768 1378 2805 solis

318 2818 579 2856 sacerdotibus
601 2818 714 2856 edere
734 2818 876 2856 licitum
897 2827 987 2867 erat,
1002 2827 1045 2856 ut
1063 2821 1223 2858 habetur
1242 2822 1375 2858 Matth.

317 2883 365 2909 xu
383 2870 415 2908 ⁶¹².
437 2872 573 2908 Mensa
591 2878 720 2908 autem
744 2884 823 2909 non
847 2873 1062 2921 ponebatur
1083 2873 1220 2910 directe
1239 2874 1277 2911 in
1297 2886 1378 2911 rne-

319 2923 381 2961 dio
411 2931 498 2961 ante
524 2924 845 2973 propitiatorium,
875 2925 925 2963 ad
958 2926 1236 2964 excludendum
1265 2926 1377 2964 ritum

318 2976 570 3014 idololatriae:
600 2989 690 3014 nam
719 2978 874 3025 gentiles
892 2978 930 3016 in
955 2978 1069 3016 sacris
1096 2980 1209 3016 lunae
1237 2991 1378 3028 propo·

318 3030 461 3067 nebant
478 3041 653 3067 mensam
676 3042 807 3067 coram
831 3031 935 3068 idolo
955 3032 1087 3077 lunae;
1116 3033 1219 3069 unde
1244 3032 1378 3070 dicitur

319 3084 454 3120 Ierem.
469 3082 571 3120 v11*:
591 3083 776 3125 Mulieres
802 3090 1056 3134 conspergunt
1079 3085 1228 3133 adipem
1256 3091 1296 3121 ut
1314 3086 1376 3132 fa-

318 3135 420 3172 ciant
439 3135 634 3184 placentas
662 3136 818 3186 reginae
845 3136 950 3173 caeli.

371 3189 414 3225 ln
437 3188 532 3226 atrio
550 3200 644 3226 vero
674 3196 776 3226 extra
799 3189 1084 3226 tabernaculum
1115 3189 1378 3228 continebatur

317 3242 431 3279 altare
463 3242 796 3289 holocaustorum,
825 3242 864 3279 in
891 3254 970 3290 quo
1000 3242 1259 3279 offerebantur
1289 3244 1374 3280 Deo

368 3341 394 3374 ρ)
414 3341 472 3366 Deo
486 3340 598 3373 offert.—
607 3343 741 3371 acceptam
754 3340 810 3364 Deo
821 3339 929 3373 offerret
940 3340 980 3364 ed.
991 3347 1015 3369 a,
1026 3343 1160 3372 acceptam
1173 3341 1230 3365 Deo
1243 3340 1339 3374 offerre
1348 3342 1377 3366 P.

369 3375 395 3407 σ)
415 3375 616 3400 nutrimentum.
633 3389 652 3394 —
671 3375 816 3406 temporale
835 3374 1025 3400 nutrimentum
1045 3375 1092 3400 Pa.
1105 3389 1122 3394 -
1136 3375 1186 3400 Pro
1205 3376 1377 3405 communius,

316 3411 472 3436 conveniens
491 3411 521 3440 Κ,
540 3411 736 3436 convenientius
754 3410 800 3434 Ρα.

370 3447 395 3478 τ)
415 3447 581 3478 temporalia.
600 3459 620 3465 -
639 3446 810 3478 temporalem
830 3446 859 3471 Ρ.

370 3481 396 3514 υ)
414 3485 542 3506 servetur.
561 3495 579 3500 -
597 3485 769 3506 conservetur
786 3481 818 3512 G,
839 3485 988 3506 reservetur
1006 3481 1052 3506 Pa.

2418 147 2494 195 237

1434 229 1618 266 sacrificia
1647 230 1694 267 de
1721 229 1779 266 his
1814 241 1912 278 quae
1943 236 2048 265 erant
2076 241 2099 265 a
2126 227 2271 276 populo
2300 238 2493 275 possessa.

1434 283 1483 318 Et
1509 282 1597 319 ideo
1626 282 1663 319 in
1688 282 1780 319 atrio
1807 289 1955 330 poterat
1975 294 2056 318 esse
2075 281 2251 330 populus,
2273 280 2338 329 qui
2364 279 2494 316 huius-

1435 335 1539 371 modi
1559 336 1644 371 Deo
1672 334 1858 372 offerebat
1875 347 1944 383 per
1972 347 2110 371 manus
2138 333 2393 371 sacerdotum.
2417 332 2494 370 Sed

1434 386 1482 423 ad
1511 388 1625 424 altare
1652 387 1818 434 interius,
1840 387 1878 424 in
1897 400 1974 435 quo
2002 387 2084 436 ipsa
2109 386 2263 424 devotio
2292 393 2330 423 et
2356 386 2493 422 sancti-

1434 446 1490 475 tas
1518 440 1649 488 populi
1677 441 1762 477 Deo
1797 440 2045 487 offerebatur,
2076 452 2154 477 non
2182 445 2358 488 poterant
2386 450 2494 475 acce-

1435 492 1524 527 dere
1553 493 1623 528 nisi
1655 494 1891 540 sacerdotes,
1923 505 2088 541 quorum
2126 500 2205 529 erat
2238 493 2324 529 Deo
2353 491 2492 528 offerre

1433 545 1631 591 populum.
1653 546 1721 581 Est
1750 553 1878 582 autem
1901 546 1977 582 hoc
2005 547 2121 583 altare
2141 553 2244 582 extra
2271 545 2494 582 tabernacu-

1433 597 1512 632 lum
1541 597 1580 633 in
1616 598 1710 634 atrio
1741 599 1996 645 constitutum,
2026 599 2075 636 ad
2102 598 2383 635 removendum
2417 598 2493 634 cul-

1434 656 1514 685 tum
1533 649 1785 687 idololatriae:
1807 663 1897 688 nam
1912 651 2068 699 gentiles
2087 652 2183 688 infra
2202 652 2344 700 templa
2364 650 2494 687 altaria

1435 702 1713 739 constituebant
1741 703 1789 740 ad
1817 703 2095 741 immolandum
2123 704 2245 742 idolis.

1488 755 1516 791 F
1520 754 1670 802 iguralis
1697 768 1791 792 vero
1820 756 1914 792 ratio
1944 757 2118 793 omnium
2142 758 2282 793 horum
2312 755 2493 803 assignari

1434 815 1558 855 potest
1574 820 1630 844 >ex
1658 809 1840 845 relatione
1867 810 2099 846 tabernaculi
2126 809 2175 846 ad
2204 809 2407 855 Christum,
2428 808 2493 857 qui

1433 860 1678 907 figurabatur.
1708 862 1776 898 Est
1803 868 1930 898 autem
1961 862 2277 899 considerandum
2306 861 2410 910 quod
2443 860 2493 898 ad

1434 913 1711 960 designandum
1730 914 2059 962 imperfectionem
2079 915 2254 962 legalium
2270 915 2490 962 figurarum,

1434 965 1608 1002 diversae
1636 967 1781 1014 figurae
1810 967 1961 1004 fuerunt
1989 967 2176 1008 institutae
2204 968 2242 1004 in
2270 968 2414 1015 templo
2442 966 2491 1004 ad

1434 1018 1725 1079 significandum
1763 1019 1967 1056 Christum.
1997 1022 2081 1069 Ipse
2122 1020 2224 1057 enim
2261 1020 2493 1067 significatur

1433 1084 1502 1120 per
1532 1072 1852 1132 propitiatorium.
1879 1073 1967 1121 quia
1995 1074 2071 1121 ipse
2098 1079 2152 1110 est
2176 1073 2392 1122 propitiatio
2416 1084 2490 1121 pro

1428 1125 1591 1173 peccatis
1609 1125 1755 1171 nostris,
1775 1132 1815 1162 ut
1835 1126 1968 1162 dicitur
1988 1127 2001 1162 1
2024 1128 2171 1163 Ioan.11
2190 1126 2221 1163 ²¹².

1434 1178 1580 1214 nienter
1607 1178 1682 1215 hoc
1701 1178 2002 1227 propitiatorium
2027 1191 2048 1215 a
2068 1179 2277 1216 Cherubim
2300 1186 2492 1227 portatur:

1434 1230 1522 1279 quia
1558 1231 1605 1268 de
1639 1243 1685 1268 eo
1720 1231 1900 1280 scriptum
1937 1239 2010 1278 est,
2043 1232 2214 1269 Adorent
2242 1243 2328 1268 eum
2363 1243 2493 1268 omnes

1433 1284 1562 1332 angeli
1578 1285 1670 1330 Dei,
1699 1292 1740 1321 ut
1765 1285 1928 1321 habetur
1945 1285 2045 1321 Heb.
2067 1297 2077 1321 1

1433 1336 1633 1383 gnificatur
1659 1349 1728 1385 per
1762 1349 1907 1374 arcam:
1936 1337 2025 1386 quia
2053 1337 2148 1374 sicut
2181 1350 2268 1374 arca
2296 1345 2375 1374 erat
2402 1350 2492 1374 con-

1434 1397 1575 1426 structa
1607 1391 1654 1427 de
1691 1389 1799 1437 lignis
1837 1389 1966 1438 setim,
1999 1390 2049 1426 ita
2086 1402 2224 1439 corpus
2261 1390 2398 1427 Christi
2442 1391 2491 1427 de

1434 1443 1616 1479 membris
1640 1442 1850 1491 purissimis
1878 1444 2086 1480 constabat.
2108 1444 2200 1480 Erat
2219 1450 2347 1479 autern
2375 1443 2491 1480 deau-

1434 1503 1534 1532 rata:
1565 1496 1653 1544 quia
1682 1496 1852 1533 Christus
1880 1496 1948 1532 fuit
1974 1497 2109 1544 plenus
2147 1495 2329 1544 sapientia
2362 1503 2399 1532 et
2431 1509 2491 1533 ca-

1433 1549 1550 1595 ritate,
1567 1561 1666 1597 quae
1684 1561 1753 1597 per
1771 1561 1908 1586 aurum
1928 1548 2186 1596 significantur
2199 1554 2226 1585 φ.
2245 1550 2344 1585 Intra
2363 1561 2492 1585 arcam

1433 1609 1559 1638 autem
1588 1609 1667 1638 erat
1693 1614 1790 1638 urna
1818 1614 1945 1648 aurea,
1966 1602 2062 1638 idest
2094 1609 2223 1638 sancta
2251 1601 2396 1647 anima;
2425 1603 2490 1638 ha-

1433 1655 1526 1691 bens
1558 1667 1716 1701 manna,
1753 1654 1849 1691 idest
1885 1666 2034 1691 omnem
2056 1655 2325 1702 plenitudinem
2359 1655 2489 1691 divini-

1431 1708 1514 1744 tatis
1532 1713 1548 1736 χ
1566 1707 1596 1744 *.
1624 1709 1716 1744 Erat
1744 1707 1858 1744 etiam
1877 1707 1916 1744 in
1935 1720 2022 1744 arca
2049 1707 2175 1755 virga,
2202 1707 2298 1744 idest
2324 1715 2492 1756 potestas

1430 1820 1576 1850 ternum
1604 1813 1636 1851 ²⁸.
1671 1814 1792 1850 Erant
1830 1813 1942 1850 etiam
1980 1813 2031 1850 ibi
2066 1814 2217 1850 tabulae
2251 1814 2491 1850 testamenti:

1431 1867 1479 1904 ad
1509 1866 1784 1914 designandum
1813 1866 1918 1914 quod
1942 1865 2023 1915 ipse
2043 1865 2215 1903 Christus
2236 1874 2291 1903 est
2317 1866 2408 1914 legis
2428 1868 2492 1904 da-

1430 1927 1500 1957 tor.
1520 1940 1544 1947 -
1566 1921 1649 1968 Ipse
1678 1919 1791 1956 etiam
1813 1919 1983 1956 Christus
2011 1919 2242 1967 significatur
2259 1932 2328 1968 per
2355 1920 2492 1956 cande-

2237 1126 2325 1162 -Et
2353 1137 2493 1163 conve·
2520 1138 2529 1146 ·
2568 1142 2592 1157 er

2095 1284 2127 1321 ²⁸.
2147 1286 2276 1333 -Ipse
2305 1284 2416 1321 etiam
2445 1284 2493 1321 si·-
2519 1296 2528 1304 ⁴
2566 1301 2601 1316 es

1431 1974 1595 2019 labrum,
1627 1973 1715 2020 quia
1742 1972 1823 2022 ipse
1853 1972 1940 2009 dicit
1962 1972 1997 2020 ²⁸,
2021 1973 2107 2022 Ego
2133 1985 2218 2009 sum
2247 1973 2315 2009 lux
2341 1973 2492 2009 mundi.-
2519 2009 2570 2024 ΜΒ
2593 2008 2613 2023 ¹2

1430 2039 1500 2074 per
1527 2033 1671 2074 septem
1698 2026 1884 2072 lucernas,
1909 2032 2055 2074 septem
2086 2026 2187 2062 dona
2211 2025 2368 2074 Spiritus
2397 2026 2491 2062 San—

1433 2079 1490 2115 cti.
1513 2081 1597 2127 Ipse
1618 2078 1731 2115 etiam
1751 2078 1982 2126 significatur
2000 2091 2069 2127 per
2087 2090 2274 2124 mensam,
2300 2078 2389 2126 quia
2411 2078 2492 2127 ipse

1433 2139 1487 2168 est
1515 2131 1714 2180 spiritualis
1743 2131 1868 2179 cibus,
1899 2131 2111 2168 secundum
2139 2131 2230 2168 illud
2259 2133 2364 2168 loan.
2389 2143 2425 2168 V1
2450 2131 2491 2178 *,
2518 2138 2528 2149 ·
2565 2143 2600 2158 ers

1430 2186 1517 2235 Ego
1544 2197 1628 2221 sum
1650 2185 1764 2233 panis
1790 2185 1918 2221 vivus:
1942 2184 2147 2221 duodecim
2175 2191 2302 2221 autem
2326 2183 2345 2213 Ψ
2372 2196 2492 2233 panes

1432 2238 1644 2286 significant
1680 2237 1885 2274 duodecim
1923 2237 2149 2286 Apostolos,
2178 2238 2242 2274 vel
2279 2237 2491 2274 doctrinam

1433 2303 1578 2328 eorum.
1600 2291 1690 2328 Sive
1709 2302 1779 2338 per
1807 2289 2078 2327 candelabrum
2102 2298 2140 2327 et
2167 2302 2341 2327 mensam
2369 2297 2493 2339 potest

1432 2344 1632 2392 significari
1655 2343 1827 2380 doctrina
1856 2351 1892 2380 et
1910 2343 2007 2380 fides
2026 2343 2232 2391 Ecclesiae,
2254 2355 2352 2391 quae
2376 2343 2490 2379 etiam

1431 2397 1616 2434 illuminat
1634 2403 1671 2433 et
1689 2396 1928 2445 spiritualiter
1946 2396 2075 2433 reficit.
2097 2416 2121 2423 —
2143 2397 2226 2444 lpse
2247 2395 2362 2432 etiam
2381 2396 2489 2432 Chri-

1432 2458 1509 2487 stus
1538 2449 1769 2497 significatur
1795 2461 1866 2498 per
1892 2449 2032 2498 duplex
2061 2449 2175 2486 altare
2199 2455 2220 2470 ‘¹’
2250 2449 2491 2486 holocausto-

1433 2516 1516 2540 rum
1543 2510 1578 2539 et
1596 2502 1864 2551 thymiamatis.
1886 2502 1988 2549 Quia
2015 2514 2084 2550 per
2106 2502 2232 2550 ipsum
2252 2509 2402 2550 oportet
2420 2515 2491 2539 nos

1432 2558 1516 2593 Deo
1545 2556 1683 2592 offerre
1704 2555 1833 2592 omnia
1860 2555 2043 2592 virtutum
2064 2567 2199 2603 opera:
2225 2555 2306 2591 sive
2330 2555 2392 2591 illa
2411 2555 2491 2603 qui-

1433 2611 1503 2646 bus
1532 2621 1687 2646 carnem
1716 2608 1930 2656 affligimus,
1953 2620 2050 2657 quae
2080 2609 2290 2644 offeruntur
2317 2608 2425 2654 quasi
2453 2613 2490 2629 ‘¹‘

1431 2663 1469 2699 in
1497 2663 1601 2699 altari
1636 2662 1968 2707 holocaustorum3
1998 2661 2079 2697 sive
2107 2661 2167 2697 illa
2195 2673 2310 2708 quae,
2346 2661 2490 2697 maiore

1432 2715 1567 2752 mentis
1586 2714 1830 2763 perfectione,
1845 2726 1915 2762 per
1933 2713 2135 2763 spiritualia
2154 2714 2407 2762 perfectorum
2427 2714 2491 2750 de-

1431 2768 1579 2814 sideria,
1600 2769 1686 2804 Deo
1715 2767 1926 2804 offeruntur
1943 2767 1982 2803 in
2007 2767 2168 2812 Christo,
2190 2766 2298 2814 quasi
2319 2766 2357 2803 in
2385 2766 2490 2802 altari

1430 2820 1700 2869 thymiamatis,
1722 2820 1932 2857 secundum
1962 2820 2051 2856 illud
2079 2820 2130 2856 ad
2154 2820 2254 2856 Heh.
2274 2820 2339 2855 ult.
2360 2818 2397 2866 ²¹²,
2417 2820 2492 2855 Per

1431 2876 1551 2923 ipsum
1571 2885 1664 2923 ergo
1684 2873 1891 2922 offeramus
1909 2873 2067 2910 hostiam
2092 2873 2212 2909 laudis
2228 2883 2376 2920 semper
2393 2873 2488 2909 Deo.

1483 2929 1542 2964 AD
1561 2938 1742 2963 sapt-mum
1761 2938 1945 2963 DICENDUM
1965 2925 2070 2973 quod
2089 2925 2279 2962 Dominus
2297 2924 2491 2973 praecepit

1431 2981 1546 3017 altare
1572 2979 1736 3016 construi
1764 2980 1813 3016 ad
1833 2979 2017 3016 sacrificia
2036 2985 2073 3014 et
2098 2990 2257 3014 munera
2282 2977 2489 3025 offerenda,

1430 3034 1468 3070 in
1496 3034 1684 3070 honorem
1713 3031 1786 3068 Dei
1821 3039 1857 3068 et
1887 3031 2198 3068 sustentationem
2230 3030 2490 3067 ministrorum

1430 3086 1495 3135 qui
1531 3085 1776 3122 tabernaculo
1807 3084 2083 3121 deserviebant.
2117 3085 2175 3120 De
2212 3084 2490 3120 constructione

1431 3146 1559 3176 autem
1580 3137 1704 3174 altaris
1719 3137 1829 3173 datur
1847 3149 1869 3173 a
1888 3137 2056 3173 Domino
2074 3136 2212 3185 duplex
2230 3144 2489 3186 praeceptum.

2518 1977 2529 1987 ⁴*
2540 1976 2603 1997 Ioan.
2618 1981 2669 2003 cap.

2603 2143 2647 2212 ÷22

2607 2607 2642 2624 αα

2518 2827 2527 2837 ·
2542 2826 2610 2848 Vera.
2625 2831 2653 2853 ¹5-

1430 3192 1560 3228 Unum
1585 3190 1740 3238 quidem
1765 3189 1803 3226 in
1830 3189 2015 3238 principio
2036 3189 2138 3236 legis,
2162 3189 2286 3226 Exod.
2306 3201 2354 3226 xx
2371 3189 2403 3237 ³¹²,
2423 3189 2491 3226 ubi
2518 3196 2529 3208 ³
2558 3196 2602 3217 'ers

1430 3243 1621 3281 Dominus
1641 3242 1837 3280 mandavit
1856 3242 1961 3291 quod
1981 3242 2147 3279 facerent
2168 3242 2290 3279 altare
2312 3243 2359 3280 de
2377 3248 2491 3289 terra,

1486 3342 1513 3373 φ)
1532 3340 1728 3372 significantur.
1745 3353 1765 3359 —
1781 3339 1951 3372 significatur
1969 3339 2114 3370 PCEFlLa,
2125 3340 2268 3373 figuratur
2287 3340 2318 3365 K.

1485 3377 1513 3409 7.)
1534 3375 1691 3400 divinitatis.
1710 3389 1728 3393 -
1744 3374 1896 3400 sanctitatis
1914 3378 1940 3399 et
1958 3374 2108 3400 divinitatis
2129 3375 2174 3400 Ρα.

1485 3410 1513 3444 ψ)
1532 3414 1630 3435 autem.
1646 3424 1666 3429 -
1683 3410 1751 3435 enim
1772 3411 1817 3435 Pa.

1485 3447 1516 3478 ω)
1535 3447 1629 3470 altare.
1648 3460 1665 3464 —
1683 3445 1782 3470 scilicet
1801 3446 1897 3469 addunt
1916 3445 1962 3470 Pa.

1486 3481 1530 3513 αα)
1550 3481 1635 3513 quasi.
1652 3494 1670 3500 —-
1688 3481 1751 3506 Om.
1769 3480 1880 3505 codices.

2595 1850 2625 1866 ΓΕ.
2636 1850 2674 1866 20.

1431 1760 1691 1797 sacerdotalis:
1721 1760 1811 1808 quia
1838 1760 1918 1809 ipse
1949 1767 2003 1797 est
2017 1762 2151 1809 factus
2171 1761 2345 1797 sacerdos
2373 1761 2410 1797 in
2429 1772 2492 1797 ae-
2517 1710 2723 1787 laffiffsmap.

2516 1819 2528 1829 ·
2547 1817 2583 1839 Aa
2603 1817 2660 1839 Heb.
2677 1823 2727 1845 cap.

2517 1850 2551 1870 vx,
2566 1850 2593 1865 ve

2677 1981 2730 2002 vm,

2668 3200 2719 3222 sqq.
