2840 4010
8 3214 9 3218 „
0 2942 11 3207 -w-vq-,.Q,‚—-.
0 2843 8 2934 .‚*„.—..

84 464 96 476 ⁹
109 463 177 485 Vei-s.
191 468 224 490 4¹-

84 728 97 737 ·
111 725 178 748 Ven.
193 731 213 753 5.

88 1043 98 1052 '
119 1041 190 1064 Loci·
214 1040 253 1063 cit.
275 1040 299 1062 in

87 1073 137 1096 ug.
149 1073 167 1090 ι.

90 3101 106 3114 ⁴
118 3101 148 3124 D.
162 3102 216 3131 809.

1008 115 1272 162 QUAESTIO
1288 84 1351 164 C,
1380 115 1675 154 ARTICULUS
1704 116 1789 153 VIII

322 195 414 233 dum
441 200 687 242 praeceptum
727 193 816 241 legis
845 195 1046 241 humanae,
1076 195 1252 231 homines
1281 194 1376 230 licite

322 245 561 293 occiduntur,
595 253 686 294 puta
723 247 984 284 malefactores
1011 248 1072 284 vel
1105 248 1243 284 hostes.
1275 246 1376 292 Ergo

321 306 523 348 praecepta
552 298 721 347 decalogi
750 307 837 336 sunt
866 299 1142 348 dispensabilia.

373 362 412 398 4.
432 352 664 398 PRAETEREA,
686 351 903 389 observatio
923 351 1069 388 sabbati
1095 351 1306 387 continetur
1325 349 1379 385 in-

321 411 378 441 ter
405 412 606 453 praecepta
635 404 814 452 decalogi.
837 405 912 441 Sed
931 404 969 440 in
987 404 1062 439 hoc
1089 409 1292 451 praecepto
1312 402 1379 437 fuit

323 456 598 505 dispensatum:
620 457 753 494 dicitur
767 456 868 493 enim
884 457 898 492 1
913 455 1093 492 Machab.
1115 466 1137 490 11
1155 454 1191 490 *z
1211 455 1261 490 Et
1278 454 1379 502 cogi-

323 515 497 547 taverunt
514 510 550 546 in
570 510 629 546 die
646 509 709 546 illa
728 509 908 546 dicentes.-
936 507 1065 544 Omnis
1082 507 1194 556 homo
1214 506 1379 554 quicum-

324 574 395 611 que
421 562 564 599 venerit
589 562 640 599 ad
666 573 732 598 nos
760 562 797 598 in
826 559 919 597 bello
947 559 1006 595 die
1031 558 1289 603 sabbatorum,
1308 569 1379 606 pu-

322 627 483 665 gnemus
514 615 692 652 adversus
719 625 816 650 eum.
846 612 948 659 Ergo
980 619 1182 659 praecepta
1212 610 1380 657 decalogi

325 675 412 704 sunt
439 666 712 716 dispensabilia.

379 721 453 757 SED
477 730 621 756 coum
634 729 701 755 EST
723 717 828 766 quod
853 716 986 753 dicitur
1005 716 1122 753 Isaiae
1146 715 1280 753 xxw*:
1300 715 1380 764 qui-

325 773 415 811 dam
434 770 758 822 reprehenduntur
777 769 824 806 de
842 770 917 806 hoc
937 769 1040 817 quod
1059 773 1299 806 mutaverunt
1310 769 1378 814 ius,

324 826 597 875 dissipaverunt
621 823 764 872 foedus
799 822 1083 870 sempiternum.-
1121 821 1226 870 quod
1263 820 1381 857 maxi-

326 890 391 915 me
407 878 556 915 videtu-r
582 875 865 923 intelligendum
895 875 941 911 de
961 874 1170 923 praeceptis
1199 873 1378 921 decalogi.

326 931 428 978 Ergo
452 936 654 979 praecepta
684 928 853 975 decalogi
882 927 1017 964 mutari
1044 939 1112 976 per
1136 926 1380 975 dispensatio-

325 994 415 1020 nem
442 994 521 1020 non
547 989 718 1031 possunt.
733 1016 738 1025 ,,

378 1037 604 1074 Respounsso
622 1046 805 1072 mCENDUM
824 1033 939 1082 quod,
960 1033 1054 1070 sicut
1072 1045 1186 1082 supra
1198 1032 1219 1055 *
1237 1032 1379 1070 dictum

327 1096 402 1136 est,
427 1096 518 1126 tunc
545 1088 584 1124 in
619 1087 830 1136 praeceptis
867 1087 979 1124 debet
1014 1086 1096 1124 fieri
1130 1086 1378 1135 dispensatio,

324 1141 482 1192 quando
501 1141 664 1178 occurrit
690 1140 824 1189 aliquis
842 1138 1073 1189 particularis
1100 1151 1210 1176 casus
1228 1139 1267 1175 in
1289 1151 1378 1187 quo,

326 1195 358 1232 si
383 1195 547 1232 verbum
563 1193 664 1243 legis
693 1194 926 1240 observetur,
948 1192 1192 1229 contrariatur
1219 1190 1234 1221 β
1261 1191 1379 1228 inten-

325 1247 666 1294 tioni‘leg‘islatoris.
688 1246 847 1284 Intentio
872 1254 1002 1284 autem
1022 1244 1238 1293 legislatoris
1258 1244 1379 1281 cuius—

326 1301 416 1338 libet
445 1300 638 1337 ordinatur
665 1299 788 1348 primo
818 1299 972 1348 quidem
990 1305 1033 1347 ¹et
1059 1297 1312 1347 principaliter
1331 1297 1379 1334 ad

327 1354 474 1391 bonum
503 1365 725 1399 commune3
755 1352 924 1389 secundo
953 1358 1100 1398 autem,
1129 1350 1178 1387 ad
1205 1349 1378 1387 ordinem

326 1407 485 1444 iustitiae
505 1414 542 1442 et
566 1405 724 1453 virtutis,
745 1405 956 1442 secundum
977 1416 1091 1453 quem
1112 1404 1255 1440 bonurn
1277 1415 1380 1439 com-

328 1470 445 1497 mune
465 1466 721 1505 conservatur,
739 1466 775 1495 et
794 1458 982 1507 adipsum
1001 1455 1228 1505 pervenitur.
1246 1455 1285 1492 Si
1305 1467 1380 1503 qua

327 1524 416 1561 ergo
449 1518 651 1561 praecepta
689 1512 824 1548 dentur
866 1523 963 1560 quae
1002 1509 1217 1555 contineant
1257 1508 1379 1558 ipsam

328 1564 658 1604 conservationem
686 1563 778 1603 boni
807 1563 1032 1610 communis,
1053 1563 1114 1603 vel
1132 1562 1256 1611 ipsum
1284 1561 1381 1599 ordi-

327 1630 418 1656 nem
433 1617 593 1655 iustitiae
610 1625 646 1654 et
658 1617 822 1663 virtutis;
841 1615 1062 1653 huiusmodi
1074 1622 1277 1664 praecepta
1292 1627 1381 1651 con-

327 1670 446 1708 tinent
478 1670 726 1708 intentionem
754 1669 987 1717 legislatoris:
1016 1676 1052 1705 et
1079 1668 1166 1705 ideo
1193 1667 1383 1716 indispen-

328 1723 460 1761 sabilia
487 1731 585 1760 sunt.
608 1724 706 1760 Puta
740 1723 770 1759 si
798 1730 1001 1771 poneretur
1027 1722 1102 1758 hoc
1132 1728 1380 1770 praeceptum

327 1776 367 1814 in
399 1776 524 1826 aliqua
558 1776 848 1822 communitate,
883 1775 986 1824 quod
1015 1774 1138 1811 nullus
1176 1775 1383 1811 destrueret

311 1829 617 1881 rempublicam,
638 1841 762 1878 neque
789 1830 966 1877 proderet
985 1827 1174 1865 civitatem
1197 1826 1380 1873 hostibus,

328 1882 409 1919 sive
428 1881 534 1930 quod
553 1882 675 1919 nullus
693 1882 830 1919 faceret
857 1881 998 1930 aliquid
1019 1879 1154 1917 iniuste
1177 1880 1239 1917 vel
1262 1881 1382 1926 male;

328 1935 551 1972 huiusmodi
582 1942 784 1983 praecepta
811 1941 935 1971 essent
961 1932 1276 1982 indispensabilia.
1306 1933 1383 1970 Sed

330 1987 361 2025 si
389 1988 516 2036 aliqua
543 1987 614 2024 alia
641 1996 842 2036 praecepta
874 1987 1109 2024 traderentur
1135 1985 1306 2023 ordinata
1334 1986 1382 2023 ad

329 2041 399 2078 ista
426 2047 639 2090 praecepta,
659 2040 795 2089 quibus
833 2039 1128 2077 determinantur
1155 2038 1267 2087 aliqui
1300 2051 1383 2087 spe-

330 2093 443 2130 ciales
462 2092 580 2140 modi,
604 2093 643 2130 in
661 2093 796 2130 talibus
815 2092 1023 2142 praeceptis
1044 2091 1271 2140 dispensatio
1294 2104 1382 2140 pos-

330 2154 388 2183 set
414 2146 514 2192 fieri;
537 2146 762 2195 inquantum
790 2159 858 2195 per
890 2145 1136 2183 omissionem
1165 2144 1382 2184 huiusmodi

330 2206 621 2248 praeceptorum
637 2199 674 2236 in
689 2199 875 2248 aliquibus
890 2199 1049 2248 casibus,
1065 2210 1142 2237 non
1156 2198 1264 2237 fieret
1276 2213 1384 2249 prae-

331 2251 513 2289 iudicium
532 2252 663 2302 primis
691 2253 912 2302 praeceptis,
933 2265 1030 2303 quae
1051 2253 1242 2290 continent
1265 2253 1383 2290 inten-

331 2304 475 2343 tionem
509 2305 740 2354 legislatoris.
770 2306 865 2343 Puta
899 2306 940 2354 si,
974 2306 1022 2344 ad
1056 2307 1383 2344 conservationem

330 2359 571 2407 reipublicae,
592 2366 813 2396 statueretur
840 2359 879 2396 in
898 2359 1022 2408 aliqua
1045 2359 1192 2408 civitate
1212 2361 1315 2409 quod
1335 2360 1382 2397 de

328 2411 484 2459 singulis
511 2411 605 2449 vicis
633 2413 747 2460 aliqui
774 2412 971 2460 vigilarent
989 2413 1038 2450 ad
1066 2413 1276 2451 custodiam
1296 2413 1384 2451 civi-

327 2465 414 2501 tatis
451 2465 646 2511 obsessae;
684 2473 813 2514 posset
844 2477 930 2502 cum
963 2465 1149 2514 aliquibus
1177 2466 1385 2515 dispensari

329 2524 486 2566 propter
523 2518 687 2567 aliquam
721 2518 906 2555 maiorem
939 2518 1144 2555 utilitatem.

385 2571 592 2620 Praecepta
619 2579 746 2607 autem
767 2571 936 2618 decalogi
965 2570 1156 2608 continent
1178 2571 1300 2620 ipsam
1328 2572 1385 2609 in-

327 2622 541 2660 tentionem
562 2623 791 2671 legislatoris,
807 2623 947 2660 scilicet
962 2623 1045 2660 Dei.
1061 2625 1164 2661 Nam
1183 2633 1385 2673 praecepta

331 2674 477 2723 primae
505 2676 667 2722 tabulae,
698 2688 795 2724 quae
820 2677 993 2713 ordinant
1021 2677 1069 2713 ad
1098 2677 1242 2724 Deum,
1269 2678 1385 2714 conti-

332 2734 425 2764 nent
442 2727 567 2776 ipsum
597 2728 770 2765 ordinem
790 2730 838 2766 ad
866 2730 1012 2766 bonum
1045 2741 1251 2766 commune
1279 2737 1315 2767 et
1341 2731 1384 2767 fi-

333 2779 437 2826 nale,
467 2781 571 2828 quod
599 2782 705 2817 Deus
725 2789 800 2827 est;
819 2789 1022 2830 praecepta
1049 2790 1176 2819 autem
1196 2783 1385 2820 secundae

331 2832 705 2870 tabulae-continent
731 2833 858 2882 ipsum
895 2834 1068 2872 ordinem
1095 2834 1253 2872 iustitiae
1290 2836 1386 2873 inter

332 2884 509 2922 homines
527 2886 804 2933 observandae,
824 2894 865 2924 ut
883 2887 1022 2924 scilicet
1041 2887 1131 2924 nulli
1158 2888 1224 2924 fiat
1242 2888 1386 2926 indebi-

332 2945 426 2984 tum,
443 2945 479 2974 et
493 2938 643 2976 cuilibet
660 2938 838 2976 reddatur
852 2939 1041 2985 debitum:
1057 2941 1268 2977 secundum
1288 2942 1387 2978 hanc

334 2990 435 3026 enim
456 2990 640 3027 rationem
669 2999 755 3028 sunt
781 2992 1018 3040 intelligenda
1045 3001 1246 3041 praecepta
1275 2994 1386 3031 deca—

333 3042 420 3091 logi.
442 3044 490 3079 Et
517 3042 604 3080 ideo
623 3051 826 3092 praecepta
850 3045 1019 3093 decalogi
1043 3053 1130 3082 sunt
1157 3045 1313 3083 omnino
1333 3046 1387 3083 in-

333 3095 599 3144 dispensabilia
625 3094 656 3133 ²¹².

386 3150 445 3186 AD
478 3160 614 3186 paruum
651 3160 748 3186 ERGO
781 3161 964 3186 DICENDUM
995 3149 1100 3198 quod
1133 3150 1387 3199 Philosophus

333 3212 412 3238 non
427 3201 592 3249 loquitur
607 3202 654 3238 de
670 3201 766 3238 iusto
787 3202 946 3238 naturali
959 3202 1063 3251 quod
1082 3202 1248 3239 continet
1261 3203 1387 3252 ipsum

333 3253 507 3291 ordinem
543 3254 724 3291 iustitiae:
753 3255 827 3291 hoc
864 3254 966 3291 enim
1003 3264 1210 3302 nunquam·
1234 3255 1386 3302 deficit,

387 3365 412 3400 β)
432 3367 592 3398 observetur,
611 3367 802 3392 contrariatur.
816 3382 835 3387 -
848 3367 1042 3396 observaretur,
1061 3369 1276 3395 contrariaretur
1294 3370 1334 3393 ed.
1354 3377 1371 3393 a
1381 3376 1389 3397 ,·

333 3401 527 3433 observaretur,
546 3403 728 3428 contrarietur
746 3403 773 3427 Ρ.
792 3417 808 3421 -
827 3403 877 3427 Pro
896 3403 1043 3431 intentioni,
1064 3404 1174 3428 intentio
1194 3403 1356 3436 ACDGLpB.

386 3437 413 3470 γ)
433 3437 571 3463 iustitiam.
588 3452 606 3456 —
626 3441 654 3463 ut
673 3438 802 3463 iustitiam
822 3438 852 3468 Κ,
871 3439 970 3463 scilicet
988 3438 1116 3463 iustitiam
1137 3439 1182 3463 Pa.

2411 118 2485 155 215

1433 195 1606 231 iustitiam
1630 200 1645 223 Υ
1670 207 1747 232 esse
1765 194 2000 232 servandam.
2023 195 2100 232 Sed
2119 195 2283 244 loquitur
2302 203 2485 244 quantum

1432 247 1480 283 ad
1516 247 1784 284 determinatos
1821 247 1959 284 modos
1993 248 2267 285 observationis
2301 248 2458 285 iustitiae
2473 278 2483 297 ,

1433 299 1497 346 qui
1525 300 1562 336 in
1590 300 1776 348 aliquibus
1804 301 1945 337 fallunt.

1485 353 1544 388 AD
1573 364 1760 389 SECUNDUM
1789 364 1972 390 DICENDUM
2000 353 2126 401 quod,
2156 352 2251 389 sicut
2277 354 2484 401 Apostolus

1434 403 1530 449 dicit,
1558 405 1588 439 11
1618 405 1669 441 ad
1699 406 1792 442 Tim.
1814 417 1836 442 11
1855 406 1895 441 *ε
1924 406 2028 442 Deus
2048 405 2171 452 fidelis
2194 412 2402 454 permanet,
2423 418 2485 442 ne-

1432 466 1529 503 gare
1545 456 1704 503 seipsum
1727 469 1800 494 non
1817 463 1945 505 potest.
1967 458 2133 506 Negat-et
2152 466 2281 495 autem
2301 458 2483 507 seipsum,

1434 506 1464 542 si
1485 507 1609 555 ipsum
1626 509 1797 546 ordinem
1812 522 1902 546 suae
1917 510 2075 547 iustitiae
2091 511 2269 547 auferret:
2293 523 2380 547 cum
2401 510 2481 560 ipse

1435 558 1480 595 sit
1503 560 1584 608 ipsa
1602 559 1615 581 δ
1635 560 1770 598 iustitia
1782 563 1811 598 *.
1825 563 1874 598 Ε1,
1892 562 1978 599 ideo
1998 563 2036 599 in
2050 563 2125 599 hoc
2140 564 2244 600 Deus
2265 563 2483 612 dispensare

1435 623 1512 648 non
1539 620 1674 660 potest,
1695 621 1736 649 ut
1761 614 1907 651 homini
1930 615 2037 652 liceat
2055 628 2133 652 non
2162 616 2331 653 ordinate
2358 628 2398 653 se
2417 617 2483 653 ha-

1435 664 1524 700 bere
1545 665 1592 700 ad
1612 666 1748 711 Deum,
1764 667 1825 702 vel
1846 679 1922 703 non
1942 667 2052 704 subdi
2072 668 2192 705 ordini
2211 668 2370 705 iustitiae
2390 668 2482 716 eius,

1435 716 1547 752 etiam
1567 717 1605 753 in
1631 717 1688 754 his
1709 718 1918 755 secundum
1939 731 2035 768 quae
2054 721 2229 758 homines
2250 721 2298 758 ad
2316 721 2481 758 invicem

1434 769 1655 806 ordinantur
1680 769 1712 806 ²¹⁸.

1487 823 1544 858 AD
1565 834 1723 859 TERTIUM
1738 834 1920 860 DICENDUM
1937 824 2040 871 quod
2060 825 2198 861 occisio
2218 825 2382 862 hominis
2397 839 2483 874 pro—

1433 874 1582 910 hibetur
1608 875 1646 911 in
1670 875 1851 922 decalogo
1879 876 2089 913 secundum
2114 878 2217 925 quod
2244 878 2358 914 habet
2376 879 2484 915 ratio-

1434 938 1522 962 nem
1541 927 1713 963 indebiti:
1735 927 1786 963 sic
1801 928 1901 964 enim
1920 937 2164 977 praeceptum
2180 930 2345 967 continet
2362 931 2484 978 ipsam

1435 979 1618 1016 rationem
1648 979 1816 1016 iustitiae.
1839 981 1918 1017 Lex
1946 989 2072 1018 autern
2101 983 2268 1018 humana
2294 983 2368 1019 hoc
2397 995 2485 1020 con-

1435 1032 1568 1070 cedere
1597 1046 1675 1070 non
1694 1040 1828 1083 potest,
1850 1035 1953 1083 quod
1981 1034 2076 1070 licite
2097 1035 2215 1071 homo
2238 1034 2403 1071 indebite
2423 1048 2484 1072 oc-

1436 1086 1589 1124 cidatur.
1612 1087 1689 1124 Sed
1716 1087 1976 1124 malefactores
2005 1087 2146 1135 occidi,
2172 1088 2233 1124 vel
2260 1088 2387 1124 hostes
2416 1087 2484 1124 rei-

1433 1139 1620 1187 publicae,
1640 1140 1714 1176 hoc
1741 1152 1819 1176 non
1843 1147 1899 1176 est
1924 1140 2147 1177 indebitum.
2167 1139 2278 1177 Unde
2306 1140 2380 1176 hoc
2406 1152 2486 1177 non

1434 1193 1679 1229 contrariatur
1697 1200 1899 1241 praecepto
1929 1193 2115 1240 decalogi:
2140 1205 2212 1229 nec
2238 1192 2318 1229 talis
2346 1193 2485 1230 occisio

1435 1252 1489 1281 est
1516 1245 1776 1291 homicidium,
1801 1246 1904 1293 quod
1931 1253 2133 1294 praecepto
2163 1245 2331 1292 decalogi
2358 1245 2485 1293 prohi-

1434 1298 1553 1344 betur,
1568 1306 1608 1334 ut
1627 1297 1857 1346 Augustinus
1877 1298 1974 1344 dicit,
1995 1298 2031 1334 in
2052 1299 2065 1334 I
2086 1299 2131 1335 de
2145 1299 2227 1335 Lib.
2246 1299 2337 1335 Arb.
2358 1297 2378 1319 '¹‘
2395 1319 2419 1325 -
2436 1299 2485 1335 Et

1435 1350 1600 1387 similiter
1620 1351 1650 1387 si
1668 1350 1778 1387 alicui
1798 1351 1987 1387 auferatur
2005 1352 2109 1399 quod
2129 1363 2239 1387 suum
2261 1359 2350 1398 erat,
2370 1351 2399 1387 si
2421 1351 2484 1387 de-

1435 1403 1553 1439 bitum
1574 1411 1629 1440 est
1646 1405 1750 1451 quod
1765 1403 1890 1452 ipsum
1910 1403 2063 1450 amittat,
2084 1404 2158 1439 hoc
2173 1416 2252 1440 non
2271 1411 2326 1440 est
2345 1404 2484 1441 furtum

1434 1457 1496 1492 vel
1520 1457 1662 1504 rapina,
1685 1468 1781 1504 quae
1805 1463 2007 1504 praecepto
2033 1456 2202 1503 decalogi
2225 1456 2483 1503 prohibentur.

1489 1510 1537 1545 Et
1564 1509 1651 1546 ideo
1679 1508 1832 1557 quando
1860 1509 1926 1545 filii
1946 1509 2058 1545 lsrael
2085 1516 2287 1557 praecepto
2303 1508 2374 1545 Dei
2393 1510 2484 1545 tule-

1436 1570 1522 1598 runt
1544 1562 1818 1610 Aegyptiorum
1847 1561 1966 1610 spolia
1983 1561 2014 1609 ³¹⁶,
2036 1573 2113 1598 non
2132 1561 2200 1597 fuit
2218 1562 2377 1598 furtum:
2399 1561 2486 1610 quia

1436 1615 1510 1651 hoc
1539 1614 1590 1651 eis
1620 1615 1828 1651 debebatur
1861 1627 1905 1651 ex
1933 1614 2117 1651 sententia
2142 1613 2226 1651 Dei.
2255 1635 2279 1642 -
2309 1613 2486 1651 Similiter

1438 1668 1548 1704 etiam
1568 1668 1775 1714 Abraham,
1797 1680 1885 1704 cum
1915 1668 2104 1704 consensit
2122 1667 2292 1704 occidere
2314 1667 2434 1704 filium
2453 1667 2484 1715 ²¹³,

1438 1733 1515 1757 non
1544 1721 1732 1757 consensit
1750 1720 1788 1757 in
1807 1720 2074 1757 homicidium:
2095 1720 2183 1768 quia
2211 1720 2379 1757 debitum
2409 1728 2488 1757 erat

1439 1786 1526 1810 eum
1547 1773 1668 1810 occidi
1686 1785 1755 1822 per
1780 1773 2002 1810 mandatum
2029 1773 2112 1821 Dei,
2132 1773 2196 1821 qui
2225 1781 2279 1809 est
2297 1773 2486 1810 Dominus

1438 1826 1536 1863 vitae
1558 1834 1592 1863 et
1612 1826 1744 1863 mortis
1764 1826 1796 1862 ²⁸.
1818 1827 1901 1874 Ipse
1922 1826 2023 1862 enim
2043 1833 2097 1862 est
2116 1826 2180 1874 qui
2201 1838 2367 1874 poenam
2386 1838 2488 1863 mor·
2514 1840 2523 1848 ·

1438 1879 1482 1916 tis
1498 1879 1627 1927 infligit
1641 1879 1818 1916 omnibus
1832 1878 2062 1925 hominibus,
2078 1878 2182 1915 iustis
2198 1886 2235 1915 et
2247 1878 2401 1926 iniustis,
2417 1891 2487 1927 pro

1439 1940 1593 1982 peccato
1621 1932 1733 1981 primi
1751 1931 1930 1980 parentis:
1961 1931 2066 1968 cuius
2086 1932 2290 1968 sententiae
2319 1931 2348 1968 si
2370 1932 2488 1968 homo

1439 1986 1484 2022 sit
1503 1993 1680 2022 executor
1707 1985 1923 2021 auctoritate
1943 1984 2081 2031 divina,
2101 1997 2179 2021 non
2199 1984 2267 2021 erit
2284 1984 2487 2032 homicida,

1439 2039 1533 2075 sicut
1547 2050 1617 2074 nec
1632 2039 1748 2075 Deus.
1759 2058 1783 2065 -
1800 2038 1848 2074 Et
1863 2037 2030 2074 similiter
2045 2037 2156 2074 etiam
2173 2037 2286 2084 Osee,
2304 2037 2488 2075 accedens

1438 2092 1486 2128 ad
1514 2104 1672 2129 uxorem
1690 2091 1940 2138 fornicariam,
1960 2091 2022 2128 vel
2050 2090 2098 2127 ad
2124 2090 2318 2127 mulierem
2349 2089 2489 2127 adulte-

1439 2157 1519 2182 ram
1549 2145 1588 2194 *,
1615 2158 1693 2183 non
1722 2152 1777 2183 est
1804 2145 2026 2182 moechatus
2053 2157 2124 2182 nec
2150 2145 2372 2183 fornicatus:
2403 2143 2490 2195 quia

1439 2199 1594 2237 accessit
1621 2200 1668 2237 ad
1697 2211 1782 2238 eam
1812 2212 1909 2250 quae
1943 2210 2011 2236 sua
2039 2206 2117 2237 erat
2144 2199 2356 2239 secundum
2382 2211 2488 2238 man-

1441 2254 1569 2291 datum
1590 2254 1763 2291 divinum
1785 2254 1817 2302 ²¹⁸,
1838 2254 1903 2304 qui
1927 2260 1982 2291 est
2004 2261 2135 2292 auctor
2153 2255 2391 2293 institutionis
2410 2267 2488 2293 ma-

1439 2313 1615 2344 trimonn.

1494 2360 1556 2397 Sic
1583 2360 1693 2408 igitur
1711 2367 1913 2409 praecepta
1935 2360 2017 2409 ipsa
2037 2361 2216 2409 decalogi,
2238 2369 2420 2410 quantum
2440 2362 2488 2399 ad

1440 2414 1625 2450 rationem
1654 2413 1812 2450 iustitiae
1847 2425 1963 2462 quam
1992 2414 2204 2460 continent,
2239 2414 2489 2451 immutabilia

1441 2474 1536 2502 sunt.
1559 2466 1635 2502 Sed
1663 2474 1848 2514 quantum
1876 2467 1925 2503 ad
1945 2467 2110 2515 aliquam
2137 2467 2488 2504 determinationem

1441 2531 1508 2567 per
1528 2518 1817 2568 applicationem
1847 2520 1894 2556 ad
1915 2519 2119 2567 singulares
2148 2527 2263 2567 actus,
2283 2527 2325 2556 ut
2352 2520 2491 2556 scilicet

1441 2573 1514 2609 hoc
1532 2573 1594 2609 vel
1622 2571 1710 2608 illud
1739 2571 1784 2608 sit
1811 2572 2074 2620 homicidium,
2093 2573 2234 2609 furtum
2257 2573 2319 2610 vel
2348 2573 2489 2609 adulte-

1442 2625 1550 2671 rium,
1581 2632 1645 2661 aut
1671 2637 1765 2671 non,
1790 2625 1865 2662 hoc
1892 2625 2046 2673 quidem
2072 2633 2127 2661 est
2154 2625 2352 2662 mutabile:
2372 2638 2490 2673 quan-

1442 2678 1568 2725 doque
1597 2678 1676 2714 sola
1696 2677 1915 2714 auctoritate
1934 2678 2071 2724 divina,
2095 2678 2134 2714 in
2161 2678 2218 2714 his
2237 2678 2374 2714 scilicet
2392 2690 2491 2726 quae

1442 2743 1463 2767 a
1491 2731 1572 2766 solo
1594 2731 1678 2766 Deo
1699 2737 1784 2766 sunt
1802 2730 1978 2777 instituta,
1999 2730 2094 2767 sicut
2120 2730 2157 2766 in
2185 2730 2435 2777 matrimonio,
2457 2738 2492 2767 et

1442 2783 1480 2819 in
1503 2782 1582 2819 aliis
1601 2783 1841 2828 huiusmodi:
1871 2783 2101 2831 quandoque
2131 2783 2243 2819 etiam
2272 2782 2490 2819 auctoritate

1441 2837 1619 2882 humana,
1641 2835 1736 2872 sicut
1762 2835 1802 2872 in
1829 2836 1887 2873 his
1907 2848 2003 2884 quae
2025 2843 2111 2872 sunt
2139 2836 2343 2872 commissa
2370 2835 2492 2872 homi-

1442 2901 1534 2925 num
1563 2888 1820 2925 iurisdictioni.
1846 2889 2043 2935 Quantum
2064 2888 2164 2924 enirn
2192 2889 2239 2924 ad
2267 2889 2352 2934 hoc,
2369 2888 2493 2925 homi-

1443 2954 1509 2978 nes
1537 2949 1671 2988 gerunt
1696 2941 1821 2977 vicem
1850 2941 1940 2978 Dei:
1971 2953 2048 2977 non
2076 2948 2203 2977 autem
2232 2948 2416 2987 quantum
2444 2940 2493 2977 ad

1444 2994 1584 3030 omnia.

1495 3048 1552 3082 An
1596 3057 1766 3087 QUARTUM
1808 3057 1990 3082 mCENDuM
2033 3046 2136 3093 quod
2171 3044 2232 3082 illa
2273 3045 2494 3092 excogitatio

1442 3099 1562 3146 magis
1589 3098 1656 3134 fuit
1687 3098 1940 3146 interpretatio
1969 3097 2158 3146 praecepti
2193 3110 2308 3145 quam
2347 3098 2496 3146 dispen-

1443 3151 1548 3187 satio.
1565 3151 1657 3186 Non
1686 3150 1787 3186 enim
1805 3150 2018 3197 intelligitur
2035 3150 2178 3187 violare
2206 3150 2408 3187 sabbatum
2433 3151 2498 3199 qui

1442 3203 1527 3240 facit
1556 3215 1652 3251 opus
1680 3202 1785 3250 quod
1809 3210 1863 3239 est
1890 3204 2143 3239 necessarium
2164 3203 2213 3240 ad
2241 3204 2399 3240 salutern
2427 3204 2497 3240 hu-

1443 3267 1618 3300 manam:
1639 3255 1735 3291 sicut
1762 3255 1950 3292 Dominus
1978 3257 2115 3304 probat
2141 3261 2165 3303 ⁸,
2188 3256 2320 3293 Matth.
2340 3268 2388 3293 xn
2412 3256 2444 3293 ²⁸.

1496 3368 1520 3400 ὃ)
1541 3369 1608 3399 ipsa.
1625 3382 1644 3387 —-
1661 3376 1709 3393 sua
1728 3369 1759 3399 G,
1779 3369 1836 3401 ipsa
1854 3376 1903 3393 sua
1922 3368 1950 3394 P.

1496 3405 1518 3436 ε)
1533 3403 1641 3435 probat.
1659 3417 1678 3423 -
1696 3403 1760 3428 dicit
1778 3403 1808 3429 E.

2512 421 2521 430 ·
2536 419 2602 440 Vers.
2617 425 2646 447 13.

2509 603 2520 614 ⁸¹
2534 602 2562 624 D.
2577 602 2628 625 802.

2508 783 2518 794 ¹¹
2534 783 2563 804 D.
2583 783 2630 810 498
2640 800 2646 811 ,
2667 782 2719 812 518,

2510 815 2574 837 ¹⁰49-

2510 1307 2520 1318 ·
2536 1306 2592 1334 Cap.
2608 1313 2639 1329 nv.

2512 1576 2520 1584 ·
2530 1574 2607 1597 Exod.
2617 1581 2668 1603 cap.
2679 1581 2721 1603 xn,

2511 1607 2570 1622 vers.
2584 1607 2608 1629 35
2623 1607 2657 1630 sq.

2512 1677 2523 1687 ⁶
2538 1677 2595 1699 Gen.
2605 1682 2655 1705 cap.
2665 1683 2721 1699 χιιι.

2513 2161 2586 2183 'Osee
2592 2167 2725 2189 cap.1,ver⁸.

2515 2195 2526 2210 2
2541 2194 2577 2215 sq.
2636 2196 2656 2208 x

2515 2268 2525 2281 ⁸
2540 2268 2568 2289 D.
2582 2266 2634 2295 967.

2526 3276 2533 3284 ·
2549 3273 2615 3295 Vei-s.
2629 3248 2640 3302 Ξ
2655 3278 2707 3300 sqq.
