2840 4010
97 1083 107 1092 ¹
123 1080 188 1103 Vm.
205 1087 220 1102 1.

99 1263 172 1296 ιιάιι.
177 1263 202 1296 in

96 1305 202 1334 κηρυκι,
210 1306 242 1323 2¹

95 1834 106 1846 '
115 1833 141 1856 S.
151 1833 196 1856 Th.
206 1835 258 1856 leet.
272 1840 306 1856 nt.

93 2257 185 2280 ‘Vm-
198 2257 224 2279 6.

93 2523 104 2534 ⁸
118 2523 169 2545 Art.
185 2524 290 2551 praeced.

91 2681 102 2692 ⁶
116 2681 145 2704 D.
158 2681 210 2709 678.

92 3343 103 3355 ⁸
117 3343 165 3371 Qu.
181 3348 217 3370 cx,
233 3346 293 3365 arni

93 3397 102 3406 ‘
116 3395 185 3417 Vers.
200 3396 223 3417 8.

968 167 1233 213 QUAESTIO
1263 166 1384 213 CXII,
1414 167 1709 207 ARTICULUS
1739 168 1806 215 ΙΙΙ,
1837 168 1886 204 IV

340 245 395 277 ubi
418 245 456 276 de
478 245 577 285 gratia
601 245 744 276 absolute
768 252 814 276 est
837 255 952 282 sermo,
978 246 1091 277 dicitur
1106 246 1195 286 quod
1218 245 1310 285 exigit
1333 255 1397 275 ma-

338 289 449 320 teriam
477 289 679 329 dispositam;
711 296 741 320 et
764 289 893 330 propria
920 290 1086 330 dispositio
1110 290 1285 330 assignatur
1312 297 1398 320 actus

338 332 427 364 liberi
450 332 566 364 arbitrii
591 333 732 364 conversi
756 334 789 364 in
813 334 928 364 Deum.
954 333 1039 365 Cum
1068 333 1129 364 hoc
1153 340 1257 364 tamen
1289 339 1348 363 stat
1369 340 1398 363 et

338 378 427 419 quod
450 377 537 408 Deus
561 377 706 418 suppleat
729 378 824 409 talem
844 377 1085 418 dispositionem
1103 377 1136 407 in
1155 376 1328 407 infantibus
1345 387 1399 416 per

337 421 488 452 meritum
512 421 581 452 Iesu
605 421 736 458 Christi;
761 429 792 453 et
819 422 907 463 quod
930 428 1050 462 posset,
1083 421 1121 451 de
1144 420 1285 460 potentia
1308 421 1398 450 abso-

337 465 413 502 luta,
435 465 529 496 etiam
545 466 612 496 sine
628 466 681 497 tali
697 466 810 497 merito
827 473 857 497 et
873 466 1096 506 supplemento
1112 464 1198 494 illam
1215 464 1298 494 dare.
1324 464 1397 494 Pro-

935 589 969 630 X

2438 166 2510 202 325

1452 253 1556 286 pterea
1572 246 1604 276 in
1620 246 1720 277 littera
1745 256 1801 277 nee
1825 246 1863 277 de
1886 246 1982 286 gratia
2007 245 2077 276 data
2099 244 2272 276 infantibus
2291 254 2365 274 cum
2384 244 2512 284 supple-

1452 297 1560 320 mento
1586 290 1812 330 dispositionis,
1837 300 1895 320 nec
1918 290 1956 320 de
1980 289 2121 330 potentia
2144 289 2202 319 Dei
2231 288 2267 319 fit
2289 288 2426 324 mentio,
2451 288 2510 318 nisi

1451 334 1608 373 negative3
1641 335 1724 365 dum⁴
1749 334 1866 365 scilicet
1887 334 1918 364 in
1943 333 2148 373 responsione
2176 333 2216 363 ad
2244 332 2371 363 tertium
2399 331 2511 362 dicitur

1451 378 1540 418 quod
1569 379 1655 408 nulla
1683 378 1878 418 praeparatio
1909 377 2040 417 exigitur
2071 388 2088 408 a
2119 377 2224 407 divina
2256 376 2396 416 potentia
2429 386 2509 417 quae

1453 431 1516 452 non
1541 421 1595 452 fiat
1618 422 1656 452 ab
1679 422 1766 462 ipso;
1791 429 1822 453 et
1838 431 1903 452 non
1919 421 2090 452 affirmatur
2113 421 2201 462 quod
2224 430 2348 460 semper
2371 419 2510 460 exigatur

1453 466 1627 505 dispositio.

1142 616 1456 659 ARTICULUS
1485 619 1711 660 TERTIUS

662 710 816 747 UTRUM
840 708 1105 741 NECESSARIO
1124 709 1279 752 VDETUR
1303 708 1466 739 GRATIA
1489 710 1537 740 SE
1562 711 1859 741 PRAEPARANTI
1885 711 1943 741 AD
1968 711 2180 746 GRATIAM,

1075 753 1158 785 VEL
1183 751 1384 783 FACIENTI
1410 753 1531 790 QUOD
1557 755 1598 784 IN
1622 755 1670 785 SE
1695 754 1775 785 EST

1115 841 1148 865 lv
1167 841 1250 870 Sent„
1271 839 1329 864 dist.
1348 847 1413 870 xvn,
1434 847 1477 873 qu.
1492 848 1513 871 t,
1533 846 1581 866 art.
1597 848 1624 871 2,
1645 842 1694 873 quu
1710 841 1732 865 3.

366 934 428 968 sig—z
450 937 522 985 ⁹³5<
546 932 581 957 D
589 931 750 958 Tannum
769 932 822 957 Sic
852 932 1090 958 paocamrua.
1110 919 1267 957 Videtur
1291 920 1394 967 quod

361 962 592 1033 ‘'e—‘Qssfi
620 973 841 1010 necessitate
875 973 986 1010 detur
1019 973 1135 1022 gratia
1162 985 1202 1010 se
1235 984 1394 1020 praepa—

352 1026 355 1031 '
371 1040 471 1079 >3⁷
493 1029 515 1063 (
548 1026 643 1063 ranti
672 1026 720 1064 ad
749 1025 928 1074 gratiam,
958 1027 1020 1063 vel
1049 1025 1196 1064 facienti
1224 1026 1328 1074 quod
1356 1024 1394 1062 in

392 1092 401 1102 “
425 1075 488 1105 ³³⁹⁷*
506 1073 537 1120 Χ
547 1091 588 1116 se
608 1086 674 1116 est.
699 1079 799 1128 Quia
824 1092 937 1128 super
955 1079 1046 1117 illud
1065 1081 1176 1117 Rom.
1192 1078 1262 1126 v*,
1286 1077 1395 1115 Iusti-

325 1130 438 1177 flcati
469 1141 518 1166 ex
538 1132 623 1179 fide
649 1144 791 1180 pacem
819 1134 1024 1169 habeamus
1052 1140 1141 1179 etc.,
1171 1131 1258 1169 dicit
1286 1131 1393 1167 Glos-

97 1194 205 1243 ’Μ’-υ,-
205 1194 307 1243 fflw-
335 1194 377 1219 sa
395 1181 436 1219 *τ
465 1184 569 1221 Deus
597 1186 728 1233 recipit
753 1197 839 1222 eum
863 1186 929 1233 qui
954 1186 1006 1222 ad
1026 1197 1065 1222 se
1082 1185 1268 1234 confugit:
1288 1184 1396 1220 aliter

241 1253 307 1273 com·
332 1241 431 1272 esset
454 1237 491 1273 in
521 1249 565 1274 eo
594 1238 779 1286 iniquitas.
802 1239 879 1276 Sed
907 1238 1139 1287 impossibile
1159 1246 1216 1275 est
1242 1237 1279 1274 in
1310 1238 1393 1274 Deo

301 1287 570 1350 'iniquitatem
591 1303 687 1328 esse.
713 1292 813 1339 Ergo
834 1291 1067 1340 impossibile
1087 1298 1144 1328 est
1163 1291 1269 1338 quod
1289 1290 1394 1327 Deus

336 1353 415 1379 non
443 1343 597 1402 recipiat
625 1356 714 1381 eum
743 1344 809 1392 qui
837 1345 886 1381 ad
910 1356 951 1381 se
980 1343 1159 1391 confugit.
1180 1343 1238 1381 Ex
1266 1355 1395 1380 neces-

336 1394 442 1432 sitate
470 1395 580 1444 igitur
607 1396 766 1444 gratiam
794 1397 1016 1445 assequitur.

392 1459 427 1486 2.
447 1449 683 1496 ΡΜΕΤΕΒΕΑ,
704 1450 909 1487 Anselmus
929 1449 1028 1498 dicit,
1050 1450 1088 1486 in
1107 1449 1202 1487 libro
1225 1449 1271 1487 de
1297 1449 1394 1485 Casu

335 1500 532 1538 Diaboli*
533 1531 543 1549 ,
574 1502 680 1551 quod
706 1502 775 1540 ista
805 1510 860 1539 est
888 1515 1002 1540 causa
1037 1515 1154 1551 quare
1182 1502 1287 1539 Deus
1307 1514 1394 1542 non

337 1553 511 1612 concedit
531 1559 547 1576 α
577 1555 730 1593 diabolo
759 1556 929 1604 gratiam,
951 1555 1039 1604 quia
1066 1555 1146 1604 ipse
1170 1567 1247 1592 non
1275 1555 1395 1592 voluit

335 1591 522 1655 accipere,
542 1620 613 1645 nec
617 1616 786 1657 paratus
805 1609 884 1646 fuit.
906 1609 982 1646 Sed
1002 1615 1147 1647 remota
1175 1619 1299 1654 causa.
1330 1620 1394 1645 ne—

337 1670 441 1697 cesse
470 1667 526 1697 est
545 1661 736 1698 removeri
762 1647 952 1698 effectum.
973 1662 1075 1710 Ergo
1096 1661 1126 1699 si
1145 1660 1276 1710 aliquis
1304 1661 1393 1698 velit

335 1711 505 1761 accipere
533 1714 702 1761 gratiam,
724 1727 878 1752 necesse
907 1722 963 1751 est
990 1714 1095 1763 quod
1124 1713 1158 1750 ei
1185 1714 1303 1751 detur.

391 1766 424 1802 3.
442 1766 676 1813 PRAETEREA,
695 1768 841 1805 bonum
857 1775 912 1804 est
932 1766 1298 1811 communicativum
1319 1767 1392 1812 sui;

334 1824 377 1855 ut
394 1825 498 1867 patet
515 1831 585 1868 per
603 1820 843 1869 Dionysium,
864 1821 902 1858 in
924 1833 959 1857 iv
979 1833 1061 1869 cap.
1081 1820 1127 1857 de
1140 1820 1226 1858 Div.
1241 1820 1358 1858 Nom.
1375 1821 1394 1841 '¹‘

336 1871 412 1908 Sed
442 1872 588 1909 bonum
607 1874 748 1921 gratiae
778 1881 834 1910 est
862 1873 998 1910 melius
1018 1885 1135 1923 quam
1163 1873 1310 1915 bonum
1330 1885 1395 1910 na-

334 1930 452 1961 turae.
475 1925 575 1962 Cum
603 1926 714 1974 igitur
742 1927 864 1963 forma
893 1927 1071 1964 naturalis
1101 1938 1145 1963 ex
1171 1926 1393 1963 necessitate

335 1977 512 2014 adveniat
531 1979 711 2016 materiae
733 1979 949 2028 dispositae,
970 1980 1118 2016 videtur
1144 1979 1248 2028 quod
1274 1980 1393 2016 multo

334 2030 455 2078 magis
483 2031 600 2079 gratia
629 2045 673 2069 ex
703 2033 925 2073 necessitate
950 2032 1059 2069 detur
1086 2032 1324 2082 praeparanti
1354 2045 1393 2069 se

333 2082 383 2119 ad
410 2083 577 2130 gratiam.

388 2136 463 2172 SED
496 2149 642 2174 CONTRA
674 2151 740 2175 EST
777 2138 882 2187 quod
917 2139 1036 2175 homo
1071 2144 1312 2186 comparatur
1346 2139 1393 2175 ad

333 2189 460 2225 Deum
496 2190 591 2227 sicut
618 2191 740 2229 lutum
771 2192 818 2229 ad
847 2192 1028 2240 figulum;
1061 2191 1271 2228 secundum
1302 2191 1392 2228 illud

334 2242 468 2279 lerem.
485 2243 620 2280 xvui*:
637 2245 741 2281 Sicut
758 2245 906 2290 lutusm
892 2257 928 2281 m
948 2256 1064 2281 manu
1073 2243 1202 2294 figuli,
1222 2244 1276 2280 sic
1293 2255 1359 2281 vos
1379 2243 1393 2273 β

332 2295 369 2331 in
399 2307 515 2332 manu
545 2309 641 2334 mea.
664 2298 740 2335 Sed
769 2298 889 2334 lutum
910 2309 988 2334 non
1017 2309 1062 2334 ex
1091 2296 1310 2334 necessitate
1334 2310 1394 2334 ac-

333 2347 425 2396 cipit
453 2349 616 2386 formam
639 2363 660 2386 a
689 2351 817 2398 figulo,
839 2358 1191 2399 quantumcumque
1211 2350 1257 2387 sit
1285 2363 1392 2398 prae-

331 2409 519 2449 paratum.
542 2403 643 2450 Ergo
665 2416 790 2453 neque
810 2404 929 2440 homo
951 2403 1080 2452 recipit
1109 2415 1154 2439 ex
1173 2403 1391 2440 necessitate

332 2453 489 2501 gratiam
509 2467 530 2491 a
550 2456 652 2502 Deo,
675 2463 1030 2505 quantumcumque
1059 2468 1099 2492 se
1126 2464 1336 2504 praeparet.

386 2507 612 2545 RespoNnsso
632 2521 817 2547 mCENDUM
838 2510 952 2558 quod,
974 2509 1069 2545 sicut
1089 2521 1202 2559 sup-ra
1216 2509 1236 2530 ’⁵‘
1251 2508 1392 2546 dictum

332 2567 406 2606 est,
437 2562 674 2609 praeparatio
709 2563 758 2600 ad
786 2561 950 2599 hominis
984 2561 1141 2610 gratiam
1175 2569 1231 2599 est
1257 2575 1279 2599 a
1307 2563 1391 2599 Deo

332 2612 426 2649 sicut
454 2626 477 2649 a
505 2622 700 2662 movente,
730 2615 889 2652 alibero
920 2621 1046 2651 autem
1076 2614 1228 2651 arbitrio
1258 2615 1352 2652 sicut
1371 2627 1393 2652 a

331 2673 438 2702 moto
459 2666 493 2703 ¹³.
523 2667 652 2704 Potest
679 2667 790 2715 igitur
815 2668 1053 2717 praeparatio
1083 2666 1278 2716 dupliciter
1304 2681 1392 2705 con-

383 2782 410 2814 α)
429 2780 558 2807 concedit.
575 2795 594 2800 —
612 2779 686 2806 dedit
704 2781 814 2805 codices.

382 2816 409 2850 β)
428 2824 482 2842 vos.
493 2830 512 2836 -
529 2823 620 2842 omnes
638 2823 684 2842 vos
702 2816 754 2841 EF.

382 2852 410 2885 γ)
429 2852 541 2877 audivit.
559 2866 578 2870 —
596 2852 674 2876 audit
692 2850 961 2877 PABCDFGHIKLa.

1449 920 1614 957 siderari.
1635 921 1722 957 Uno
1751 920 1906 969 quidem
1932 921 2061 966 modo,
2083 920 2294 957 secundum
2323 920 2427 969 quod
2451 928 2507 957 est

1450 985 1471 1008 a
1498 972 1617 1009 libero
1647 973 1810 1009 arbitrio.
1841 974 1889 1009 Et
1914 973 2124 1010 secundum
2153 974 2242 1020 hoc,
2273 974 2413 1010 nullam
2443 985 2507 1010 ne-

1450 1025 1661 1062 cessitatem
1691 1026 1806 1062 habet
1833 1025 1881 1062 ad
1909 1026 2048 1073 gratiae
2069 1025 2395 1063 consecutionem:
2416 1026 2505 1073 quia

1451 1078 1595 1115 donum
1628 1078 1767 1126 gratiae
1806 1078 1950 1116 excedit
1984 1090 2142 1116 omnem
2178 1078 2506 1127 praeparationem

1449 1130 1595 1168 virtutis
1622 1132 1827 1168 humanae.
1843 1152 1868 1159 -
1883 1131 1966 1168 Alio
1987 1132 2104 1169 modo
2123 1139 2248 1180 potest
2275 1131 2504 1168 considerari

1449 1185 1658 1221 secundum
1689 1184 1793 1233 quod
1818 1191 1874 1221 est
1892 1197 1914 1221 a
1937 1185 2023 1222 Deo
2043 1192 2235 1222 movente.
2257 1185 2305 1221 Et
2332 1191 2422 1221 tunc
2440 1185 2505 1220 ha-

1450 1237 1512 1273 bet
1536 1237 1799 1274 necessitatem
1821 1237 1870 1274 ad
1892 1237 1931 1274 id
1955 1238 2002 1274 ad
2026 1238 2130 1286 quod
2152 1236 2345 1274 ordinatur
2364 1249 2386 1273 a
2405 1238 2502 1284 Deo,

1449 1302 1526 1326 non
1554 1290 1710 1338 quidem
1744 1290 1969 1337 coactionis,
1995 1291 2063 1327 sed
2101 1289 2386 1327 infallibilitatis:
2415 1290 2502 1338 quia

1448 1342 1604 1379 intentio
1626 1343 1697 1380 Dei
1718 1343 1880 1380 deficere
1901 1355 1979 1380 non
2000 1350 2140 1391 potest;
2166 1343 2376 1380 secundum
2397 1342 2502 1391 quod

1450 1403 1484 1431 et
1512 1395 1744 1443 Augustinus
1765 1396 1862 1443 dicit,
1884 1396 1922 1432 in
1941 1395 2035 1432 libro
2055 1397 2101 1432 de
2118 1396 2304 1432 Praedest.
2325 1397 2448 1432 Sanct.
2470 1395 2500 1442 ²⁸,
2531 1404 2543 1449 ἑ
2572 1409 2598 1450 gr
2627 1408 2640 1450 g
2658 1409 2685 1450 οἱ

1448 1449 1552 1497 quod
1575 1461 1647 1497 per
1674 1449 1852 1496 beneficia
1875 1448 1950 1486 Dei
1976 1449 2176 1486 certissime
2198 1449 2404 1485 liberantur
2422 1449 2502 1496 qui·
2525 1462 2593 1502 ,επ
2625 1461 2656 1503 {2
2671 1461 2731 1502 ‘⁸¹52

1448 1513 1606 1550 cumque
1625 1502 1840 1538 liberantur.
1862 1502 1971 1539 Unde
1991 1502 2021 1538 si
2041 1514 2086 1538 ex
2107 1501 2310 1538 intentione
2331 1501 2403 1538 Dei
2422 1513 2503 1537 mo÷

1447 1555 1569 1591 ventis
1598 1562 1653 1591 est
1681 1554 1784 1603 quod
1812 1556 1931 1591 homo
1962 1555 2067 1591 cuius
2091 1567 2157 1591 cor
2181 1561 2323 1601 movet,
2348 1554 2504 1601 gratiam

1449 1615 1712 1656 consequatur,
1742 1607 1980 1644 infallibiliter
2007 1607 2129 1656 ipsam
2158 1607 2417 1656 consequitur;
2447 1619 2504 1643 se-

1449 1661 1615 1697 cundum
1643 1660 1734 1698 illud
1764 1662 1866 1697 Ioan.
1891 1673 1926 1697 vi
1952 1661 1990 1697 *ε
2026 1661 2154 1698 Omnis
2182 1661 2247 1709 qui
2272 1660 2415 1697 audivit
2436 1665 2450 1687 Υ
2479 1671 2502 1696 α
2530 1671 2540 1680 ·
2578 1677 2612 1691 ers

1446 1714 1559 1750 Patre
1583 1719 1619 1750 et
1644 1714 1779 1759 didicit,
1804 1714 1905 1750 venit
1930 1714 1981 1750 ad
2006 1726 2076 1750 me.

1500 1769 1557 1804 An
1587 1777 1723 1803 PRIMUM
1751 1778 1849 1803 ERGO
1877 1778 2060 1803 mmmmm
2085 1767 2189 1815 quod
2217 1767 2340 1814 glossa
2367 1765 2429 1802 illa
2448 1765 2503 1801 lo—

1449 1820 1575 1867 quitur
1604 1820 1651 1856 de
1679 1819 1740 1856 illo
1769 1819 1834 1867 qui
1864 1819 2031 1867 confugit
2058 1820 2106 1857 ad
2134 1821 2260 1856 Deum
2280 1831 2348 1867 per
2376 1825 2502 1854 actum

1448 1872 1684 1909 meritorium
1712 1872 1819 1909 liberi
1848 1872 1985 1910 arbitrii
2004 1873 2080 1909 iam
2108 1885 2176 1921 per
2203 1871 2358 1920 gratiam
2387 1871 2499 1907 infor-

1448 1926 1552 1962 mati:
1575 1937 1689 1974 quem
1706 1925 1735 1961 si
1751 1937 1829 1962 non
1850 1925 2041 1973 repreret,
2059 1933 2156 1962 esset
2176 1932 2305 1962 contra
2324 1923 2501 1961 iustitiam

1448 1991 1563 2027 quam
1594 1979 1673 2027 ipse
1702 1978 1838 2015 statuit.
1865 2000 1888 2005 —
1913 1979 1982 2015 Vel
2011 1978 2040 2015 si
2069 1979 2249 2015 referatur
2276 1977 2324 2014 ad
2353 1985 2501 2014 motum

1447 2031 1552 2068 liberi
1588 2031 1726 2068 arbitrii
1761 2038 1846 2068 ante
1879 2031 2056 2079 gratiam,
2091 2031 2255 2079 loquitur
2290 2030 2499 2066 secundum

1448 2085 1553 2132 quod
1572 2084 1697 2133 ipsum
1718 2084 1935 2132 confugium
1956 2084 2121 2120 hominis
2145 2084 2193 2121 ad
2212 2085 2339 2120 Deum
2360 2090 2415 2119 est
2433 2095 2502 2132 per

1448 2137 1658 2174 motionem
1690 2136 1878 2174 divinam:
1915 2149 2030 2185 quam
2066 2137 2204 2174 iustum
2239 2144 2294 2173 est
2326 2148 2403 2172 non
2439 2135 2502 2172 de-

1448 2191 1572 2227 ficere.

1500 2245 1558 2280 An
1586 2255 1775 2281 SECUNDUM
1813 2254 1995 2280 DlCENDuM
2030 2242 2135 2292 quod
2164 2242 2332 2279 defectus
2361 2241 2500 2288 gratiae

1446 2297 1567 2345 prima
1597 2309 1711 2333 causa
1740 2303 1794 2333 est
1813 2308 1859 2333 ex
1887 2296 2009 2343 nobis,
2030 2295 2096 2333 sed
2126 2294 2331 2332 collationis
2359 2294 2498 2341 gratiae

1447 2349 1567 2398 prima
1597 2361 1709 2386 causa
1739 2357 1795 2386 est
1822 2361 1844 2385 a
1867 2349 1952 2385 Deo
1977 2348 2012 2395 *3
2040 2349 2251 2394 secundum
2280 2347 2370 2384 illud
2399 2347 2537 2383 Osee

1447 2431 1631 2492 auxilium
1661 2461 1776 2492 tuum.

1499 2510 1557 2545 An
1585 2519 1744 2546 TERTmM
1772 2519 1955 2545 DmENDUM
1976 2507 2080 2554 quod
2101 2507 2212 2543 etiam
2243 2506 2279 2543 in
2304 2506 2415 2542 rebus
2435 2517 2500 2542 na-

1447 2561 1627 2598 turalibus
1651 2561 1847 2610 dispositio
1867 2560 2046 2597 materiae
2066 2565 2078 2580 ¹
2107 2572 2183 2596 non
2212 2571 2256 2595 ex
2280 2558 2500 2596 necessitate

1448 2613 1691 2662 consequitur
1727 2614 1911 2661 formam,
1946 2613 2014 2650 nisi
2048 2625 2116 2662 per
2148 2610 2323 2649 virtutem
2359 2611 2499 2660 agentis

1447 2667 1515 2717 qui
1539 2667 1827 2715 dispositionem
1857 2673 1997 2704 causat.

1497 2780 1521 2812 ὃ)
1541 2784 1595 2805 tua.
1614 2795 1633 2799 -
1650 2788 1687 2806 ex
1706 2783 1731 2805 te
1749 2781 1846 2805 addunt
1865 2780 1934 2806 PsH.

1497 2817 1518 2848 ε)
1538 2817 1674 2841 materiae.
1688 2830 1707 2836 -
1719 2819 1950 2848 quantumcunque
1967 2823 2015 2840 aer
2033 2815 2143 2848 rarefiat
2161 2822 2205 2839 seu
2225 2814 2384 2846 disponatur
2401 2815 2439 2840 ad
2457 2823 2502 2841 su-

1443 2852 1600 2884 scaptionem
1614 2852 1723 2885 formae
1742 2851 1811 2876 addit
1829 2851 1859 2876 E.

1082 2975 1423 3047 'Amemus
1453 2996 1726 3049 QUARTUS

860 3088 1015 3119 UTRUM
1038 3088 1211 3130 GRATIA,
1225 3089 1292 3120 SIT
1315 3090 1454 3121 MAIOR
1478 3090 1519 3119 IN
1545 3089 1634 3120 UNO
1659 3088 1784 3125 QUAM
1809 3087 1852 3118 IN
1874 3087 1976 3118 ALIO

356 3210 404 3288 t
496 3198 518 3244 <

346 3284 349 3290 '
364 3267 468 3360 „7532
483 3279 626 3326 ’3(110.
649 3281 780 3318 Gratia
808 3280 910 3317 enim
939 3289 1114 3318 causatur
1138 3281 1178 3318 in
1205 3282 1316 3319 nobis
1346 3294 1390 3318 ex

385 3310 741 3371 ffldilectione
772 3333 918 3380 divina,
945 3341 987 3370 ut
1015 3333 1157 3371 dictum
1187 3334 1290 3371 est*.
1313 3335 1389 3372 Sed

331 3387 418 3435 Sap.
439 3398 474 3422 Vl
494 3385 514 3406 '¹‘
533 3387 685 3423 dicitur:
715 3386 897 3423 Pusillum
917 3392 952 3423 et
978 3398 1162 3436 magnum
1189 3387 1266 3434 ipse
1288 3388 1389 3434 fecit,

385 3502 412 3535 α)
434 3503 517 3536 Ergo.
534 3517 553 3521 -
573 3503 645 3527 Deus
663 3503 810 3535 aequaliter
829 3509 918 3526 omnes
938 3502 1034 3534 diligit.
1056 3502 1130 3534 Ergo
1149 3502 1217 3526 addit
1237 3502 1264 3525 E.

394 3196 423 3235 i»
460 3199 501 3226 55
541 3187 564 3212 D
581 3186 753 3218 Quaa'rum
774 3187 828 3212 sic
847 3186 1085 3212 PROCEDlTUR.
1106 3175 1265 3213 Videtur
1283 3178 1398 3237 quod¹¹

392 3218 519 3289 :sl-{Q-
542 3228 659 3276 gratia
687 3240 766 3265 non
805 3227 850 3265 sit
878 3228 1001 3265 maior
1028 3228 1066 3265 in
1094 3241 1172 3265 uno
1206 3238 1323 3276 quam
1352 3230 1393 3266 ιη’
1446 3228 1649 3277 aequaliter
1676 3228 1834 3275 gratiam
1863 3227 1911 3263 ab
1941 3239 1987 3263 eo
2017 3235 2308 3276 consequuntur.

1444 3181 1481 3213 et
1495 3176 1701 3223 aequaliter
1714 3181 1769 3211 est
1786 3174 1840 3211 illi
1853 3186 1945 3211 cura
1961 3175 2006 3211 de
2020 3175 2201 3211 omnibus.
2219 3175 2321 3222 Ergo
2332 3180 2350 3196 ²
2365 3187 2501 3212 omnes

1499 3293 1534 3317 2.
1558 3278 1789 3327 PRAETEFLEA,
1806 3292 1850 3317 ea
1869 3292 1968 3328 quae
1987 3280 2025 3317 in
2045 3292 2198 3318 summo
2219 3280 2402 3326 dicuntur,
2423 3292 2502 3317 non

1447 3333 1631 3382 recipiunt
1657 3333 1777 3381 magis
1806 3341 1842 3370 et
1869 3333 2006 3370 minus.
2030 3334 2108 3370 Sed
2135 3333 2253 3381 gratia
2281 3333 2319 3370 in
2347 3345 2500 3370 summo

1447 3386 1599 3423 dicitur:
1621 3386 1710 3435 quia
1738 3386 1929 3433 coniungit
1954 3386 2087 3423 ultimo
2116 3386 2195 3423 fini.
2217 3387 2318 3434 Ergo
2348 3398 2426 3423 non
2446 3399 2501 3423 re·

2555 2356 2581 2376 1).
2597 2356 2639 2383 678
2654 2355 2708 2377 680.

1447 2415 1506 2439 xm
1528 2403 1568 2439 *τ
1598 2403 1758 2439 Perditio
1779 2408 1842 2439 tua
1861 2400 1886 2447 δ,
1915 2401 2056 2438 Israel:
2085 2401 2339 2438 tantummodo
2364 2412 2412 2436 ex
2442 2412 2502 2436 me
2531 2411 2537 2417 ·
2577 2415 2611 2430 ers
