2840 4010
129 2971 138 2979 ⁶
150 2969 186 2990 De
192 2969 251 2990 Fide
263 2969 336 2996 Orth„

129 2996 169 3017 lib.
180 2996 207 3034 '11¹
237 3001 286 3042 eff.
303 3002 336 3022 tv,

128 3012 250 3070 gudila]
275 3028 337 3049 ,σιμ

131 3180 140 3188 ·
154 3178 190 3199 De
203 3177 251 3199 Lib.
272 3178 337 3205 Arb„

130 3204 171 3226 lib.
179 3204 219 3231 111,
229 3210 278 3231 cap.
285 3210 341 3226 xvn.

130 3230 246 3304 &aa
256 3231 340 3284 cert

130 3312 142 3320 “”
155 3299 207 3331 λη.
222 3309 327 3337 praeced.

361 189 412 235 48

1032 186 1295 232 QUAESTIO
1326 185 1484 230 LXXV,
1514 184 1808 221 ARthuLus
1839 186 1870 220 11

363 269 542 305 voluntas
558 268 637 304 sine
658 267 888 304 adhibitione
910 266 1057 313 regulae
1078 263 1231 300 rationis
1249 263 1311 299 vel
1331 261 1421 309 legis
1474 274 1545 298 nae
1575 274 1645 298 nec
1674 263 1818 310 culpae⁷
1848 270 2053 311 antequam
2082 264 2287 313 applicetur
2315 265 2363 302 ad
2392 271 2530 301 actum.

366 321 530 368 divinae,
561 328 615 357 est
644 333 756 357 causa
783 318 937 367 peccati.
968 318 1053 353 Hoc
1082 323 1209 352 autem
1239 315 1343 364 quod
1368 322 1422 351 est
1474 315 1585 352 Unde
1610 315 1822 351 secundum
1842 315 1928 362 hoc,
1952 316 2095 363 peccati
2116 316 2227 364 primi
2248 329 2326 354 non
2346 325 2402 354 est
2421 329 2535 354 causa

365 386 444 410 non
473 373 652 410 adhibere
683 373 850 420 regulam
879 369 1031 407 rationis
1058 369 1120 405 vel
1149 367 1238 415 legis
1259 367 1420 415 divinae,
1476 367 1630 416 aliquod
1645 365 1658 388 δ
1677 367 1839 404 malum:
1868 367 1938 404 sed
1956 368 2103 405 bonum
2119 368 2274 417 aliquod
2294 382 2381 406 cum
2402 370 2536 406 absen-

366 426 575 463 secundum
605 438 644 461 se
674 437 750 461 non
778 424 891 460 habet
917 422 1100 459 rationem
1120 420 1221 466 mali,
1243 432 1313 457 nec
1331 432 1423 469 poe·
1474 420 1526 457 tia
1553 419 1710 456 alicuius
1739 419 1890 456 alterius
1918 418 2020 456 boni.

418 546 442 579 ὃ)
462 546 579 578 aliquod.
596 559 614 564 -
633 545 693 569 Om.
713 544 740 568 P.

1029 621 1361 654 Commentaria
1382 621 1632 654 Cardinalis
1653 621 1853 654 Caietam

396 714 416 734 N
432 712 564 742 corpore
580 700 673 741 primi
690 700 810 731 articuli
824 700 1017 741 quaestionis
1034 698 1422 740 septuagesimaequintae,

368 716 530 777 Idubium
545 752 601 781 est,
621 744 697 785 quia
712 746 833 775 Auctor
848 744 907 774 sub
920 743 1139 775 disiunctionis
1155 749 1230 773 nota
1246 742 1321 773 dicit
1336 743 1424 783 quod

365 791 484 822 malum
508 790 600 820 habet
628 798 758 820 causam
782 788 994 829 deficientem,
1019 788 1069 819 vel
1091 793 1238 829 agentem
1256 796 1320 827 per
1341 788 1423 817 acci-

363 835 457 872 dens,
481 844 522 864 an
545 834 630 864 idem
653 832 806 872 intelligat
827 842 883 872 per
905 839 1091 872 utrumque,
1117 842 1156 862 an
1181 831 1311 861 diversa.
1335 830 1376 860 Et
1400 830 1424 859 si

363 879 459 914 idem,
475 877 642 919 quomodo
659 874 820 917 explanat?
843 876 884 906 Et
899 876 1050 912 similiter,
1067 876 1093 906 si
1110 876 1239 911 diversa,
1256 874 1423 915 quomodo

363 919 583 962 prosequitur?
605 922 679 952 Non
703 921 788 951 enim
810 920 920 960 liquet.

422 966 459 996 11.
484 966 534 996 Ad
557 965 618 996 hoc
641 965 754 995 dicitur
777 964 865 1005 quod
881 966 1002 994 Auctor
1021 962 1180 993 concludit
1195 962 1284 992 illam
1307 961 1424 992 disiun-

365 1010 502 1041 ctionem
520 1010 695 1040 secundum
707 1008 869 1039 veritatem
885 1006 1113 1037 disiunctionis.
1131 1006 1172 1037 Et
1186 1006 1320 1037 intendit
1335 1005 1424 1046 quod

365 1061 541 1095 propterea,
556 1064 629 1084 curn
642 1063 734 1084 causa
750 1051 878 1092 propria
894 1051 967 1081 mali
983 1051 1168 1090 assignatur,
1181 1056 1236 1080 aut
1251 1050 1425 1090 assignatur

365 1108 458 1129 causa
477 1097 633 1133 deficiens,
659 1104 712 1127 aut
735 1096 910 1135 assignatur
933 1105 1027 1125 causa
1048 1104 1104 1134 per
1122 1094 1275 1125 accidens.
1298 1094 1339 1125 Et
1362 1093 1424 1124 hoc

366 1142 441 1183 quia
464 1152 591 1172 causam
616 1140 803 1171 efficientem
826 1149 882 1179 per
905 1149 937 1169 se
960 1139 1073 1168 habere
1089 1148 1155 1168 non
1171 1145 1285 1178 potest.
1308 1137 1422 1168 Positi-

363 1197 437 1216 vam
452 1186 537 1216 enim
552 1186 666 1215 habere
681 1194 747 1214 non
763 1190 867 1224 potest
883 1182 1025 1222 negatio:
1050 1182 1192 1222 negativa
1207 1188 1324 1218 autem,
1341 1191 1423 1222 quae

365 1240 421 1271 per
443 1240 476 1260 se
500 1236 546 1260 est
568 1239 661 1260 causa
688 1227 879 1268 negationis,
905 1236 971 1256 non
994 1226 1110 1257 sufficit
1133 1226 1173 1256 ad
1196 1225 1406 1266 privationem
1414 1234 1422 1262 ;

365 1274 440 1315 quia
456 1280 581 1314 oportet
599 1273 738 1313 aliquam
755 1281 883 1302 causam
900 1270 994 1300 aliam
1009 1281 1027 1301 a
1041 1270 1209 1310 negatione
1225 1279 1342 1310 ponere
1364 1270 1423 1300 im-

364 1318 544 1358 pedientem
560 1316 746 1357 oppositum
761 1315 914 1351 habitum,
932 1313 1036 1345 urfiat
1051 1314 1196 1355 privatio.
1210 1314 1332 1344 Verum
1348 1313 1423 1354 quia

365 1372 459 1392 causa
482 1360 628 1392 deficiens
653 1367 683 1391 et
706 1369 799 1391 causa
821 1369 877 1399 per
900 1358 1042 1389 accidens
1066 1365 1140 1389 sunt
1168 1358 1254 1388 idem
1281 1357 1422 1388 subiecto

366 1413 396 1436 et
418 1405 580 1436 distinctae
603 1404 786 1440 formaliter,
810 1403 843 1433 in
862 1413 930 1434 uno
945 1411 1057 1439 sensu;
1082 1409 1112 1433 et
1129 1408 1202 1432 sunt
1219 1401 1305 1432 idem
1321 1401 1422 1432 subie-

365 1456 416 1481 cto
440 1457 470 1480 et
493 1449 676 1485 formaliter,
699 1448 733 1478 in
755 1447 818 1478 alio
842 1455 952 1478 sensu:
977 1446 1049 1477 ideo
1068 1449 1190 1477 Auctor
1205 1445 1300 1477 simul
1316 1456 1424 1486 prose-

364 1494 481 1535 quitur,
506 1500 536 1524 et
558 1493 668 1524 omnia
690 1491 875 1533 explanavit.

422 1538 474 1568 Ad
497 1537 586 1568 cuius
610 1537 808 1572 evidentiam,
833 1535 969 1566 recolere
993 1541 1119 1575 oportet
1142 1535 1230 1575 quod
1255 1544 1348 1565 causa
1369 1544 1424 1575 per

366 1582 509 1612 accidens
526 1581 691 1622 dupliciter
705 1580 826 1616 dicitur,
848 1579 965 1610 scilicet
987 1579 1145 1610 accidente
1161 1578 1194 1608 in
1210 1588 1313 1615 causa,
1330 1585 1360 1609 et
1375 1588 1423 1609 ac-

366 1626 487 1656 cidente
509 1625 543 1656 in
567 1624 696 1656 effectu:
724 1631 754 1655 et
777 1624 865 1664 quod
893 1630 1025 1663 uterque
1053 1623 1168 1653 modus
1196 1622 1229 1652 in
1257 1622 1423 1663 proposito

364 1670 532 1700 invenitur.
563 1670 714 1700 Voluntas
738 1677 875 1708 namque
897 1677 1012 1698 carens
1026 1667 1198 1698 directione
1214 1667 1306 1708 legis,
1323 1667 1423 1697 inten-

364 1715 504 1754 densque
526 1712 655 1754 aliquod
678 1713 792 1743 bonum
817 1711 1056 1749 commutabile,
1080 1716 1192 1742 causat
1220 1716 1326 1742 actum
1347 1720 1423 1751 pec-

365 1759 428 1788 cati
437 1767 501 1798 per
514 1767 558 1795 se,
577 1762 606 1787 et
625 1757 889 1787 inordinationem
903 1765 967 1796 per
989 1755 1146 1793 accidens,
1171 1756 1216 1785 ita
1238 1755 1323 1796 quod
1337 1754 1423 1795 dese-

365 1807 434 1832 ctus
456 1802 577 1832 ordinis
598 1802 629 1831 in
653 1805 726 1831 actu
743 1805 789 1830 est
805 1810 846 1830 ex
861 1799 987 1840 defectu
1004 1800 1186 1830 directionis
1202 1800 1233 1829 in
1251 1799 1422 1836 voluntate,

365 1853 401 1877 ut
415 1846 448 1876 in
464 1846 565 1876 littera
581 1844 703 1875 dicitur.
725 1844 787 1875 Ubi
801 1844 896 1874 habes
909 1843 1024 1884 prime,
1040 1843 1130 1884 quod
1144 1843 1302 1880 voluntas,
1319 1852 1375 1883 per
1391 1853 1423 1873 se

366 1901 458 1921 causa
473 1896 570 1925 actus,
587 1895 634 1919 est
648 1898 740 1919 causa
755 1898 811 1928 per
822 1888 964 1918 accidens
979 1897 1015 1918 ex
1029 1893 1116 1927 parte
1131 1886 1267 1923 effectus,
1281 1894 1423 1927 respectu

363 1933 620 1969 inordinationis,
646 1933 724 1963 dum
748 1939 855 1963 causat
878 1940 984 1963 actum
1008 1931 1058 1962 cui
1083 1931 1286 1971 coniungitur
1307 1930 1424 1961 inordi-

365 1979 462 2010 natio.
490 1978 597 2009 Habes
619 1977 769 2013 secundo,
794 1977 883 2018 quod
905 1976 1062 2012 voluntas,
1083 1975 1242 2006 causando
1265 1982 1372 2006 actum
1395 1982 1426 2006 et

1319 2071 1372 2078 w-

1478 709 1543 729 non
1568 699 1672 729 dando
1696 699 1725 730 ei
1748 700 1892 730 ordinem
1915 700 1961 730 illi
1984 700 2135 737 debitum,
2153 707 2199 731 est
2213 710 2306 730 causa
2329 699 2476 731 deficiens
2490 710 2536 733 re-

1478 749 1587 782 spectu
1617 742 1878 774 inordinationis:
1910 742 2013 775 deficit
2040 744 2125 774 enim
2148 754 2165 775 a
2189 745 2294 774 dando
2322 744 2368 774 illi
2395 744 2536 776 debitum

1479 786 1633 822 ordinem,
1651 796 1726 816 cum
1741 793 1884 817 teneatur
1897 787 1936 817 ad
1951 787 2022 818 hoc.
2047 788 2153 818 Habes
2169 788 2262 819 tertio
2277 788 2376 828 quod,
2392 787 2468 829 quia
2484 788 2537 819 de-

1478 829 1578 860 fectus
1601 830 1780 861 directionis
1803 830 1836 860 in
1858 831 2021 862 voluntate
2045 838 2091 862 est
2106 842 2200 863 causa
2214 832 2354 862 defectus
2370 831 2488 862 ordinis
2502 832 2536 863 in

1479 881 1563 910 actu;
1580 880 1610 904 et
1622 884 1688 904 non
1703 883 1759 913 per
1774 884 1816 910 se,
1830 881 1866 904 ut
1881 874 2002 906 dictum
2016 882 2072 912 est,
2089 876 2148 906 nisi
2163 876 2197 906 in
2212 876 2333 907 ratione
2345 875 2535 916 negationis:

1479 927 1553 958 ergo
1574 928 1630 958 per
1648 918 1791 948 accidens
1811 927 1848 948 ex
1870 925 1957 958 parte
1982 929 2103 956 causae,
2119 920 2194 961 quia
2209 926 2255 950 est
2270 920 2458 951 coniunctus
2479 929 2535 950 vo-

1478 961 1601 999 luntati.
1620 961 1768 992 Defectus
1782 961 1878 1001 igitur
1891 961 1924 992 in
1936 962 2108 1000 voluntate,
2121 964 2205 994 unde
2221 964 2368 995 voluntas
2381 970 2427 995 est
2443 973 2535 994 causa

1479 1004 1635 1042 deficiens,
1649 1012 1695 1036 est
1708 1005 1794 1035 idem
1810 1005 1951 1036 subiecto
1968 1013 1998 1036 et
2013 1006 2185 1038 formaliter
2200 1018 2311 1039 causae
2325 1018 2381 1048 per
2393 1008 2535 1038 accidens

1479 1059 1516 1079 ex
1533 1056 1620 1090 parte
1637 1058 1762 1080 causae:
1780 1049 1855 1090 quia
1870 1056 1917 1080 est
1930 1049 2073 1089 ipsamet.
2093 1051 2134 1082 Et
2149 1058 2195 1082 est
2209 1048 2294 1082 idein
2309 1052 2450 1083 subiecto
2467 1059 2535 1082 tan-

1477 1099 1548 1124 tum
1571 1103 1683 1124 causae
1706 1103 1761 1133 per
1776 1093 1919 1124 accidens
1935 1103 1972 1123 ex
1987 1100 2074 1133 parte
2090 1094 2216 1126 effectus
2233 1102 2372 1126 tantum:
2398 1095 2472 1137 quia
2488 1103 2536 1126 est

1477 1137 1563 1167 idem
1578 1137 1719 1168 subiecto
1735 1137 1903 1175 voluntati,
1927 1143 1958 1167 et
1973 1138 2026 1168 dat
2039 1137 2195 1169 voluntati
2217 1149 2284 1170 esse
2308 1149 2436 1170 causam
2459 1139 2535 1170 defi-

1478 1181 1622 1218 cientem,
1640 1191 1705 1211 non
1722 1181 1827 1212 dando
1842 1181 2066 1218 causalitatem,
2081 1182 2135 1212 sed
2150 1181 2367 1214 deficientiam.
2387 1184 2474 1214 Haec
2490 1190 2536 1214 est

1478 1225 1619 1256 doctrina
1642 1226 1798 1261 Auctoris,
1816 1232 1846 1256 et
1860 1235 1942 1261 vera,
1959 1232 1990 1256 et
2005 1225 2201 1257 manifestata
2219 1227 2252 1256 in
2267 1227 2367 1258 littera
2391 1227 2534 1258 breviter.

1532 1270 1584 1300 111.
1602 1270 1662 1300 Sed
1679 1276 1788 1300 contra
1803 1279 1872 1299 earn
1887 1268 2058 1300 afferuntur
2074 1270 2174 1301 multa
2188 1280 2207 1300 a
2221 1270 2328 1308 Sento,
2342 1271 2377 1308 in
2391 1271 2418 1303 11
2434 1271 2534 1310 Sent„

1478 1312 1547 1344 dist.
1563 1323 1663 1344 xxxtv.
1688 1313 1808 1344 Verum
1831 1313 1909 1353 quia,
1928 1313 1995 1354 ipse
2018 1313 2051 1344 in
2074 1324 2140 1344 uno
2157 1321 2280 1345 tanturn
2296 1315 2536 1357 quoadrptopo-

1478 1356 1574 1388 situm
1598 1358 1774 1389 discordare
1796 1357 1929 1393 videtur,
1953 1357 2036 1394 ideo,
2054 1357 2162 1389 ceteris
2181 1358 2316 1395 omissis,
2335 1357 2430 1391 affero
2445 1358 2535 1391 illud.

1477 1402 1551 1432 Non
1574 1402 1642 1432 vult
1664 1401 1731 1442 ipse
1754 1401 1843 1442 quod
1866 1401 2006 1432 defectus
2028 1401 2061 1432 in
2083 1402 2248 1434 voluntate
2271 1402 2310 1433 sit
2332 1406 2425 1435 causa
2438 1401 2458 1423 ⁰
2480 1413 2537 1445 per

1478 1446 1631 1482 accidens,
1655 1445 1901 1476 accidentalitate
1924 1455 1962 1476 ex
1984 1452 2071 1486 parte
2095 1456 2221 1483 causae,
2245 1446 2415 1478 inordinati
2438 1452 2536 1483 actua.

1478 1489 1660 1530 accipiendo
1688 1489 1846 1520 defectum
1873 1489 2018 1530 proprie,
2042 1490 2085 1521 ita
2107 1491 2196 1531 quod
2224 1501 2262 1522 ex
2282 1490 2354 1531 ipso
2377 1497 2408 1522 et
2430 1498 2539 1523 nostra

1477 1534 1640 1564 voluntate
1656 1533 1710 1564 fiat
1733 1543 1836 1564 unum
1858 1543 1914 1574 per
1935 1533 2089 1571 accidens,
2114 1534 2195 1565 sicut
2217 1545 2255 1566 ex
2276 1535 2408 1566 homine
2424 1542 2455 1567 et
2470 1546 2539 1568 non

1478 1578 1561 1609 albo.
1579 1579 1619 1608 Et
1635 1588 1732 1608 unam
1748 1584 1873 1608 tantum
1888 1577 2043 1609 rationem
2059 1578 2199 1610 adducit:
2216 1579 2293 1620 quia
2307 1586 2378 1611 ante
2394 1580 2538 1620 primum

1479 1622 1637 1653 defectum
1659 1621 1839 1657 voluntatis,
1865 1628 1944 1659 esset
1968 1621 2116 1653 defectus.

1533 1666 1595 1697 Sed
1618 1666 1679 1696 hoc
1699 1665 1852 1708 ssfacillime
1880 1665 2012 1697 solvitur
2038 1666 2185 1706 negando
2217 1667 2392 1708 sequelam,
2416 1668 2537 1700 utendo

1478 1710 1619 1741 terminis
1643 1717 1679 1740 ut
1701 1709 1887 1749 significant.
1912 1709 1996 1746 Quia
2019 1716 2066 1740 est
2088 1716 2186 1741 status
2207 1709 2240 1741 in
2264 1710 2388 1742 defectu
2411 1712 2539 1752 regulae

1479 1754 1696 1795 praeveniente
1712 1754 1888 1784 secundum
1911 1764 1944 1784 se
1967 1753 2123 1785 rationem
2136 1754 2212 1785 mali
2222 1761 2293 1792 ¹tam
2309 1755 2420 1796 culpae
2438 1764 2537 1797 quam

1479 1809 1617 1839 poenae,
1642 1805 1678 1828 ut
1700 1798 1732 1828 in
1756 1797 1962 1838 responsione
1985 1798 2025 1828 ad
2047 1798 2175 1829 tertium
2197 1798 2231 1828 in
2253 1799 2355 1830 littera
2377 1799 2501 1833 dicitur.
2515 1816 2538 1824 -

1478 1843 1606 1874 Utendo
1629 1849 1736 1873 autern
1752 1842 1893 1872 terminis
1909 1842 1949 1886 ad
1965 1842 2087 1873 bonum
2103 1852 2242 1879 sensum,
2261 1843 2350 1880 idest,
2373 1844 2456 1875 Ante
2465 1845 2537 1884 pri-

1479 1897 1566 1917 mum
1582 1884 1738 1927 defectum
1755 1888 1786 1916 in
1803 1891 1876 1916 actu
1886 1887 2023 1926 peccati,
2040 1892 2121 1917 esset
2135 1886 2296 1928 desectus:
2309 1893 2395 1927 patet
2409 1897 2542 1929 respon-

1479 1931 1543 1967 sio,
1569 1930 1657 1971 quod
1682 1940 1747 1961 non
1777 1929 1959 1961 inconvenit
1982 1937 2054 1961 ante
2077 1930 2172 1961 talem
2195 1930 2335 1971 primum
2359 1931 2537 1968 defectum,

1479 1975 1545 2005 dari
1569 1974 1726 2005 defectum
1750 1975 1868 2015 absque
1891 1974 2013 2005 ratione
2035 1974 2111 2005 mali
2134 1974 2246 2014 culpae
2268 1982 2299 2007 et
2316 1985 2450 2015 poenae.
2500 1975 2501 1978 ’

1134 2145 1449 2188 ARTICULUS
1478 2144 1775 2187 SECUNDUS

899 2238 1055 2269 UTRUM
1078 2237 1316 2270 PECCATUM
1339 2238 1515 2269 HABEAT
1539 2237 1714 2268 cAusAM
1738 2237 2008 2268 INTERloREM

574 2339 596 2364 n
611 2338 800 2364 SECUNDUM
816 2338 869 2363 SIC
884 2338 1123 2364 PROCEDtTUR.
1144 2327 1304 2365 Videtur
1317 2326 1423 2376 quod

501 2409 511 2429 χ
543 2421 547 2428 Α
574 2377 774 2429 peccatum
803 2392 881 2416 non
914 2380 1052 2416 habeat
1085 2392 1240 2417 causam
1272 2379 1423 2416 interio-

381 2435 501 2490 {5³73
547 2445 669 2470 rem.
691 2432 733 2469 Id
749 2431 849 2469 enim
865 2433 969 2481 quod
990 2440 1044 2469 est
1063 2432 1215 2469 interius
1231 2432 1341 2470 alicui
1356 2432 1421 2479 rei,

420 2460 517 2518 ᾧ)
532 2477 727 2534 &semper
746 2485 852 2522 adest
873 2485 918 2523 ei.
949 2485 989 2523 Si
1008 2485 1118 2533 igitur
1136 2493 1337 2534 peccatum
1356 2487 1423 2523 ha-

364 2539 452 2575 beat
480 2550 633 2576 causam
662 2537 892 2585 interiorem,
913 2551 1065 2588 semper
1089 2539 1209 2576 homo
1229 2546 1422 2588 peccaret:

365 2603 465 2638 cum,
494 2592 615 2639 posita
644 2603 768 2638 causa,
797 2599 961 2640 ponatur
989 2591 1156 2629 effectus.

397 2342 458 2365 Ἐκ)
478 2345 534 2372 Urs&

418 2656 453 2681 2.
483 2645 720 2691 Pam-raam,
749 2643 852 2681 idern
880 2656 959 2681 non
988 2652 1043 2681 est
1072 2657 1185 2682 causa
1209 2645 1266 2682 sui
1294 2644 1422 2693 ipsius.

365 2696 442 2734 Sed
456 2697 651 2734 interiores
665 2704 792 2734 motus
806 2697 971 2735 hominis
987 2705 1073 2734 sunt
1087 2705 1299 2746 peccatum.
1321 2698 1423 2746 Ergo

363 2762 442 2788 non
470 2758 556 2787 sunt
584 2762 698 2788 causa
724 2750 879 2799 peccati.

419 2803 453 2840 3.
473 2803 706 2850 PRAETEREA,
727 2802 911 2852 quidquid
936 2810 991 2840 est
1010 2803 1105 2840 intra
1131 2803 1343 2850 hominem,
1359 2809 1424 2840 aut

366 2863 420 2893 est
447 2856 632 2904 naturale,
663 2863 727 2892 aut
753 2855 1023 2893 voluntarium.
1059 2856 1135 2893 Sed
1163 2856 1201 2893 id
1230 2855 1337 2904 quod
1370 2863 1425 2893 est

364 2909 544 2956 naturale,
565 2921 644 2946 non
658 2916 784 2958 potest
803 2921 883 2945 esse
903 2908 1047 2958 peccati
1069 2921 1202 2946 causa:
1230 2909 1320 2959 quia
1337 2921 1424 2958 pec-

366 2969 491 2999 catum
511 2969 566 2999 est
584 2967 715 2999 contra
735 2967 923 3007 naturam,
944 2969 985 2998 ut
1004 2961 1092 2998 dicit
1109 2963 1373 2998 Damaseenus
1391 2961 1422 2998 ³¹³.

366 3014 482 3061 Quod
510 3022 638 3052 autem
667 3022 723 3052 est
749 3014 1018 3062 voluntarium,
1039 3014 1070 3051 si
1089 3014 1134 3051 sit
1153 3014 1422 3062 inordinatum,

364 3067 441 3104 iam
471 3075 525 3104 est
552 3075 764 3116 peccatum.
794 3068 886 3105 Non
910 3079 998 3115 ergo
1019 3067 1160 3116 aliquid
1179 3067 1424 3104 intrinsecum

365 3127 488 3168 potest
517 3133 598 3158 esse
628 3133 742 3158 causa
769 3120 879 3170 primi
906 3120 1063 3169 peccati.

421 3173 494 3209 SED
524 3185 668 3210 CONTRA
695 3185 761 3210 EST
780 3173 883 3222 quod
902 3173 1135 3221 Augustinus
1155 3172 1249 3210 dicit·
1259 3173 1288 3219 *,
1319 3172 1424 3222 quod

366 3225 537 3262 voluntas
564 3232 617 3263 est
642 3238 757 3264 causa
779 3226 936 3275 peccati.

422 3277 643 3315 RESPONDEO
672 3291 856 3316 DICENDUM
877 3279 992 3328 quod,
1014 3279 1110 3316 sicut
1137 3278 1213 3315 iam
1232 3277 1252 3300 ’¹‘
1281 3278 1423 3316 dictum

370 3336 444 3376 est,
472 3342 541 3378 per
568 3343 607 3366 se
637 3344 789 3368 causam
825 3332 969 3381 peccati
1002 3338 1152 3381 oportet
1179 3331 1350 3380 accipere
1380 3342 1425 3367 ex

368 3389 473 3431 parte
501 3381 617 3430 ipsius
652 3392 767 3420 actus.
797 3386 914 3422 Actus
949 3393 1078 3422 autem
1111 3384 1270 3422 humani
1301 3390 1426 3433 potest

422 3508 449 3541 α)
469 3516 556 3541 quam.
574 3522 594 3528 -
612 3509 682 3541 quod
700 3510 730 3539 K,
750 3517 817 3541 quae
836 3511 921 3535 ceteri.

1476 2325 1595 2374 accipi
1611 2338 1725 2365 causa
1744 2326 1900 2363 interior
1919 2333 1955 2364 et
1970 2326 2148 2373 mediata,
2163 2334 2200 2364 et
2213 2326 2444 2364 immediata.
2465 2328 2538 2364 Im-

1476 2379 1644 2416 mediata
1663 2379 1818 2427 quidem
1847 2391 1961 2416 causa
1987 2379 2145 2417 humani
2173 2387 2277 2417 actus
2306 2387 2362 2417 est
2387 2379 2482 2417 ratio
2502 2386 2540 2417 et

1475 2432 1665 2479 voluntas,
1695 2432 1907 2469 secundum
1936 2444 2052 2481 quam
2074 2438 2091 2455 α
2116 2433 2236 2471 homo
2258 2440 2313 2470 est
2330 2432 2424 2470 liber
2441 2432 2540 2470 arbi-s

1476 2485 1559 2522 trio.
1590 2485 1717 2535 Causa
1745 2493 1872 2521 autem
1902 2493 2048 2523 remota
2078 2493 2133 2522 est
2151 2485 2402 2535 apprehensio
2422 2485 2537 2523 sensi-

1477 2538 1575 2574 tivae
1605 2537 1736 2586 partis,
1773 2545 1808 2574 et
1836 2537 1949 2574 etiam
1977 2537 2163 2587 appetitus
2191 2537 2409 2575 sensitivus:
2442 2537 2539 2575 siout

1478 2591 1578 2628 enirn
1599 2603 1644 2627 ex
1663 2590 1802 2627 iudicio
1822 2590 1978 2628 rationis
1995 2591 2173 2628 voluntas
2200 2598 2379 2628 movetur
2405 2590 2455 2628 ad
2473 2590 2537 2628 ali·

1478 2643 1569 2692 quid
1588 2643 1800 2680 secundum
1825 2644 2021 2690 rationem,
2049 2643 2100 2680 ita
2127 2643 2242 2681 etiam
2262 2655 2307 2680 ex
2326 2644 2537 2692 apprehen·

1478 2697 1584 2733 sione
1613 2708 1745 2734 sensus
1774 2696 1960 2745 appetitus
1983 2696 2183 2733 sensitivus
2201 2696 2240 2733 in
2264 2696 2406 2744 aliquid
2433 2695 2537 2735 incli-

1477 2757 1599 2786 natur.
1634 2749 1742 2796 Quae
1779 2749 1935 2799 quidem
1972 2748 2163 2786 inclinatio
2200 2749 2390 2787 interdum
2427 2748 2539 2787 trahit

1476 2803 1713 2839 voluntatem
1734 2809 1771 2839 et
1799 2802 1996 2849 rationem,
2017 2802 2112 2839 sicut
2130 2801 2226 2839 infra
2245 2801 2264 2824 ²³⁶
2291 2801 2444 2851 patebit.
2474 2801 2539 2840 Sic

1477 2855 1587 2904 igitur
1614 2855 1754 2903 duplex
1788 2867 1903 2892 causa
1933 2854 2078 2903 peccati
2109 2854 2264 2892 interior
2291 2862 2416 2904 potest
2447 2855 2537 2892 assi-

1477 2907 1602 2956 gnari:
1630 2920 1707 2945 una
1733 2907 1919 2956 proxima,
1949 2920 1995 2944 ex
2021 2915 2128 2956 parte
2157 2907 2311 2945 rationis
2339 2915 2376 2945 et
2401 2908 2538 2946 volun-

1476 2960 1578 3006 tatis;
1608 2960 1679 2998 alia
1697 2972 1791 2997 vero
1811 2968 1970 3008 remota,
1991 2973 2036 2997 ex
2054 2968 2160 3009 parte
2180 2960 2457 3008 imaginationis
2473 2960 2538 2998 vel

1478 3013 1666 3063 appetitus
1694 3013 1871 3050 sensitivi.

1532 3066 1609 3103 Sed
1638 3065 1726 3115 quia
1754 3078 1868 3114 supra
1886 3065 1906 3087 ’¹‘
1934 3065 2075 3103 dictum
2106 3074 2162 3103 est
2188 3065 2294 3115 quod
2318 3078 2432 3104 causa
2448 3077 2537 3115 pec·

1479 3118 1549 3156 cati
1577 3125 1632 3155 est
1660 3118 1812 3167 aliquod
1841 3119 1986 3156 bonum
2016 3131 2204 3168 apparens
2232 3118 2422 3157 motivum
2450 3129 2538 3156 cum

1478 3172 1628 3208 defectu
1657 3171 1771 3208 debiti
1799 3171 1945 3219 motivi,
1975 3171 2113 3209 scilicet
2136 3172 2287 3220 regulae
2305 3170 2456 3210 rationis
2474 3171 2537 3209 vel

1477 3224 1567 3273 legis
1594 3223 1765 3270 divinae3
1790 3224 1915 3273 ipsum
1934 3225 2124 3262 motivum
2143 3223 2257 3274 fquod
2277 3232 2332 3262 est
2349 3234 2536 3272 apparens

1478 3278 1645 3324 bonum,
1674 3276 1835 3326 pertinet
1871 3277 1921 3314 ad
1955 3277 2298 3327 apprehensionem
2335 3287 2467 3314 sensus
2501 3283 2537 3312 et

1478 3331 1699 3379 appetitum.
1731 3331 1817 3379 Ipsa
1845 3338 1973 3368 autem
2006 3330 2176 3368 absentia
2209 3329 2356 3367 debitae
2384 3328 2535 3376 regulae

1477 3383 1637 3432 pertinet
1670 3383 1718 3420 ad
1747 3383 1955 3430 rationem,
1984 3395 2082 3432 quae
2115 3390 2202 3420 nata
2235 3389 2290 3418 est
2316 3380 2536 3418 huiusmodi

2835 146 2840 260 i

2562 1406 2574 1418 ⁴¹
2593 1407 2775 1429 &acueret

2563 1432 2668 1462 0⁴¹·1514-

2564 2811 2574 2858 1
2580 2809 2629 2838 Qu.
2637 2814 2722 2838 mm,
2733 2812 2778 2832 art.

2563 3074 2574 3084 ·
2587 3073 2639 3096 Art.
2656 3071 2762 3101 praeced.
