2840 4010
54 316 62 323 ·
78 313 155 338 Ioan.,
171 318 223 340 cap.

55 345 114 361 vers.
130 345 158 366 ¹7·

52 414 60 422 ·
70 412 150 434 Matth.
161 417 211 439 cap.
222 416 263 437 ιιι,

54 445 112 460 vers.
129 444 146 459 ιι
163 443 198 465 sq.

57 519 64 526 ·
83 517 154 543 thid„
175 522 234 538 vers.
253 522 265 543 3

55 550 106 572 sqq.

15 1482 18 1485 '
53 1486 66 1498 ·
79 1484 146 1508 Ven-
159 1490 195 1512 ²7·

52 1642 268 1723 &w

141 1670 270 1726 ‚nu-if

53 1729 149 1774 θεὲ.
161 1755 197 1779 ῃ.

74 1970 78 1974 .
113 1955 127 1972 ι’»
162 1969 167 1974 .
184 1954 212 1974 Ἰιί

62 1982 116 2001 -vss
126 1981 175 2002 ek.)
196 1991 202 1999 ι

126 2008 136 2019 ¹
192 2012 202 2026 ι’.

51 2299 64 2309 ⁸
78 2298 148 2322 Vm.
161 2298 194 2322 ιδ.

0 2366 16 2388 ”
52 2389 172 2445 ἓῖιιῶιιιιι.
186 2389 220 2412 vt
240 2389 265 2411 tn

53 2759 158 2781 ‘Art-¹.

52 2899 68 2931 ’ἢ
77 2917 144 2940 νεη.
158 2917 194 2941 28.

965 119 1231 165 QUAESTIO
1260 119 1379 166 CVII,
1409 119 1704 157 ARTICULUS
1735 120 1784 156 Ill

292 205 388 246 tem,
418 197 610 245 sicutipse
640 197 845 244 Magister‘
875 197 912 233 in
941 198 1150 245 Evangelio
1172 197 1349 233 ostendit:

292 258 372 286 tum
392 249 480 297 quia
500 250 729 298 operabatur
744 250 925 286 miracula
940 250 1075 286 virtute
1092 250 1231 296 divina,
1252 261 1350 296 quae

237 318 263 338 ν,
293 314 444 351 semper
473 310 651 350 operatur
670 302 707 339 in
728 304 841 340 rebus
862 304 898 348 *3
918 310 1000 338 tum
1029 303 1117 351 quia
1136 301 1264 338 salutis
1282 302 1352 337 hu-

292 366 429 391 manae
450 367 567 403 opera
596 355 767 402 faciebat,
790 367 877 392 cum
897 354 1089 391 Pharisaei
1109 353 1221 390 etiam
1243 353 1350 389 saluti

293 407 514 444 animalium
535 408 572 444 in
593 408 652 445 die
673 408 818 445 sabbati
840 407 1087 456 providerent
1100 406 1139 450 *ς
1161 413 1242 442 tum
1262 405 1352 452 quia

293 459 407 496 etiam
437 460 580 497 ratione
609 460 839 498 necessitatis
869 459 1073 506 discipulos
1102 457 1295 494 excusavit
1315 457 1352 494 in

293 513 452 550 sabbato
472 513 594 562 spicas
614 513 829 561 colligentes
839 511 870 548 ²⁸.
891 511 970 547 Sed
983 510 1184 547 videbatur
1203 511 1352 546 solvere

293 566 504 603 secundum
533 566 837 614 superstitiosum
872 563 1101 599 intellectum
1129 562 1354 599 Pharisaeo-

293 630 392 665 rum,
422 618 486 667 qui
515 618 720 655 credebant
746 617 860 654 etiam
889 627 912 651 a
940 615 1152 652 salubribus
1172 615 1352 664 operibus

294 683 376 708 esse
395 669 434 709 in
453 670 514 708 die
533 670 680 708 sabbati
699 667 984 707 abstinendum:
1001 669 1106 716 quod
1127 676 1207 705 erat
1222 674 1352 705 contra

293 723 540 761 intentionem
569 722 672 770 legis.

345 778 406 815 AD
425 787 598 818 QUARTUM
613 786 796 812 chENDtJM
812 775 917 822 quod
937 773 1228 810 caeremonialia
1245 784 1354 821 prae-

2391 121 2460 156 281

1406 206 1514 246 cepta
1542 198 1632 246 legis
1661 211 1739 235 non
1773 207 2124 236 commemorantur
2153 200 2284 236 Matth.
2310 212 2349 245 v,
2380 200 2467 248 quia

1406 262 1540 287 eorum
1562 251 1805 288 observantia
1833 251 1994 288 totaliter
2018 253 2226 288 excluditur
2244 264 2312 300 per
2336 253 2467 301 imple-

1406 302 1566 349 tionem,
1596 312 1637 340 ut
1666 303 1806 340 dictum
1836 312 1891 340 est
1913 304 1944 341 ²⁸.
1970 326 1993 332 -
2023 306 2081 341 De
2111 305 2346 341 iudicialibus
2374 317 2466 342 vero
2495 318 2503 326 ·
2532 323 2595 338 ures
2641 324 2653 339 a

1406 356 1616 403 praeceptis
1637 357 1956 394 commemoravit
1975 366 2220 406 praeceptum
2240 357 2406 394 talionis:
2427 367 2468 395 ut

1407 408 1511 453 quod
1533 409 1578 444 de
1599 409 1673 444 hoc
1694 408 1891 455 diceretur,
1914 409 1961 446 de
1986 410 2165 447 omnibus
2190 411 2268 447 aliis
2293 418 2390 447 esset
2413 411 2467 447 in-

1407 459 1663 516 telligendum.
1682 462 1723 497 ln
1739 474 1816 509 quo
1837 462 1991 510 quidem
2008 470 2212 512 praecepto
2233 463 2362 500 docuit
2376 464 2466 511 legis

1408 512 1654 549 mtentionem
1684 525 1762 550 non
1786 526 1867 550 esse
1888 515 1935 551 ad
1956 516 2030 551 hoc
2049 517 2154 564 quod
2174 528 2300 564 poena
2318 516 2467 553 talionis

1409 573 1652 610 quaereretur
1679 574 1833 615 propter
1847 566 2007 604 livorem
2027 568 2229 615 vindictae,
2250 580 2366 616 quem
2386 569 2466 617 ipse

1409 617 1583 663 excludit,
1615 630 1776 655 monens
1804 619 1908 666 quod
1936 620 2056 657 homo
2082 621 2194 658 debet
2214 633 2295 658 esse
2314 629 2466 670 paratus

1410 669 1523 705 etiarn
1539 670 1703 707 maiores
1723 671 1876 707 iniurias
1896 673 2069 709 sufferre:
2087 674 2155 710 sed
2175 675 2297 710 solum
2314 681 2468 723 propter

1410 733 1583 758 amorem
1613 722 1783 760 iustitiae.
1806 723 1922 769 Quod
1952 725 2076 762 adhuc
2104 726 2142 762 in
2171 738 2272 763 nova
2300 727 2381 774 lege
2411 739 2467 763 re-

1410 782 1548 810 manet.

346 904 365 939 ι)
379 904 434 938 ipse
446 905 614 938 Magister.-
629 905 684 936 ipse
697 905 879 937 multipliciter
891 905 944 936 ΕΚ,
958 905 1068 938 ipsemet
1081 905 1110 937 F,
1125 905 1180 937 ipse
1193 903 1348 929 Matthaeus
1367 903 1405 934 Pl,
1425 904 1480 935 ipse
1499 904 1555 928 Mrt
1577 905 1605 934 B,
1625 905 1679 936 ipse
1697 905 1742 929 Mr
1756 906 1841 930 ceteri.

1055 1062 1058 1065 ’
1095 1066 1410 1109 ARTICULUS
1439 1066 1667 1109 TERTIUS

811 1169 967 1201 UTRUM
990 1169 1075 1200 LEX
1097 1166 1218 1224 NQVA
1241 1168 1284 1198 ιΝ
1308 1167 1420 1198 LEGE
1447 1168 1606 1198 VETEm
1632 1167 1947 1200 CONTINEATUR

313 1375 335 1415 ’,,
376 1387 433 1412 V<
456 1377 475 1411 6

305 1417 327 1444 ¹*
359 1419 391 1450 -”
409 1418 448 1457 31³
466 1416 618 1462 sistit:
646 1424 750 1462 unde
789 1425 924 1462 dicitur
949 1425 1014 1462 lex
1035 1425 1151 1473 fidei,
1179 1430 1221 1461 ut
1251 1430 1355 1472 patet

293 1480 459 1517 Rom.³111
476 1478 507 1515 *.
535 1477 613 1515 Sed
631 1479 751 1515 multa
770 1478 959 1516 credenda
977 1478 1175 1525 traduntur
1193 1477 1232 1514 in
1250 1488 1354 1514 nova

293 1533 381 1580 lege*
413 1542 512 1580 quae
545 1530 584 1567 in
615 1531 736 1567 veteri
768 1543 846 1568 non
880 1531 1130 1568 continentur.
1164 1528 1265 1578 Ergo
1295 1530 1354 1566 lex

293 1593 398 1635 nova
425 1595 504 1629 non
533 1583 746 1621 continetur
772 1584 810 1621 in
837 1584 968 1621 veteri.

328 1636 330 1638 ’
349 1649 384 1674 2.
406 1637 639 1684 ΡιιΑΕτΕιιΕΑ,
661 1637 852 1685 quaedam
881 1638 1006 1685 glossa
1024 1635 1044 1658 *
1059 1635 1158 1684 dicit,
1175 1636 1354 1682 Matth.v,

295 1702 410 1739 super
428 1689 518 1727 illud
538 1690 571 1736 ⁸,
590 1689 666 1731 Qui
689 1690 842 1727 solverit
863 1702 980 1726 unum
999 1689 1045 1726 de
1071 1689 1257 1726 mandatis
1275 1689 1351 1725 istis

294 1743 478 1789 minimis,
514 1742 621 1791 quod
657 1743 837 1780 mandata
873 1742 963 1791 legis
996 1749 1082 1780 sunt
1117 1741 1285 1788 minora,
1316 1741 1354 1778 in

295 1796 507 1844 Evangelio
525 1807 621 1832 vero
649 1803 736 1833 sunt
760 1796 939 1833 mandata
959 1794 1115 1832 maiora.
1145 1794 1270 1832 Maius
1289 1807 1356 1832 au-

294 1856 372 1886 tem
406 1861 485 1886 non
517 1855 643 1896 potest
679 1848 862 1886 contineri
895 1849 934 1886 in
971 1847 1120 1886 minori.
1158 1847 1261 1896 Ergo
1297 1848 1355 1884 lex

294 1911 399 1939 nova
426 1913 505 1938 non
534 1901 748 1939 continetur
775 1902 813 1939 in
841 1901 973 1939 veteri.

351 1956 385 1992 3.
405 1955 639 2002 PRAETEREA,
661 1955 766 2004 quod
786 1955 999 1992 continetur
1025 1953 1064 1990 in
1092 1954 1221 2001 altero,
1242 1953 1354 1990 simul

293 2008 455 2045 habetur
469 2008 598 2046 habito
618 2008 694 2044 illo.
716 2007 756 2045 Si
775 2007 885 2056 igitur
903 2008 962 2044 lex
981 2019 1084 2044 nova
1103 2006 1356 2044 contineretur

540 1383 587 1409 ex
615 1371 716 1409 enim
746 1384 849 1409 nova
876 1372 1079 1421 praecipue
1107 1371 1146 1408 in
1163 1371 1242 1408 fide
1263 1381 1353 1408 con-

199 2043 210 2078 s
262 2099 267 2105 ,
293 2061 332 2098 in
350 2059 482 2108 veteri,
504 2068 725 2111 sequeretur
747 2061 864 2110 quod,
889 2060 1017 2097 habita
1034 2059 1154 2098 veteri
1172 2059 1267 2108 lege,
1287 2060 1355 2096 ha-

293 2114 428 2151 beatur
447 2120 485 2150 et
502 2126 617 2152 nova.
648 2113 894 2163 Superfluurn
914 2113 1024 2161 igitur
1037 2113 1122 2161 fuit,
1140 2112 1269 2150 habita
1286 2125 1353 2149 ve-

293 2165 363 2203 teri
386 2167 479 2215 lege,
510 2167 647 2205 iterum
667 2166 748 2204 dari
767 2179 922 2203 novam.
953 2167 1045 2203 Non
1065 2177 1153 2214 ergo
1173 2177 1276 2202 nova
1295 2165 1354 2202 lex

294 2219 506 2257 continetur
534 2221 572 2258 in
601 2219 732 2257 veteri.
1343 2217 1347 2220 ”

347 2272 422 2310 SED
442 2283 589 2311 CONTRA
607 2285 674 2318 EST
702 2272 818 2322 quod,
840 2272 936 2309 sicut
953 2277 971 2293 ‘²
992 2270 1127 2309 dicitur
1145 2272 1282 2308 Ezech.
1296 2283 1305 2308 1
1321 2271 1352 2318 ²¹⁶,

293 2331 377 2363 rota
405 2331 490 2363 erat
513 2327 550 2364 in
580 2332 683 2371 rota,
713 2325 808 2363 idest
830 2326 986 2363 Novum
1014 2325 1287 2362 Testamentum
1316 2324 1353 2360 in

299 2379 431 2425 Veteri,
459 2386 502 2416 ut
530 2379 737 2427 Gregorius
767 2378 921 2428 exponit
938 2377 969 2414 ²⁸.

345 2432 574 2470 Responmzo
593 2443 778 2470 monimum
802 2431 908 2480 quod
927 2430 1068 2479 aliquid
1087 2430 1298 2468 continetur
1316 2430 1354 2467 in

292 2483 367 2536 alio
397 2485 604 2535 dupliciter.
624 2486 712 2523 Uno
733 2484 864 2532 modo,
885 2484 924 2521 in
943 2491 1050 2520 actu:
1075 2483 1171 2520 sicut
1188 2483 1354 2520 locatum

291 2537 331 2575 in
344 2538 444 2576 loco.
464 2538 551 2575 Alio
572 2538 703 2585 modo,
720 2538 870 2584 virtute,
887 2538 981 2574 sicut
1001 2536 1157 2573 effectus
1171 2536 1210 2573 in
1226 2546 1353 2584 causa,

291 2591 355 2628 vel
379 2592 706 2641 complementum
735 2591 773 2628 in
798 2590 1029 2639 incompleto
1050 2588 1083 2626 βε
1113 2589 1208 2626 sicut
1233 2601 1353 2637 genus

293 2644 462 2681 continet
480 2643 625 2693 species
646 2651 844 2693 potestate,
867 2651 902 2680 et
921 2643 1015 2680 sicut
1034 2649 1112 2679 tota
1132 2642 1245 2679 arbor
1264 2654 1355 2679 con-

293 2695 432 2733 tinetur
458 2696 496 2733 in
525 2697 683 2733 semine.
704 2697 754 2734 Et
775 2709 845 2745 per
864 2697 966 2733 hunc
985 2695 1147 2732 modum
1173 2707 1276 2732 nova
1294 2694 1354 2732 lex

293 2748 504 2786 continetur
518 2749 556 2786 in
570 2749 708 2786 veteri:
734 2749 876 2786 dictum
897 2756 952 2786 est
964 2748 985 2770 ’¹‘
1005 2748 1105 2786 enim
1125 2747 1231 2797 quod
1251 2759 1355 2785 nova

291 2802 352 2838 lex
381 2808 626 2851 comparatur
657 2802 706 2839 ad
732 2810 904 2839 veterem
934 2801 1030 2838 sicut
1060 2801 1270 2850 perfectum
1305 2801 1354 2838 ad

292 2853 568 2903 imperfectum.
586 2854 698 2892 Unde
719 2854 1029 2904 Chrysostomus,
1051 2865 1244 2903 exponens
1263 2854 1354 2891 illud

326 1284 354 1318 γ’),
503 1279 527 1304 n
546 1277 706 1304 TERTmM
734 1279 787 1304 stc
810 1277 1049 1304 PROCEDITUR.
1070 1266 1228 1303 Videtur
1246 1264 1351 1312 quod
1402 1266 1572 1314 primum
1600 1267 1777 1313 herbam,
1807 1267 1939 1304 deinde
1969 1268 2126 1316 spicam,
2156 1268 2287 1304 deinde
2312 1269 2468 1316 plenum

388 1327 411 1366 ,ζ
425 1308 476 1377 ιζ’54
504 1321 564 1358 lex
588 1331 690 1356 nova
709 1316 749 1356 in'
766 1320 848 1368 lege
866 1319 987 1357 veteri
1005 1331 1084 1356 non
1104 1318 1350 1356 contineatur.
1402 1320 1637 1366 frumentum
1657 1320 1694 1356 in
1713 1320 1827 1367 spica,
1849 1320 1902 1356 sic
1922 1319 2029 1357 dicit:
2058 1318 2188 1365 Primb
2207 1322 2362 1358 herbam
2378 1323 2469 1369 fru-

1407 1372 1554 1420 ctificat,
1570 1372 1607 1408 in
1628 1372 1711 1422 lege
1730 1378 1905 1417 naturae;
1922 1374 2162 1421 postmodum
2180 1374 2312 1421 spicas,
2329 1375 2366 1410 in
2387 1374 2470 1425 lege

1407 1425 1557 1473 Moysi;
1581 1431 1711 1473 postea
1733 1425 1889 1473 plenum
1904 1427 2161 1474 frumentum,
2182 1427 2219 1462 in
2243 1428 2466 1476 Evangelio.

1410 1478 1472 1514 Sic
1499 1477 1610 1525 igitur
1638 1486 1694 1514 est
1721 1479 1779 1515 lex
1808 1491 1911 1515 nova
1939 1478 1977 1515 in
2005 1479 2124 1515 veteri
2153 1479 2248 1515 sicut
2273 1480 2413 1516 fructus
2432 1481 2470 1517 in

1409 1530 1522 1579 spica.

1462 1585 1520 1620 An
1537 1595 1672 1620 PRIMUM
1687 1595 1786 1621 ERGO
1802 1595 1986 1621 DICENDUM
2002 1584 2107 1633 quod
2123 1585 2254 1621 omnia
2274 1597 2372 1633 quae
2394 1585 2470 1621 cre-

1411 1636 1535 1673 denda
1555 1636 1751 1673 traduntur
1774 1637 1813 1673 in
1833 1637 1950 1674 Novo
1971 1638 2221 1674 Testamento
2242 1637 2412 1686 explicite
2435 1646 2470 1674 et

1410 1696 1550 1738 aperte,
1571 1688 1768 1726 traduntur
1793 1690 1983 1727 credenda
2002 1690 2039 1726 in
2059 1690 2186 1727 Veteri
2206 1691 2468 1737 Testamento,

1410 1742 1476 1779 sed
1505 1741 1682 1791 implicite
1703 1743 1774 1779 sub
1794 1743 1927 1790 figura.
1949 1743 1998 1779 Et
2017 1744 2228 1780 secundum
2249 1744 2335 1790 hoc,
2356 1743 2470 1780 etiam

1411 1802 1596 1842 quantum
1630 1795 1678 1832 ad
1712 1795 1923 1842 credenda,
1958 1797 2016 1832 lex
2049 1808 2151 1833 nova
2188 1796 2400 1833 continetur
2433 1797 2471 1833 in

1409 1848 1540 1884 veteri.

1463 1903 1520 1937 AD
1551 1912 1740 1938 SECUNDUM
1769 1913 1952 1939 D1CEND1JM
1982 1901 2086 1950 quod
2113 1909 2316 1950 praecepta
2345 1913 2470 1938 novae

1410 1953 1500 2001 legis
1530 1954 1705 1990 dicuntur
1738 1966 1818 1990 esse
1853 1954 2000 1991 maiora
2033 1966 2150 2002 quam
2178 1961 2380 2003 praecepta
2405 1967 2471 1991 ve-

1409 2006 1497 2042 teris
1525 2006 1636 2054 legis,
1666 2014 1854 2055 quantum
1882 2007 1931 2044 ad
1960 2007 2172 2056 explicitam
2202 2006 2470 2044 manifestatio-

1410 2071 1511 2096 nem.
1542 2059 1619 2096 Sed
1649 2067 1835 2107 quantum
1864 2060 1913 2096 ad
1941 2060 2062 2108 ipsam
2092 2060 2339 2096 substantiam
2363 2072 2470 2108 prae-

1410 2120 1609 2161 ceptorum
1629 2113 1734 2149 Novi
1753 2113 2001 2160 Testamenti,
2024 2113 2153 2149 omnia
2174 2113 2412 2149 continentur
2432 2113 2470 2149 in

1408 2165 1536 2202 Veteri
1546 2166 1808 2202 Testamento.
1824 2165 1936 2202 Unde
1956 2166 2189 2214 Augustinus
2210 2165 2309 2213 dicit,
2331 2166 2471 2202 Contra

1408 2220 1589 2255 Faustum
1612 2219 1647 2264 *,
1678 2218 1783 2267 quod
1813 2229 1913 2266 pene
1949 2219 2077 2255 omnia
2110 2230 2208 2267 quae
2239 2218 2384 2255 monuit
2413 2219 2473 2255 vel

1405 2271 1598 2320 praecepit
1615 2271 1813 2317 Dominus,
1835 2271 1900 2307 ubi
1916 2271 2161 2322 adiungebat,
2190 2287 2208 2304 ‹<
2230 2272 2317 2320 Ego
2346 2277 2470 2308 autem

1409 2325 1491 2361 dico
1510 2325 1615 2362 vobis
1633 2340 1666 2370 »,
1687 2324 1928 2361 inveniuntur
1950 2324 2062 2361 etiam
2081 2325 2118 2360 in
2139 2324 2210 2360 illis
2227 2323 2411 2361 veteribus
2429 2325 2470 2360 li-

1409 2378 1495 2414 bris.
1527 2378 1601 2414 Sed
1627 2378 1715 2425 quia
1743 2389 1818 2414 non
1852 2377 2108 2427 intelligebant
2132 2377 2372 2413 homicidium
2401 2378 2474 2413 nisi

1403 2430 1699 2478 peremptionem
1728 2430 1897 2478 corporis
1923 2431 2091 2477 humani,
2112 2430 2258 2478 aperuit
2283 2430 2471 2467 Dominus

1409 2495 1557 2520 omnem
1587 2483 1755 2532 iniquum
1784 2488 1927 2519 motum
1955 2483 2007 2520 ad
2033 2483 2239 2519 nocendum
2262 2483 2401 2531 fratri,
2431 2483 2468 2518 in

1408 2536 1600 2573 homicidii
1623 2547 1764 2586 genere
1791 2536 1972 2584 deputari.
1998 2536 2047 2572 Et
2067 2543 2250 2584 quantum
2272 2535 2319 2572 ad
2339 2535 2467 2572 huius-

1410 2589 1515 2626 modi
1544 2588 1884 2636 manifestationes,
1913 2596 2117 2637 praecepta
2145 2600 2270 2625 novae
2298 2587 2388 2635 legis
2401 2588 2469 2632 xdi-

1410 2649 1545 2678 cuntur
1559 2641 1705 2678 maiora
1720 2641 1932 2690 praeceptis
1945 2641 2085 2679 veteris
2100 2641 2201 2688 legis.
2222 2639 2325 2676 Nihil
2340 2648 2468 2676 tamen

1408 2695 1584 2744 prohibet
1611 2694 1734 2731 maius
1762 2694 1806 2731 in‘
1829 2693 1966 2731 minori
1990 2694 2126 2731 virtute
2149 2693 2348 2729 contineri:
2376 2692 2470 2729 sicut

1410 2749 1523 2784 arbor
1552 2747 1762 2784 continetur
1789 2747 1824 2784 in
1855 2747 2012 2783 semine.

1462 2803 1521 2838 AD
1540 2812 1699 2838 TERTIUM
1719 2811 1903 2837 mcENnuM
1923 2799 2027 2849 quod
2056 2798 2147 2835 illud
2167 2798 2271 2846 quod
2291 2797 2467 2846 implicite

1411 2854 1540 2891 datum
1562 2861 1629 2901 est,
1647 2861 1795 2903 oportet
1816 2852 2001 2901 explicari.
2022 2852 2071 2888 Et
2094 2851 2182 2887 ideo
2196 2858 2284 2900 post
2297 2858 2466 2887 veterem

292 2907 398 2955 quod
426 2908 587 2945 habetur
614 2909 734 2946 Marc.
764 2920 799 2945 1v
817 2907 856 2955 ³¹⁶,
893 2907 997 2946 [Htro
1026 2913 1127 2944 terra
1149 2907 1358 2955 fructificat
1410 2908 1532 2955 legem
1562 2902 1689 2954 latam,
1720 2906 1886 2955 oportuit
1914 2905 2027 2942 etiam
2057 2916 2198 2940 novam
2227 2904 2349 2951 legem
2375 2903 2465 2940 dari.

346 3043 373 3077 α)
393 3044 468 3069 sicut.
482 3058 500 3063 -
519 3044 580 3069 Om.
600 3044 647 3068 Pa.

433 3495 542 3519 Smffln:
561 3494 661 3518 TanoL.
682 3494 712 3518 D.
725 3492 839 3518 ΤιιοΜΑε
858 3492 890 3518 Τ.
909 3493 950 3517 lv.

1462 3041 1486 3075 β)
1502 3043 1527 3066 in
1546 3043 1736 3074 incompleta-
1745 3042 1770 3066 in
1786 3042 1915 3072 completo
1931 3041 1975 3070 Pa,
1991 3040 2146 3072 incompleta
2156 3040 2196 3063 vel
2211 3039 2236 3063 in
2252 3039 2379 3071 completo
2393 3038 2468 3063 codd.

2294 3484 2325 3510 36

2498 2224 2508 2234 ⁸
2520 2223 2570 2245 Lib.
2586 2223 2647 2250 XIX,
2658 2230 2708 2252 cap.

2514 2256 2555 2271 xm
2579 2256 2659 2271 xxvni.
