2840 4010
99 284 108 293 ·
123 282 189 303 Vers.
203 287 226 308 4.

101 388 108 396 ”
125 387 190 407 Vers.
206 391 229 412 9.

114 2865 122 2872 ·
138 2863 203 2885 Vers.
219 2870 235 2885 ¹.

337 191 414 235 254

1024 183 1288 230 QUAEsrio
1319 181 1419 227 Clu,

1450 178 1745 217 ARTICULUS
1775 181 1824 216 111

340 276 498 317 peccato
514 267 716 304 mundare:
734 265 827 301 sicut
837 263 1043 312 Apostolus
1060 260 1158 307 dicit,
1170 261 1221 296 ad
1228 258 1396 306 Heb.x*‚
1454 259 1503 296 ad
1532 258 1702 295 divinum
1726 258 1883 303 cultum,
1905 266 1940 294 et
1968 258 2131 295 remotio
2151 258 2513 307 impedimentorum

340 320 446 369 quod
475 319 697 368 impossibile
724 323 776 353 est
801 315 986 364 sanguine
1010 319 1206 349 taurorum
1230 317 1297 348 aut
1322 312 1397 348 hir·
1453 312 1504 348 ad
1520 311 1820 348 emundationem
1849 310 1986 355 carnis,
2007 317 2049 346 ut
2066 311 2275 358 Apostolus
2304 311 2392 348 dicit
2410 310 2451 356 *ς
2478 310 2515 346 in

341 385 472 411 corum
492 372 640 420 auferri
650 374 818 418 peccata.
841 369 888 404 Et
907 368 982 403 hoc
1002 373 1058 402 est
1077 365 1195 412 quod,
1220 364 1303 401 Gal.
1318 376 1352 400 ιν
1366 363 1397 411 *,
1453 363 1813 412 praefigurationem
1843 362 1938 399 illius
1967 362 2273 400 sanctificationis
2302 375 2379 411 qua
2410 364 2516 400 Iesus

341 426 547 475 Apostolus
574 430 687 460 vocat
716 434 759 457 ea
788 431 907 469 egena
947 424 982 454 et
1009 418 1161 465 infirma
1195 417 1398 454 elementa.-
1447 429 1520 465 per
1537 429 1646 453 suum
1666 416 1890 465 sanguinem
1910 415 2158 462 sanctificavit
2167 416 2351 462 populum
2366 416 2515 453 *.-Ex-

341 479 493 515 infirma
508 476 676 524 quidem,
693 474 781 522 quia
796 485 874 509 non
895 478 1055 519 possunt
1073 483 1095 506 a
1110 478 1268 518 peccato
1288 481 1399 506 mun—

342 531 452 574 dare;
482 529 550 565 sed
578 529 671 563 haec
709 525 905 562 infirmitas
942 523 1117 572 provenit
1146 535 1190 559 ex
1220 535 1266 560 eo
1295 522 1399 570 quod

343 590 428 619 sunt
457 593 595 628 egena,
626 579 720 615 idest
746 590 791 613 eo
821 577 927 625 quod
964 588 1042 613 non
1072 575 1265 613 continent
1294 576 1331 612 in
1359 587 1399 612 se

340 634 510 682 gratiam.

394 688 544 723 Poterat
581 691 707 720 autem
737 694 845 718 mens
873 681 1065 728 fidelium,
1095 688 1269 730 tempore
1297 680 1399 728 legis,

339 751 408 787 per
434 738 552 775 fidem
583 735 759 782 coniungi
789 734 939 771 Christo
972 734 1167 771 incarnato
1202 741 1238 770 et
1265 745 1400 782 passo:

341 800 376 827 et
404 791 453 826 ita
482 803 526 825 ex
556 789 631 825 fide
662 787 798 824 Christi
826 787 1138 824 iustificabantur.
1170 786 1287 823 Cuius
1312 786 1402 823 fidei

341 844 528 892 quaedam
549 840 768 889 protestatio
799 848 877 876 erat
895 840 1116 876 huiusmodi
1145 839 1402 879 caeremonia-

342 908 425 932 rum
456 894 684 940 observatio,
712 893 937 940 inquantum
968 900 1072 929 erant
1100 892 1222 940 figura
1251 891 1400 928 Christi.

342 950 390 985 Et
409 948 495 984 ideo
515 959 585 996 pro
614 946 778 995 peccatis
799 946 1056 982 offerebantur
1085 945 1268 981 sacrificia
1288 956 1403 993 quae—

342 1002 430 1038 dam
469 1000 506 1037 in
534 1000 653 1036 veteri
683 1000 784 1046 lege,
815 1011 892 1035 non
926 999 1015 1047 quia
1052 998 1132 1046 ipsa
1170 997 1353 1034 sacrificia
1381 1009 1403 1033 a

341 1061 497 1102 peccato
515 1052 774 1098 emundarent,
791 1052 858 1088 sed
879 1052 967 1100 quia
988 1059 1092 1088 erant
1107 1051 1297 1099 quaedam
1317 1062 1403 1099 pro-

341 1103 558 1144 testationes
587 1105 688 1151 fidei,
714 1116 812 1153 quae
838 1117 860 1141 a
887 1112 1045 1152 peccato
1075 1103 1286 1140 mundabat
1304 1101 1330 1140 β.
1357 1103 1406 1139 Et

342 1161 416 1196 hoc
437 1159 548 1195 etiam
577 1158 658 1207 ipsa
677 1159 736 1194 lex
765 1157 885 1194 innuit
911 1169 957 1193 ex
977 1157 1095 1193 modo
1120 1156 1319 1204 loquendi:
1351 1155 1404 1192 di—

344 1213 438 1249 citur
465 1212 567 1248 enim
595 1212 712 1247 Levit.
739 1223 774 1247 1v
795 1218 830 1246 et
849 1221 888 1257 v,
915 1210 1019 1258 quod
1048 1209 1086 1246 in
1115 1209 1307 1246 oblatione
1336 1209 1405 1245 ho-

343 1265 498 1302 stiarum
528 1277 597 1313 pro
625 1270 782 1313 peccato
821 1263 944 1299 orabit
964 1274 1038 1311 pro
1067 1274 1110 1298 eo
1146 1262 1342 1308 sacerdos,
1372 1269 1408 1300 et

343 1319 544 1354 dimittetur
571 1317 625 1361 ei‚·
654 1316 762 1365 quasi
788 1323 988 1364 peccatum
1018 1315 1225 1352 dimittatur
1253 1327 1331 1351 non
1360 1328 1404 1352 ex

342 1371 383 1408 vi
412 1370 704 1416 sacrificiorum,
736 1369 803 1406 sed
833 1381 878 1405 ex
905 1369 982 1405 fide
1013 1375 1048 1404 et
1078 1367 1282 1405 devotione
1312 1368 1405 1405 offe-

345 1424 519 1461 rentium.
541 1444 564 1450 -
588 1423 795 1459 Sciendum
817 1429 871 1458 est
889 1429 1019 1458 tamen
1039 1421 1145 1469 quod
1173 1422 1247 1457 hoc
1278 1420 1404 1469 ipsum

345 1477 451 1526 quod
482 1476 620 1513 veteris
658 1475 748 1523 legis
787 1474 1051 1511 caeremoniae
1090 1486 1111 1510 a
1148 1473 1406 1522 corporalibus

345 1529 592 1567 immunditiis
622 1529 834 1577 expiabant,
862 1536 940 1564 erat
968 1528 1005 1564 in
1034 1527 1155 1575 figura
1184 1526 1406 1575 expiationis

347 1596 368 1620 a
396 1582 559 1632 peccatis
589 1594 686 1629 quae
716 1582 757 1618 fit
786 1593 853 1629 per
882 1581 1087 1617 Christum.

401 1636 463 1672 Sic
482 1635 592 1682 igitur
619 1641 721 1683 patet
755 1634 858 1682 quod
882 1633 1145 1670 caeremoniae
1170 1633 1207 1669 in
1228 1640 1325 1669 statu
1343 1645 1408 1670 ve-

346 1689 434 1725 teris
462 1688 552 1735 legis
583 1700 660 1724 non
689 1688 881 1724 habebant
908 1687 1087 1724 virtutem
1117 1685 1355 1723 iustificandi.

399 1743 458 1778 An
477 1753 613 1777 PR1MUM
633 1752 730 1777 ERGO
752 1752 936 1777 DICENDUM
960 1740 1064 1788 quod
1084 1739 1143 1775 illa
1164 1739 1409 1775 sanctificatio

347 1794 589 1831 sacerdotum
619 1801 654 1830 et
687 1793 853 1830 filiorum
884 1793 963 1830 eius
987 1798 1019 1839 Ὺ,
1050 1800 1086 1828 et
1118 1791 1280 1829 vestium
1311 1792 1412 1841 ipso-

347 1860 444 1894 rum,
470 1848 532 1884 vel
561 1859 896 1895 quorumcumque
926 1846 1100 1892 aliorum,
1129 1857 1198 1894 per
1226 1845 1410 1894 aspersio-

347 1913 437 1937 nem
466 1899 674 1948 sanguinis,
709 1900 798 1936 nihil
828 1899 926 1936 aliud
956 1907 1033 1935 erat
1068 1910 1186 1946 quarn
1215 1898 1409 1947 deputatio

402 2013 427 2046 β)
448 2014 602 2040 mundabat.
621 2028 639 2033 -
659 2014 824 2038 mundabant
843 2014 975 2038 PEGHIL.

400 2051 426 2082 γ)
446 2050 510 2074 eius.
530 2049 592 2074 Om.
610 2051 643 2075 Α.

401 2084 426 2116 δ)
447 2085 578 2116 Expiatio
603 2085 692 2110 etiam.
709 2098 728 2104 ·-
748 2085 783 2109 Et
801 2075 923 2116 expiatio
942 2085 975 2111 B,
997 2084 1128 2116 Expiatt'o
1146 2087 1235 2108 autem
1261 2083 1332 2112 CEF.
1353 2083 1412 2107 Ex-

344 2120 432 2152 piatio
451 2120 518 2144 enim
539 2121 568 2151 L,
588 2120 662 2145 Haec
681 2127 745 2153 ergo
764 2120 886 2152 expiatio
905 2120 933 2144 P.

1454 470 1569 519 piatio
1600 469 1713 506 etiam
1734 466 1746 490 δ
1775 468 1823 505 ad
1853 467 2108 505 remotionem
2132 467 2352 504 huiusmodi
2380 480 2516 517 corpo-

1455 523 1589 559 ralium
1619 521 1945 558 immunditiarum
1975 519 2173 557 referenda
2198 527 2264 567 est,
2286 531 2364 557 non
2391 521 2441 557 ad
2460 533 2515 558 re-

1455 575 1667 612 motionem
1683 575 1828 622 culpae.
1846 574 1958 611 Unde
1974 573 2086 610 etiam
2102 572 2360 610 sanctuarium
2376 572 2517 621 expiari

1456 629 1600 674 dicitur,
1623 627 1729 674 quod
1750 628 1883 676 culpae
1911 626 2124 664 subiectum
2146 638 2228 662 esse
2257 637 2338 662 non
2356 632 2514 673 poterat.

1508 683 1567 717 AD
1595 691 1784 716 SECUNDUM
1813 691 1998 717 mcennum
2026 678 2131 727 quod
2151 678 2367 715 sacerdotes
2395 678 2519 726 place-

1456 735 1547 770 bant
1583 734 1668 769 Deo
1706 732 1744 768 in
1781 732 2030 769 caeremoniis
2067 739 2223 780 propter
2260 729 2518 767 obedientiam

1457 794 1493 823 et
1523 785 1790 831 devotionem,
1821 792 1856 821 et
1883 785 2002 822 fidem
2030 785 2083 821 rei
2110 784 2408 833 praefiguratae:
2439 795 2517 820 non

1457 847 1584 876 autem
1621 845 1777 886 propter
1804 837 1905 886 ipsas
1933 850 1993 874 res
2028 838 2242 875 secundum
2272 849 2312 873 se
2347 835 2518 874 conside-

1458 900 1567 929 ratas.

1510 947 1568 981 AD
1597 955 1755 980 TERTIUM
1785 954 1968 979 DICENDUM
1997 943 2103 990 quod
2133 942 2397 979 caeremoniae
2435 941 2519 978 illae

1458 1010 1557 1047 quae
1578 1003 1682 1033 erant
1703 995 1890 1031 institutae
1915 995 1954 1031 in
1975 995 2246 1032 emundatione
2267 995 2419 1044 leprosi,
2441 1006 2519 1031 non

1459 1051 1729 1088 ordinabantur
1744 1048 1791 1085 ad
1807 1048 2014 1084 tollendam
2026 1048 2307 1085 immunditiam
2323 1047 2519 1084 infirmita-

1458 1104 1504 1140 tis
1523 1104 1662 1151 leprae.
1685 1101 1801 1147 Quod
1821 1108 1924 1149 patet
1953 1113 1999 1137 ex
2026 1101 2102 1138 hoc
2127 1102 2232 1148 quod
2260 1113 2340 1138 non
2364 1100 2519 1137 adhibe—

1458 1157 1595 1193 bantur
1604 1153 1823 1192 huiusmodi
1840 1154 2102 1190 caeremoniae
2114 1153 2184 1190 nisi
2195 1153 2273 1190 iarn
2290 1154 2498 1191 emundato
2510 1165 2518 1189 :

1458 1209 1561 1246 unde
1597 1208 1729 1244 dicitur
1761 1207 1878 1242 Levit.
1899 1218 1960 1242 xlv
1980 1205 2011 1252 *,
2040 1206 2145 1255 quod
2178 1205 2363 1252 sacerdos,
2393 1217 2519 1256 egres-

1457 1274 1520 1299 sus
1539 1262 1584 1298 de
1611 1260 1752 1305 castris,
1773 1271 1859 1295 cum
1888 1259 2071 1296 invenerit
2089 1259 2233 1308 lepram
2261 1270 2340 1295 esse
2361 1259 2519 1295 munda-

1459 1322 1548 1360 tam,
1563 1313 1771 1362 praecipiet
1796 1312 1833 1348 ei
1857 1312 1924 1360 qui
1943 1312 2171 1360 purificatur
2200 1316 2239 1348 ut
2262 1309 2409 1360 offerat,
2430 1318 2519 1362 etc‚.;

1460 1380 1506 1405 ex
1525 1380 1602 1416 quo
1623 1373 1725 1414 patet
1745 1364 1850 1414 quod
1870 1365 2050 1402 sacerdos
2083 1364 2380 1402 constituebatur
2408 1362 2521 1400 iudex

1460 1422 1585 1469 leprae
1608 1419 1847 1465 emundatae,
1869 1430 1947 1455 non
1967 1426 2095 1455 autem
2115 1417 2383 1454 emundandae
2403 1421 2427 1453 ⁸.
2443 1416 2522 1454 Ad-

1460 1474 1688 1511 hibebamur
1707 1479 1834 1508 autem
1854 1471 2075 1508 huiusmodi
2100 1469 2365 1507 caeremoniae
2386 1470 2434 1507 ad
2454 1469 2522 1506 tol—

1460 1527 1613 1564 lendam
1641 1524 1923 1561 immunditiam
1950 1523 2239 1572 irregularitatis.
2261 1545 2284 1551 -
2305 1522 2446 1560 Dicunt
2468 1529 2523 1559 ta-

1460 1592 1550 1616 men
1579 1578 1684 1626 quod
1704 1578 1948 1626 quandoque,
1974 1577 2004 1614 si
2024 1577 2255 1624 contingeret
2283 1575 2522 1613 sacerdotem

1463 1644 1586 1669 errare
1622 1631 1658 1667 in
1688 1630 1907 1677 iudicando,
1943 1630 2168 1667 miraculose
2204 1630 2378 1678 leprosus
2411 1640 2524 1665 mun-

1464 1685 1625 1723 dabatur
1644 1697 1665 1720 a
1685 1685 1769 1720 Deo
1798 1684 1935 1720 virtute
1964 1683 2104 1729 divina,
2131 1694 2209 1719 non
2237 1689 2366 1719 autem
2385 1681 2522 1718 virtute

1464 1738 1748 1775 sacrificiorum.
1790 1737 1895 1774 Sicut
1927 1736 2042 1773 etiam
2085 1735 2313 1772 miraculose
2356 1733 2524 1771 mulieris

1465 1792 1654 1828 adulterae
1685 1790 2014 1838 computrescebat
2042 1790 2178 1835 femur,
2208 1787 2335 1825 bibitis
2358 1786 2525 1836 aquisin

1464 1844 1603 1892 quibus
1624 1843 1800 1918 sacerdos
1820 1842 2022 1880 maledicta
2042 1849 2296 1890 congesserat,
2310 1847 2353 1878 ut
2365 1839 2527 1878 habetur

1463 1898 1582 1935 Num.
1599 1909 1622 1933 v
1663 1925 1671 1933 .

1517 2012 1538 2044 ε)
1559 2012 1725 2040 emundatae,
1742 2018 1792 2035 non
1809 2014 1897 2035 autem
1913 2009 2105 2039 emundandae,
2120 2023 2138 2028 —-
2151 2008 2312 2034 emundante
2325 2008 2360 2038 K3
2375 2015 2424 2040 pro
2437 2013 2527 2032 amnne

1464 2048 1577 2076 dandae,
1598 2047 1759 2071 emundatur
1778 2045 1967 2078 ACDEGpBH,
1986 2045 2148 2070 emundante
2167 2044 2196 2068 F.

1024 2189 1354 2222 Commentaria
1377 2187 1625 2220 cardinalis
1649 2187 1847 2219 Caietam

381 2276 400 2296 N
416 2266 548 2296 articulo
569 2266 707 2295 secundo
725 2265 866 2295 eiusdem
883 2265 1088 2305 quaestionis,
1101 2264 1267 2295 difficultas
1284 2264 1322 2294 de
1334 2273 1410 2294 con-

382 2309 511 2340 tinentia
540 2310 655 2348 gratiae
687 2309 717 2339 in
743 2310 943 2340 sacramentis
967 2319 1067 2339 novae
1096 2308 1187 2348 legis,
1217 2306 1411 2348 relinquatur

1466 2262 1659 2292 discutienda
1675 2262 1804 2292 inferius
1818 2262 1850 2291 in
1861 2262 1968 2292 Tertia
1980 2262 2070 2292 Parte
2079 2261 2106 2298 *,
2123 2261 2178 2292 ubi
2195 2261 2232 2291 de
2252 2260 2453 2291 sacramentis
2469 2266 2527 2293 tta—

1466 2307 1599 2337 ctabitur
1626 2314 1655 2336 et
1680 2307 1716 2336 de
1741 2305 1990 2336 circumcisione.

1154 2460 1471 2503 ARTICULUS
1499 2459 1726 2501 TERTIUS

605 2545 758 2576 UTRUM
782 2544 1094 2575 CAEREMONIAE
1118 2543 1300 2575 VETERIS
1323 2543 1446 2575 LEG1s
1470 2542 1762 2574 cassAvssmNT
1787 2543 1829 2572 1N
1853 2541 2064 2573 ADVENTU
2089 2540 2260 2572 CHRISTI

1122 2615 1155 2639 lV
1176 2615 1257 2644 Sent„
1279 2614 1336 2639 dist.
1355 2622 1372 2643 ι,
1392 2622 1436 2649 qu.
1455 2621 1482 2643 11,
1503 2618 1549 2637 art.

385 2818 486 2852 har,-
518 2799 634 2843 rint
670 2802 709 2838 in
744 2801 880 2838 Christi
916 2802 1094 2838 adventu.
1129 2801 1274 2838 Dicitur
1309 2800 1410 2837 enim

406 2831 465 2882 ζ’·
517 2847 550 2890 k
562 2855 713 2891 Baruch
732 2866 767 2891 ιν
786 2854 820 2891 *ε
849 2855 928 2891 Hic
947 2860 1001 2891 est
1026 2854 1120 2891 liber
1142 2855 1408 2891 mandatorum

351 2908 439 2954 Dei,
464 2913 500 2944 et
525 2907 588 2944 lex
607 2919 704 2956 quae
731 2913 785 2944 est
811 2908 848 2944 in
868 2913 1075 2944 aeternum.
1104 2907 1181 2944 Sed
1209 2907 1259 2944 ad
1287 2907 1411 2954 legem

350 2960 587 3009 pertinebant
614 2961 705 3008 legis
734 2960 1010 2997 caeremoniae.
1037 2961 1139 3007 Ergo
1167 2960 1257 3007 legis
1286 2971 1412 2996 caere—

353 3013 506 3051 moniae
534 3013 573 3050 in
602 3021 799 3050 aeternum
828 3014 1030 3051 duraturae
1060 3021 1175 3050 erant.

408 3078 442 3102 2.
464 3067 695 3114 PRAETEREA,
717 3066 858 3104 oblatio
879 3066 1019 3115 leprosi
1045 3064 1215 3103 mundati
1244 3065 1292 3102 ad
1320 3064 1412 3113 legis

355 3119 611 3156 caeremonias
639 3119 863 3168 pertinebat.
893 3119 970 3156 Sed
1000 3119 1114 3156 etiam
1142 3118 1182 3155 in
1201 3118 1411 3166 Evangelio

354 3172 581 3220 praecipitur
600 3173 750 3221 leproso
772 3172 979 3209 emundato
1008 3179 1049 3208 ut
1067 3171 1289 3209 huiusmodi
1309 3171 1413 3208 obla-

118 3235 327 3264 'Matth.eap.vn¹‚
355 3223 476 3260 tiones
504 3225 637 3262 offerat
663 3225 694 3262 *.
724 3227 826 3273 Ergo
856 3224 1120 3262 caeremoniae
1157 3223 1295 3262 veteris
1322 3223 1414 3272 legis

118 3268 178 3284 vers.
194 3269 217 3289 4.

356 3288 435 3312 non
454 3286 697 3314 cessaverunt
724 3278 876 3315 Christo
904 3277 1094 3315 veniente.

412 3329 446 3365 3.
467 3329 696 3376 PRAETEREA,
718 3338 895 3367 manente
925 3343 1054 3377 causa,
1085 3337 1215 3367 manet
1242 3329 1410 3366 effectus.

357 3380 435 3417 Sed
454 3382 714 3418 caeremoniae
733 3383 874 3420 veteris
902 3383 993 3431 legis
1012 3383 1205 3420 habebant
1227 3383 1416 3431 quasdam

357 3433 597 3470 rationabiles
626 3446 779 3482 causas,
808 3435 1031 3483 inquantum
1061 3435 1339 3473 ordinabantur
1367 3435 1416 3473 ad

358 3485 532 3523 divinum
553 3486 712 3533 cultum;
734 3487 848 3524 etiam
868 3495 1016 3536 praeter
1035 3489 1108 3525 hoc
1137 3488 1242 3536 quod
1267 3488 1416 3526 ordina-

1570 2613 1592 2642 5,
1616 2614 1663 2645 qu¹¹
1689 2621 1707 2641 ι,
1730 2620 1752 2636 2.

1464 2694 1602 2730 bantur
1621 2693 1659 2729 in
1686 2693 1849 2740 figuram
1871 2691 2022 2729 Christi.
2045 2692 2147 2739 Ergo
2177 2690 2442 2728 caeremoniae
2461 2703 2528 2729 ve-

1464 2746 1551 2783 teris
1580 2746 1669 2793 legis
1699 2758 1846 2783 cessare
1875 2757 1952 2782 non
1982 2745 2206 2782 debuerunt.

1516 2811 1553 2845 4.
1575 2800 1808 2846 PRAETEREA,
1829 2798 2064 2835 circumcisio
2103 2804 2183 2834 erat
2210 2796 2377 2834 instituta
2408 2796 2448 2834 in
2480 2795 2528 2833 si·

1464 2864 1580 2900 gnum
1609 2852 1698 2889 fidei
1737 2852 1934 2897 Abrahae;
1964 2850 2182 2888 observatio
2215 2857 2344 2887 autem
2381 2849 2528 2886 sabbati

1465 2905 1514 2942 ad
1534 2904 1780 2942 recolendum
1800 2904 2032 2941 beneficium
2052 2903 2267 2949 creationis;
2293 2910 2329 2939 et
2352 2902 2448 2940 aliae
2467 2914 2529 2940 so-

1465 2958 1675 2994 lemnitates
1695 2957 1786 3005 legis
1806 2957 1854 2994 ad
1874 2957 2122 2994 recolendum
2143 2956 2214 2994 alia
2234 2955 2422 2994 beneficia
2435 2954 2527 3001 Dei;

1466 3018 1506 3047 ut
1542 3023 1656 3059 supra
1683 3010 1702 3031 ’¹‘
1735 3010 1877 3047 dictum
1915 3018 1981 3046 est.
2012 3010 2090 3047 Sed
2124 3009 2222 3047 fides
2255 3009 2435 3047 Abrahae
2474 3015 2530 3045 est
2556 3017 2567 3028 ·

1466 3076 1618 3112 semper
1654 3063 1837 3100 imitanda
1863 3063 1985 3107 etiam
2015 3075 2037 3100 a
2065 3062 2198 3109 nobis;
2230 3069 2266 3099 et
2294 3061 2528 3100 beneficium
2574 3070 2576 3074 ’

1468 3116 1675 3163 creationis,
1697 3123 1734 3153 et
1762 3116 1833 3153 alia
1861 3116 1934 3153 Dei
1963 3116 2162 3163 beneficia,
2183 3126 2337 3164 semper
2357 3121 2444 3152 sunt
2471 3125 2529 3151 re-

1468 3170 1639 3207 colenda.
1661 3170 1762 3217 Ergo
1792 3169 1840 3206 ad
1869 3169 1996 3206 minus
2018 3168 2254 3206 circumcisio
2284 3175 2321 3205 et
2347 3165 2529 3205 solemni-

1466 3230 1561 3259 tates
1589 3222 1679 3270 legis
1708 3234 1855 3266 cessare
1883 3234 1962 3259 non
1991 3221 2217 3259 debuerunt.

1522 3276 1596 3312 SED
1612 3287 1757 3312 CONTRA
1774 3287 1840 3312 1-:s’r
1854 3275 1960 3324 quod
1973 3275 2182 3324 Apostolus
2203 3273 2302 3320 dicit,
2317 3273 2370 3310 ad
2380 3271 2525 3309 Coloss.

1468 3341 1491 3366 11
1506 3328 1542 3365 *z
1571 3329 1697 3366 Nemo
1717 3340 1784 3366 vos
1802 3329 1937 3365 iudicet
1959 3328 1996 3364 in
2025 3328 2107 3364 cibo
2131 3332 2200 3365 aut
2221 3326 2260 3364 in
2273 3330 2382 3374 potu,
2398 3329 2472 3361 aut
2490 3323 2526 3360 in

1463 3387 1574 3431 parte
1601 3382 1675 3418 diei
1688 3382 1785 3430 festi
1810 3387 1877 3418 aut
1907 3380 2127 3417 neomeniae
2161 3384 2230 3416 aut
2262 3378 2527 3422 sabbatorum,

1469 3447 1566 3484 quae
1592 3440 1679 3471 sunt
1697 3435 1831 3471 umbra
1841 3435 2079 3482 futurorum.
2101 3433 2151 3469 Et
2168 3431 2220 3469 ad
2235 3430 2335 3467 Heb.
2357 3441 2417 3466 vm
2433 3428 2454 3450 '¹‘
2474 3429 2528 3466 di-

1471 3488 1564 3525 citur
1592 3487 1709 3535 quod,
1739 3486 1893 3524 dicendo
1923 3497 2062 3523 novum
2092 3488 2361 3529 testamentum,
2384 3487 2528 3520 vetera-

2544 323 2554 333 ·
2569 321 2606 343 Ad
2617 321 2687 348 Helu,
2704 327 2754 348 cap.

2545 355 2576 375 rx,
2585 354 2644 369 vers.
2660 353 2690 375 ¹3·

2544 415 2554 425 ⁶
2566 413 2624 435 Ibid.
2637 419 2688 440 cap.
2699 418 2755 440 xm,

2545 446 2604 462 vers.
2619 445 2658 475 ¹²2

2644 474 2658 492 0

2547 1216 2556 1225 ·
2572 1216 2641 1238 νοτε.
2655 1221 2668 1243 3
2682 1221 2720 1243 sq.

2555 1892 2564 1901 ·
2578 1891 2647 1913 Ven.
2659 1896 2697 1920 ²7.

2556 2272 2565 2280 ·
2581 2269 2629 2298 Qu.
2643 2275 2704 2292 uu.

2555 3336 2566 3347 ⁸
2580 3336 2647 3358 Vm.
2663 3336 2686 3358 16
2701 3341 2739 3364 oq.

2558 3440 2565 3447 ·
2582 3436 2649 3460 Vere.
2664 3443 2694 3466 ¹³-
