2840 4010
0 3067 7 3107 K

1032 192 1296 239 QUAESTIO
1328 192 1374 238 C,
1404 191 1699 228 ARTICULUS
1729 191 1780 227 ιι(

320 273 411 307 mala
425 282 458 303 se
481 271 575 303 habet
596 271 729 303 ultimus
752 270 823 302 finis
846 270 890 301 sic
917 271 1005 311 quod
1034 277 1100 302 tam
1123 270 1247 301 bonitas
1280 279 1378 309 quam

322 327 412 350 amor
435 316 502 347 eius
524 316 563 346 ab
586 316 647 346 illis
670 315 844 346 necessario
868 315 1034 347 discordat.

377 359 463 395 Cum
486 370 560 400 ergo
585 359 659 391 dicit
681 369 813 400 arguens
845 359 934 400 quod
957 358 990 389 in
1016 357 1082 389 istis
1105 367 1170 388 non
1203 363 1250 387 est
1273 366 1378 386 neces-

321 404 401 437 saria
430 404 555 435 bonitas
582 404 622 434 ad
651 403 802 435 ultimum
831 402 928 433 finem
958 409 1035 438 etc.,
1061 400 1221 440 mpliciter
1247 399 1379 439 intelligi

322 454 436 490 potest.
452 448 570 485 Primo,
584 447 692 489 quod*
684 458 717 478 in
729 448 795 478 istis
807 457 872 477 non
885 453 931 477 est
946 445 1070 476 bonitas
1082 443 1289 474 necessariam
1304 453 1379 473 con-

323 493 491 524 nexionem
514 493 632 523 habens
655 501 730 523 cum
754 491 867 522 ultimo
883 489 956 525 fine,
975 495 1006 519 et
1027 487 1171 518 similiter
1193 487 1311 517 malitia
1327 496 1379 517 ne-

323 537 488 570 cessariam
503 537 700 568 aversionem
722 536 840 566 habens
855 534 894 564 ab
913 532 1035 563 eodem.
1060 531 1100 562 Et
1123 531 1167 562 sic
1181 537 1313 580 negatur
1331 541 1379 560 as-

323 588 498 632 sumptum.
524 581 687 618 Quoniam
710 579 790 610 sicut
811 578 844 608 in
860 575 1116 607 conclusionibus
1139 574 1319 605 necessariis
1335 581 1381 604 est

325 626 497 657 necessaria
518 624 630 656 veritas
653 621 826 655 necessario
849 629 990 651 connexa
1012 619 1116 659 primo
1140 618 1313 659 principio,
1337 617 1380 648 ita

325 670 366 700 in
381 669 447 701 istis
471 676 517 700 est
542 668 667 700 bonitas
690 663 862 697 necessaria
890 663 1064 694 necessario
1094 673 1235 694 connexa
1264 662 1379 693 ultimo

325 713 425 745 fini.—
437 713 478 744 Et
491 711 533 743 ad
543 710 776 752 probationem.
793 707 850 739 Si'
841 715 901 738 ista
916 717 982 738 non
998 714 1100 738 essent
1114 713 1289 747 praecepta,
1306 716 1380 746 pos-

326 765 374 789 set
383 757 482 788 amari
495 763 528 788 et
535 754 649 795 attingi
659 753 793 784 ultimus
803 751 895 782 finis
887 761 920 782 m
932 761 998 782 esse
1013 758 1044 782 et
1055 751 1151 782 amari
1166 751 1284 801 absque
1298 750 1378 781 istis:

326 802 439 833 dicitur
460 800 549 842 quod
578 808 644 832 non
666 797 780 848 probat
811 795 1047 846 contingentem
1070 794 1310 827 connexionem.
1334 794 1381 824 Ex

326 847 388 877 hoc
411 845 496 876 enim
518 842 607 885 quod
626 840 782 882 principia
799 840 902 881 prima
924 846 999 870 sunt
1020 850 1092 871 vera
1112 846 1143 871 et
1164 838 1239 870 scita
1261 839 1380 879 absque

328 887 583 922 conclusionibus
603 884 791 920 necessariis,
808 894 874 915 non
891 885 1042 925 probatur
1055 883 1144 925 quod
1159 882 1380 914 conclusiones

326 942 392 965 non
414 937 488 963 sunt
509 928 683 962 necessario
707 938 867 960 connexae
890 928 1061 979 principiis,
1077 934 1107 959 et
1129 927 1162 958 in
1185 937 1217 957 se
1241 936 1381 958 necessa-

324 977 402 1008 riae·
410 972 480 1006 sed
502 974 591 1016 quod
612 983 671 1004 nec
693 972 805 1004 veritas
834 982 892 1003 nec
914 971 1025 1003 notitia
1052 970 1282 1013 principiorum
1304 980 1381 1011 pen-

324 1021 377 1052 det
392 1028 430 1051 ex
447 1018 503 1050 eis.
525 1018 576 1049 Sic
590 1023 698 1048 autem
713 1023 760 1048 est
781 1017 814 1047 in
829 1016 1007 1058 proposito.
1024 1016 1139 1048 Unde
1131 1025 1164 1046 in
1178 1015 1264 1046 dicto
1287 1024 1381 1046 sensu

280 1090 284 1095 .
324 1064 403 1096 nihii
416 1063 583 1104 probatur:
602 1062 756 1103 quoniam
772 1061 959 1092 antecedens
978 1067 1024 1092 est
1046 1060 1170 1097 falsum,
1191 1066 1222 1091 et
1235 1059 1381 1100 probatio

325 1117 392 1139 non
415 1106 575 1138 concludit
595 1106 686 1137 illud.

382 1150 528 1184 Secundo
557 1156 662 1191 potest
689 1149 819 1190 intelligi
842 1149 931 1190 quod
954 1148 986 1179 in
1009 1148 1074 1180 istis
1099 1158 1166 1179 non
1189 1155 1234 1179 est
1257 1147 1381 1178 bonitas

272 1187 275 1193 s
325 1195 496 1227 necessaria
518 1195 558 1225 ad
581 1204 648 1225 esse
666 1194 716 1224 vel
739 1202 883 1224 amorem
906 1192 1010 1224 ultimi
1033 1191 1115 1223 finis.
1135 1192 1175 1224 Et
1197 1191 1382 1223 huiusmodi

88 2205 140 2253 ‘ar
157 2218 232 2252 lieet.
246 2236 263 2253 ι.

86 2520 99 2533 ’
112 2519 179 2543 ven.
193 2526 215 2543 2.

89 2578 99 2588 ¹
113 2576 185 2600 Ver-'1
193 2583 215 2606 7.

90 2685 101 2695 ·
115 2683 198 2707 ordin.
211 2685 273 2712 Aug.

89 3000 217 3064 Ιᾷῐιρῐιννμ
206 3001 250 3023 -.S
256 3001 302 3022 Th.

101 3053 192 3082 'Cap.
216 3059 266 3075 ιιιιι,

89 3060 231 3102 s.Th.1ect.
242 3086 293 3102 xm.

314 1249 436 1281 sensus
452 1246 506 1270 -eat
526 1244 635 1269 verus:
659 1237 813 1279 quoniam
840 1237 972 1268 ultimus
995 1235 1065 1267 finis
1093 1246 1151 1268 nec
1172 1236 1206 1267 in
1229 1246 1296 1267 esse
1325 1245 1382 1266 nec

2417 202 2490 238 217

1432 270 1466 300 in
1489 270 1586 300 amari
1601 269 1758 310 dependet
1772 270 1810 300 ab
1825 269 1959 300 istorum
1974 269 2123 305 bonitate,
2144 269 2198 299 sed
2221 279 2238 299 e
2254 279 2416 300 converso.
2433 270 2494 300 Sed

1434 323 1471 344 ex
1493 314 1555 344 hoc
1570 324 1664 344 sensu
1687 323 1753 344 non
1776 313 1858 345 valet
1874 313 2011 354 sequela,
2028 314 2112 353 Ergo
2134 323 2198 343 non
2219 320 2293 343 sunt
2316 314 2493 344 conclusio-

1434 367 1489 387 nes
1512 357 1715 388 necessariae:
1734 364 1769 388 ut
1791 364 1877 398 patet
1895 357 1928 388 in
1952 357 2150 398 speculativis
2171 357 2428 388 conclusionibus
2447 367 2493 387 re-

1434 408 1543 441 spectu
1567 401 1796 442 principiorum
1820 401 2009 442 primorum.

1488 445 1599 475 Tertio
1623 453 1727 485 potest
1749 445 1880 486 intelligi
1896 446 1984 486 quod
2006 445 2039 476 in
2060 445 2125 476 istis
2142 455 2207 476 non
2228 451 2274 476 est
2292 445 2417 475 bonitas
2440 454 2493 474 ne-

1435 489 1568 518 cessario
1581 497 1765 520 convertens
1777 490 1815 520 ad
1832 489 1983 521 ultimum
1998 489 2104 526 finem,
2118 499 2175 520 nec
2187 489 2306 520 malitia
2319 488 2494 519 necessario

1434 538 1575 562 avertens
1601 533 1640 562 ab
1663 533 1729 564 illo.
1754 534 1794 564 Et
1817 534 1850 564 in
1874 534 1934 564 hoc
1957 543 2051 564 sensu
2074 541 2275 574 assumptum
2298 539 2345 564 est
2367 532 2492 563 falsum.

1435 576 1598 612 Quoniam
1621 576 1701 607 sicut
1716 577 1748 607 in
1763 577 2021 608 conclusionibus
2042 578 2221 609 necessariis
2245 583 2291 608 est
2306 577 2419 608 veritas
2436 586 2495 611 ,ne-

1435 619 1567 649 cessario
1588 620 1706 650 ducens
1723 631 1740 650 a
1762 621 1930 660 posteriori
1950 621 1982 652 in
2007 621 2107 662 prima
2131 621 2293 662 principia,
2313 621 2356 652 ita
2374 621 2407 651 in
2429 620 2495 651 istis

1435 669 1482 693 est
1497 662 1621 693 bonitas
1636 664 1812 694 necessario
1829 665 1947 695 ducens
1963 665 1995 695 in
2012 666 2163 696 ultimum
2182 665 2279 696 finem
2298 665 2342 696 eis
2361 674 2494 705 propor—

1434 706 1603 737 tionatum.
1624 707 1722 744 Quod
1741 708 1823 744 dico,
1841 719 1880 739 ne
1896 709 2109 749 ingrediamur
2131 710 2351 750 quaestionem
2371 709 2410 739 de
2425 709 2494 739 Deo

1435 757 1471 781 ut
1488 750 1550 781 fine
1566 751 1699 782 naturali
1719 751 1768 781 vel
1784 753 2026 792 supernaturali,
2043 761 2074 784 et
2089 754 2256 794 quomodo
2272 753 2311 783 sit
2326 753 2392 784 istis
2408 753 2495 783 Deus

1435 795 1695 835 proportionatus
1710 794 1791 825 finis.
1804 813 1825 818 -
1837 796 1878 826 Et
1890 797 1930 826 ad
1945 797 2178 836 probationem,
2191 797 2266 838 quia
2277 797 2302 827 si
2314 807 2380 827 non
2393 804 2497 828 essent

1434 839 1511 870 haec
1526 846 1692 880 praecepta
1706 839 1756 869 vel
1771 839 1939 879 prohibita,
1956 841 2163 872 nihilominus
2179 842 2310 872 ultimus
2329 841 2400 871 finis
2421 851 2495 881 pos-

1435 889 1481 914 set
1504 883 1603 914 amari
1626 890 1656 914 et
1674 883 1797 923 attingi:
1819 883 1931 914 dicitur
1947 885 2034 924 quod
2059 885 2109 915 hic
2125 892 2171 916 est
2191 885 2352 925 sophisma
2376 885 2495 915 Conse-

1435 927 1571 968 quentis.
1587 927 1751 964 Quoniam
1766 927 1839 958 licet
1856 927 1914 958 ista
1940 928 2001 958 sint
2026 929 2199 959 necessario
2221 929 2432 959 convertentia
2447 929 2496 959 vel

1436 971 1618 1008 avertentia,
1645 971 1809 1002 conversio
1836 979 1942 1002 tamen
1965 971 2015 1002 vel
2038 972 2158 1002 aversio
2186 982 2252 1002 non
2279 973 2435 1012 dependet
2458 973 2496 1003 ab

1435 1015 1484 1046 his
1504 1015 1590 1051 solis,
1607 1016 1662 1046 sed
1677 1015 1804 1046 aliunde
1821 1025 1888 1046 esse
1902 1022 2022 1056 potest:
2046 1016 2122 1047 haec
2142 1017 2237 1052 enim,
2256 1022 2291 1046 ut
2307 1017 2426 1047 dictum
2441 1023 2496 1052 est,

1435 1070 1454 1090 a
1469 1060 1635 1099 posteriori
1651 1066 1839 1090 convertunt
1853 1060 1903 1090 vel
1926 1067 2078 1096 avertunt,
2100 1067 2135 1091 ut
2154 1060 2373 1091 conclusiones
2393 1070 2497 1100 respe-

1437 1110 1487 1134 ctu
1505 1104 1746 1145 principiorum.
1766 1104 1806 1134 Et
1821 1111 1927 1135 tamen
1944 1114 2018 1135 cum
2036 1105 2085 1135 his
2105 1111 2210 1135 teneas
2225 1104 2314 1144 quod
2329 1104 2406 1134 haec
2426 1111 2499 1134 sunt

1436 1147 1515 1178 adeo
1539 1148 1713 1178 necessario
1738 1158 1878 1178 connexa
1901 1147 1955 1178 fini
1979 1148 2109 1185 ultimo,
2133 1155 2169 1179 ut
2192 1148 2330 1179 saltem'
2321 1158 2354 1178 ιιι
2369 1158 2498 1188 praepa-

1436 1192 1557 1222 ratione
1581 1192 1688 1228 animi,
1714 1192 1877 1223 conversio
1901 1193 1940 1222 ad
1963 1192 2039 1223 haec
2067 1193 2166 1228 bona,
2191 1200 2222 1223 et
2245 1192 2365 1223 aversio
2389 1192 2427 1222 ab
2450 1191 2499 1222 his

1435 1236 1537 1272 malis,
1561 1236 1776 1277 inseparabilis
1799 1236 1839 1267 sit
1863 1237 1901 1267 ab
1925 1246 2033 1267 amore
2055 1236 2127 1267 finis
2150 1236 2264 1267 ultimi.

1134 1397 1451 1440 ARTICULUS
1483 1397 1683 1440 NONUS

782 1492 938 1523 UTRUM
960 1492 1110 1524 monus
1132 1492 1334 1524 vau‘ms
1358 1491 1507 1523 CADAT
1531 1492 1610 1523 SUB
1633 1491 1890 1523 PRAECEPTO
1915 1492 2038 1523 LEG1s.

352 1610 354 1613 .
376 1597 379 1601 =
409 1582 501 1614 Supra,
518 1587 564 1613 qu.
582 1586 650 1611 xcvi,
668 1583 716 1604 art.
735 1578 759 1610 3,
778 1579 810 1603 ad
830 1586 861 1610 25
880 1578 913 1603 11·
932 1578 988 1608 11⁸0,
1009 1586 1052 1611 qu.
1069 1585 1135 1609 mv.
1153 1583 1200 1604 nrt.
1217 1586 1244 1610 4,
1262 1578 1296 1603 ad
1318 1585 1344 1608 1;
1363 1578 1383 1603 ΙΙ
1404 1579 1486 1608 8εηι.,
1507 1579 1565 1603 dist.
1584 1586 1670 1608 xxvm,
1689 1584 1736 1604 art.
1756 1578 1785 1609 3;
1805 1579 1846 1610 IV,
1866 1579 1925 1604 dist.
1942 1586 1982 1608 xv,
2002 1586 2046 1612 qu.
2065 1586 2103 1610 111,
2121 1584 2169 1604 art.
2187 1587 2212 1611 4,
2232 1584 2281 1612 qu*
2300 1587 2321 1610 1,
2341 1580 2372 1604 ad
2393 1579 2416 1604 3.

369 1702 388 1719 „
415 1689 417 1693 ,
413 1688 487 1719 2„
538 1679 562 1704 D
589 1678 718 1704 NONUM
744 1678 798 1703 src
825 1677 1064 1704 moeson-ua.
1092 1666 1250 1704 Videtur
1279 1666 1386 1714 quod

360 1706 510 1817 '2⁴4⁴
537 1719 676 1756 modus
703 1718 849 1756 virtutis
877 1721 986 1757 cadat
1013 1719 1084 1756 sub
1110 1726 1315 1769 praecepto
1335 1719 1386 1755 le—

348 1804 358 1817 ,
363 1766 458 1853 γῗην
487 1771 604 1820 figis.
634 1773 703 1809 Est
730 1772 832 1808 enim
856 1773 996 1809 modus
1014 1772 1161 1810 virtutis
1187 1779 1229 1809 ut
1252 1771 1386 1821 aliquis

351 1820 359 1829 ”
386 1821 473 1853 ”’“Ϊ’
498 1820 635 1863 &iuste
663 1832 841 1875 operetur
864 1825 970 1872 iusta,
993 1833 1029 1862 et
1051 1825 1191 1863 fortiter
1209 1825 1328 1872 fortia,
1351 1834 1387 1861 et

326 1855 495 1916 similiter
513 1879 560 1915 de
589 1877 667 1916 aliis
681 1878 895 1916 virtutibus.
927 1878 1003 1916 Sed
1024 1879 1133 1916 Deut.
1152 1890 1212 1916 xvi
1230 1877 1250 1900 ’¹‘
1277 1890 1386 1927 prae-

326 1932 479 1982 cipitur:
499 1933 600 1968 Iuste
616 1931 719 1980 quod
734 1931 870 1968 iustum
890 1937 942 1968 est
959 1932 1164 1980 exequeris.
1181 1932 1283 1981 Ergo
1305 1943 1386 1968 mo-

326 1986 398 2023 dus
425 1984 572 2022 virtutis
602 1984 700 2022 cadit
723 1984 797 2021 ⁴sub
825 1992 1040 2034 praecepto.

381 2050 417 2076 2.
436 2038 670 2085 PRAETEREA,
693 2036 785 2075 illud
813 2037 978 2074 maxime
1009 2037 1107 2075 cadit
1134 2037 1204 2074 sub
1232 2049 1387 2086 praece-

325 2098 392 2140 pto
426 2090 533 2139 quod
561 2098 616 2129 est
653 2090 699 2128 de
726 2090 934 2128 intentione
967 2089 1198 2138 legislatoris.
1228 2091 1305 2128 Sed
1332 2090 1387 2127 in-

328 2143 445 2181 tentio
479 2143 698 2191 legislatoris
733 2143 783 2181 ad
816 2144 891 2180 hoc
917 2143 1170 2192 principaliter
1197 2144 1312 2181 fertur
1347 2151 1389 2181 ut

186 2209 203 2231 ι,
216 2209 240 2226 n.
254 2210 274 2232 s·
289 2214 299 2218 -
325 2197 503 2234 homines
521 2196 632 2234 faciat
649 2196 853 2244 virtuosos,
869 2196 964 2233 sicut
983 2196 1115 2234 dicitur
1132 2196 1171 2234 in
1191 2198 1222 2234 11
1237 2197 1386 2234 Ennia*

309 2250 494 2289 .Virtuosi
526 2257 652 2286 autem
681 2256 742 2286 ‘est
768 2249 936 2286 virtuose
965 2261 1087 2297 agere.
1117 2250 1217 2298 Ergo
1246 2250 1386 2287 modus

326 2302 474 2340 virtutis
503 2302 603 2340 cadit
630 2302 700 2339 sub
728 2309 945 2351 praecepto.

382 2356 417 2393 3.
445 2356 678 2400 Pmrmr,
707 2354 847 2392 modus
874 2354 1020 2392 virtutis
1046 2355 1199 2404 proprie
1228 2368 1311 2392 esse
1330 2355 1388 2393 vi-

326 2409 436 2446 detur
461 2416 504 2445 ut
536 2407 671 2457 aliquis
697 2407 910 2445 voluntarie
938 2415 974 2444 et
1001 2407 1268 2446 delectabiliter
1296 2421 1385 2457 ope-

325 2469 438 2499 retur.
460 2461 538 2498 Sed
564 2462 640 2498 hoc
668 2461 767 2498 cadit
794 2461 864 2497 sub
884 2468 1087 2509 praecepto
1107 2461 1197 2509 legis
1217 2462 1386 2499 divinae:

327 2514 460 2552 dicitur
485 2514 587 2551 enim
606 2514 645 2550 in
665 2515 818 2551 Psalmo
838 2525 920 2550 xoix
939 2513 976 2550 *ε
1006 2514 1147 2551 Servite
1163 2515 1328 2552 Domino
1348 2516 1385 2552 in

327 2567 487 2613 laetitia;
515 2574 551 2603 et
580 2568 611 2603 II
641 2567 692 2603 ad
723 2567 810 2603 Cor.
840 2579 875 2603 ix
893 2566 928 2603 *z
957 2567 1048 2603 Non
1078 2579 1128 2604 ex
1150 2568 1294 2605 tristitia
1322 2574 1389 2605 aut

327 2633 377 2658 ex
395 2620 628 2658 necessitate:
646 2619 805 2656 hilarem
825 2620 924 2656 enim
944 2620 1112 2658 datorem
1132 2620 1254 2671 diligit
1265 2622 1387 2664 Deus,-

327 2672 394 2710 ubi
422 2673 558 2710 Glossa
576 2672 596 2694 '¹‘
624 2672 732 2709 dicit:
765 2673 954 2721 Quidquid
980 2673 1200 2721 bonifacis,
1219 2686 1305 2711 cum
1333 2675 1387 2711 hi-

327 2725 475 2762 laritate
490 2727 574 2773 sac,
603 2731 640 2761 et
665 2731 752 2762 tunc
769 2727 860 2762 bene
870 2726 999 2773 facis.-
1025 2726 1058 2762 si
1075 2732 1200 2763 autem
1219 2738 1304 2764 cum
1324 2728 1388 2764 tri-

328 2777 424 2815 stitia
441 2778 558 2826 facis‚
575 2778 630 2825 fit
654 2778 700 2814 de
726 2783 760 2814 te
779 2783 808 2824 α,
837 2790 911 2814 non
932 2784 970 2814 tu
978 2779 1094 2826 sacis.
1125 2779 1227 2827 Ergo
1247 2780 1387 2817 modus

327 2830 474 2868 virtutis
503 2830 602 2867 cadit
628 2831 699 2867 sub
726 2838 929 2880 praecepto
957 2830 1059 2879 legis.

383 2883 458 2920 SED
491 2894 656 2928 CONTRA,
685 2883 809 2920 nullus
844 2891 971 2932 potest
1002 2884 1151 2933 operari
1188 2881 1243 2922 eo⁴
1267 2886 1385 2925 modo

330 2948 406 2995 quo
427 2943 604 2984 operatur
622 2936 825 2983 virtuosus,
841 2936 912 2974 nisi
930 2937 1068 2974 habeat
1087 2937 1260 2975 habitum
1272 2939 1387 2976 virtu-

330 2989 394 3035 tis;
414 2996 456 3026 ut
474 2996 576 3037 patet
593 3001 662 3037 per
677 2989 965 3038 Philosophum,
981 2989 1020 3027 in
1035 2991 1067 3027 II
1082 2990 1102 3012 *⁸
1117 2999 1153 3028 et
1166 2991 1330 3029 VEthic.
1347 2991 1387 3014 *²¹⁵

290 3064 300 3068 -
331 3042 575 3089 Quicumque
604 3049 732 3079 autem
760 3043 1028 3090 transgreditur
1062 3051 1308 3092 praeceptum
1337 3046 1387 3082 le-

329 3095 400 3142 gis,
431 3102 599 3132 meretur
626 3107 803 3143 poenam.
825 3096 1055 3143 Sequeretur
1084 3107 1172 3144 ergo
1202 3097 1307 3144 quod
1327 3097 1386 3134 ille

330 3148 394 3196 qui
423 3160 501 3184 non
524 3148 640 3184 habet
657 3146 829 3184 habitum
847 3147 1004 3193 virtutis,
1026 3147 1208 3198 quidquid
1236 3149 1387 3198 faceret,

329 3209 537 3238 mereretur
551 3213 729 3249 poenam.
747 3201 832 3237 Hoc
847 3208 975 3238 autem
992 3208 1047 3237 est
1067 3208 1197 3238 contra
1213 3201 1386 3239 intentio-

329 3266 418 3290 nem
444 3253 546 3301 legis,
568 3266 666 3302 quae
691 3253 848 3290 intendit
870 3253 1080 3300 hominem,
1101 3255 1387 3292 assuefaciendo

329 3306 376 3343 ad
406 3307 507 3343 bona
536 3319 664 3355 opera,
685 3306 863 3343 inducere
893 3307 940 3342 ad
965 3306 1154 3343 virtutem.
1176 3307 1267 3344 Non
1297 3320 1386 3356 ergo

329 3359 469 3396 modus
498 3359 642 3396 virtutis
672 3359 771 3396 cadit
798 3359 868 3396 sub
896 3366 1114 3407 praecepto,

360 3486 362 3488 >
381 3476 408 3508 α)
420 3477 458 3509 fit
477 3477 509 3502 de
527 3480 560 3502 te.
578 3491 596 3495 -
614 3481 640 3501 et
658 3478 695 3502 sic
714 3478 746 3502 de
766 3480 791 3502 te
810 3477 838 3507 B,
859 3477 891 3502 de
910 3480 934 3501 re
953 3477 983 3506 Κ,
1003 3477 1040 3502 sic
1061 3477 1160 3502 directe
1181 3477 1226 3502 Pa.

469 3565 578 3589 Summam
597 3565 697 3589 Tuam..
718 3565 748 3589 D.
762 3565 875 3589 Timum
888 3565 920 3589 T.
941 3565 981 3589 IV.

1493 1667 1718 1703 Respouneo
1737 1678 1921 1704 DICENDUM
1941 1667 2058 1715 quod,
2079 1666 2174 1704 sicut
2192 1680 2306 1716 supra
2324 1667 2344 1689 ’¹‘
2359 1667 2500 1704 dictum

1441 1726 1506 1766 est,
1527 1727 1772 1768 praeceptum
1801 1719 1892 1767 legis
1918 1720 2032 1756 habet
2050 1719 2130 1757 vim
2152 1721 2376 1758 coactivam.
2407 1721 2501 1758 Illud

1441 1784 1529 1819 ergo
1560 1772 1698 1809 directe
1728 1772 1827 1809 cadit
1854 1773 1924 1809 sub
1952 1781 2156 1822 praecepto
2185 1774 2291 1822 legis,
2321 1774 2368 1811 ad
2397 1774 2501 1823 quod

1439 1825 1497 1861 lex
1531 1825 1640 1873 cogit.
1672 1825 1830 1862 Coactio
1868 1833 1996 1862 autem
2029 1826 2121 1874 legis
2159 1834 2215 1863 est
2250 1839 2320 1875 per
2355 1835 2500 1864 metum

1439 1890 1600 1926 poenae,
1620 1885 1662 1915 ut
1686 1878 1822 1916 dicitur
1849 1879 1884 1915 X
1902 1879 2023 1916 Ethic.
2043 1878 2084 1915 *ε
2113 1892 2202 1916 nam
2233 1879 2322 1916 illud
2347 1880 2499 1928 proprie

1441 1931 1539 1968 cadit
1558 1932 1628 1968 sub
1647 1938 1852 1980 praecepto
1881 1931 1984 1979 legis⁷
2005 1944 2074 1980 pro
2095 1944 2172 1981 quo
2191 1945 2318 1980 poena
2338 1933 2427 1980 legis
2447 1933 2501 1970 in-

1439 1984 1588 2032 fligitur.
1609 1984 1671 2021 Ad
1698 1984 1967 2022 instituendam
1989 1992 2115 2022 autem
2145 1997 2313 2033 poenam
2338 1986 2442 2023 aliter
2462 1998 2501 2022 se

1439 2037 1554 2074 habet
1572 2038 1629 2074 lex
1650 2036 1789 2084 divina,
1810 2045 1847 2075 et
1865 2038 1924 2074 lex
1942 2038 2124 2075 humana.
2140 2039 2231 2075 Non
2253 2038 2355 2075 enim
2375 2051 2502 2087 poena

1438 2090 1529 2138 legis
1556 2090 1734 2138 infligitur
1760 2090 1832 2128 nisi
1859 2102 1930 2139 pro
1959 2090 2028 2128 illis
2066 2091 2112 2128 de
2141 2091 2278 2139 quibus
2315 2092 2503 2139 legislator

1437 2144 1554 2180 habet
1581 2143 1766 2180 iudicare:
1795 2143 1885 2191 quia
1913 2156 1959 2180 ex
1982 2143 2121 2181 iudicio
2151 2145 2209 2180 lex
2228 2145 2348 2193 punit.
2370 2145 2501 2182 Homo

1439 2204 1579 2243 autem,
1602 2197 1667 2244 qui
1695 2204 1750 2233 est
1778 2196 1868 2244 legis
1900 2197 1996 2234 lator
2023 2198 2214 2234 humanae
2235 2196 2260 2245 β,
2282 2210 2360 2234 non
2388 2198 2503 2234 habet

1440 2250 1605 2286 iudicare
1625 2249 1696 2286 nisi
1715 2250 1762 2287 de
1782 2250 2029 2286 exterioribus
2048 2250 2209 2287 actibus:
2230 2250 2318 2299 quia
2336 2251 2503 2287 homines

1439 2303 1563 2339 vident
1581 2315 1626 2339 ea
1646 2314 1743 2351 quae
1763 2305 1912 2351 parent,
1934 2310 1974 2340 ut
1993 2302 2128 2340 dicitur
2148 2305 2161 2339 1
2182 2304 2279 2353 Reg.
2299 2315 2359 2340 xw
2377 2304 2408 2340 ²¹⁶.
2426 2305 2502 2340 Sed

1440 2356 1556 2392 solius
1579 2356 1664 2403 Dei,
1685 2355 1748 2404 qui
1769 2363 1825 2392 est
1843 2356 1939 2392 lator
1956 2355 2048 2404 legis
2069 2356 2233 2403 divinae,
2255 2364 2311 2393 est
2337 2357 2501 2394 iudicare

1440 2409 1488 2446 de
1525 2408 1764 2446 interioribus
1800 2408 1968 2446 motibus
1999 2409 2262 2455 voluntatum3
2292 2412 2500 2447 secundum

1439 2462 1529 2498 illud
1557 2461 1697 2498 Psalmi
1723 2474 1771 2498 vu
1795 2461 1832 2498 *ε
1863 2463 2043 2499 Scrutaris
2065 2463 2181 2499 corda
2200 2468 2236 2498 et
2261 2474 2368 2499 renes
2385 2464 2500 2499 Deus.

1495 2514 1713 2552 Secundum
1742 2515 1816 2551 hoc
1843 2514 1952 2562 igitur
1977 2515 2182 2552 dicendum
2213 2523 2268 2551 est
2295 2515 2399 2564 quod
2419 2528 2503 2552 mo-

1441 2568 1511 2605 dus
1539 2567 1685 2604 virtutis
1714 2575 1899 2617 quantum
1927 2569 1975 2605 ad
2000 2568 2142 2616 aliquid
2167 2568 2362 2616 respicitur
2381 2581 2402 2604 a
2422 2569 2503 2615 lege

1439 2622 1609 2658 humana
1638 2628 1674 2657 et
1701 2621 1851 2668 divina;
1880 2629 2064 2669 quantum
2094 2621 2143 2658 ad
2172 2621 2314 2668 aliquid
2352 2628 2500 2668 autem,

1441 2687 1463 2710 a
1490 2675 1571 2721 lege
1592 2673 1720 2711 divina
1748 2675 1815 2711 sed
1844 2686 1922 2710 non
1951 2686 1974 2711 a
2001 2675 2081 2722 lege
2102 2674 2285 2718 humana;
2316 2681 2501 2722 quantum

1441 2727 1488 2764 ad
1517 2727 1659 2775 aliquid
1685 2739 1801 2773 vero,
1828 2739 1899 2763 nec
1927 2739 1950 2763 a
1968 2727 2049 2775 lege
2078 2727 2247 2763 humana
2273 2738 2342 2762 nec
2371 2739 2392 2762 a
2420 2727 2502 2773 lege

1442 2779 1581 2817 divina.
1609 2780 1751 2816 Modus
1780 2786 1907 2816 autem
1935 2779 2082 2816 virtutis
2110 2779 2147 2815 in
2177 2779 2294 2815 tribus
2323 2779 2501 2825 consistit,

1441 2833 1653 2869 secundum
1682 2832 1977 2881 Philosophum,
2007 2833 2043 2869 in
2074 2833 2103 2868 II
2132 2832 2251 2868 Ethic.
2272 2831 2302 2868 ²¹⁸.
2325 2833 2539 2878 Quorum·

1439 2886 1608 2935 primum
1629 2893 1696 2933 est,
1717 2885 1747 2922 si
1771 2885 1905 2934 aliquis
1925 2893 2102 2934 operetur
2123 2885 2253 2921 sciens.
2271 2885 2356 2920 Hoc
2376 2892 2502 2921 autem

1442 2939 1666 2977 diiudicatur
1695 2946 1730 2975 et
1758 2951 1781 2975 a
1808 2939 1889 2986 lege
1923 2938 2051 2975 divina
2089 2945 2124 2973 et
2156 2950 2178 2974 a
2206 2938 2287 2984 lege
2321 2938 2501 2974 humana.

1442 2992 1558 3038 Quod
1587 2992 1688 3028 enim
1721 2991 1855 3040 aliquis
1887 2991 1974 3028 facit
2006 2991 2201 3038 ignorans,
2231 3002 2299 3038 per
2327 2990 2503 3030 accidens

1441 3045 1539 3082 facit.
1570 3045 1680 3082 Unde
1709 3044 1920 3080 secundum
1950 3043 2200 3091 ignorantiam
2225 3042 2350 3091 aliqua
2371 3043 2504 3080 diiudi-

1442 3105 1572 3134 cantur
1596 3097 1645 3134 ad
1669 3109 1836 3145 poenam
1856 3097 1918 3132 vel
1939 3097 1987 3132 ad
2006 3095 2170 3142 veniam,
2192 3103 2269 3132 tam
2290 3095 2502 3133 seeundum

1442 3152 1564 3198 legem
1580 3151 1790 3186 humanam
1811 3161 1927 3196 quam
1944 3148 2155 3185 secundum
2175 3149 2298 3197 legem
2319 3148 2502 3186 divinam.

1497 3202 1717 3239 Secundum
1752 3209 1879 3238 autem
1908 3209 1964 3238 est
1994 3209 2036 3237 ut
2062 3201 2197 3248 aliquis
2231 3209 2411 3250 operetur
2443 3213 2504 3239 νο-

1442 3256 1541 3301 lens,
1571 3255 1632 3291 vel
1661 3255 1802 3303 eligens
1829 3259 1863 3290 et
1888 3259 2045 3302 propter
2072 3255 2141 3290 hoc
2169 3254 2332 3303 eligens,·
2360 3255 2398 3291 in
2427 3267 2503 3303 quo

1442 3309 1666 3356 importatur
1696 3307 1834 3355 duplex
1862 3314 1987 3343 motus
2017 3306 2181 3353 interior,
2211 3307 2350 3344 scilicet
2369 3308 2504 3344 volun-

1443 3361 1525 3397 tatis
1552 3368 1589 3396 et
1608 3359 1835 3405 intentionis,
1862 3360 1909 3396 de
1939 3359 2077 3407 quibus
2102 3372 2216 3409 supra
2234 3359 2254 3381 *
2274 3360 2414 3397 dictum
2438 3369 2502 3397 est.

1442 3513 1451 3537 ι
1491 3476 1606 3536 JOKIegis
1621 3478 1692 3502 lator
1706 3478 1846 3502 humanae.
1863 3491 1881 3496 —
1900 3478 1970 3502 lator
1989 3477 2055 3509 legis
2069 3478 2200 3502 humanae
2219 3478 2269 3508 EF,
2289 3478 2359 3502 lator
2374 3478 2504 3502 humanae

1452 3519 1509 3546 egis
1552 3531 1558 3537 .

2332 3565 2362 3590 28

2528 1674 2596 1723 aszu
2612 1680 2648 1700 xc,
2665 1678 2706 1695 art.
2718 1679 2739 1702 3,

2529 1888 2740 1914 'Ca1n14.·

2529 1915 2675 1936 S.T.1ect.

2530 2315 2539 2325 '³
2555 2314 2623 2335 Vers.
2638 2320 2658 2342 7.

2530 2422 2537 2430 ·
2555 2421 2621 2442 Vers.
2637 2426 2668 2441 ιο.

2530 2843 2679 2891 s.·rliss¹⁷12’ct¹.¹
2683 2849 2724 2891 wi
2731 2853 2742 2858 “

2534 3374 2540 3381 ·
2558 3372 2604 3399 Qu.
2620 3376 2673 3397 vin,
2689 3375 2728 3391 xu.
