<?xml version="1.0" encoding="UTF-8"?>
<!DOCTYPE html PUBLIC "-//W3C//DTD XHTML 1.0 Transitional//EN"
    "http://www.w3.org/TR/xhtml1/DTD/xhtml1-transitional.dtd">
<html xmlns="http://www.w3.org/1999/xhtml" xml:lang="en" lang="en">
 <head>
  <title>
</title>
<meta http-equiv="Content-Type" content="text/html;charset=utf-8" />
  <meta name='ocr-system' content='tesseract 3.04.00' />
  <meta name='ocr-capabilities' content='ocr_page ocr_carea ocr_par ocr_line ocrx_word'/>
</head>
<body>
  <div class='ocr_page' id='page_1' title='image "./operaomniaiussui07thom/operaomniaiussui07thom_0048.png"; bbox 0 0 2840 4010; ppageno 0'>
   <div class='ocr_carea' id='block_1_1' title="bbox 135 416 274 444">
    <p class='ocr_par' dir='ltr' id='par_1_1' title="bbox 135 416 274 444">
     <span class='ocr_line' id='line_1_1' title="bbox 135 416 274 444; baseline -0.007 -5"><span class='ocrx_word' id='word_1_1' title='bbox 135 418 146 428; x_wconf 70' lang='lat'>¹*</span> <span class='ocrx_word' id='word_1_2' title='bbox 162 416 218 444; x_wconf 80' lang='lat' dir='ltr'>Cap.</span> <span class='ocrx_word' id='word_1_3' title='bbox 232 423 274 438; x_wconf 68' lang='grc' dir='ltr'>ιιι.</span> 
     </span>
    </p>
   </div>
   <div class='ocr_carea' id='block_1_2' title="bbox 134 574 309 602">
    <p class='ocr_par' dir='ltr' id='par_1_2' title="bbox 134 574 309 602">
     <span class='ocr_line' id='line_1_2' title="bbox 134 574 309 602; baseline 0 -7"><span class='ocrx_word' id='word_1_4' title='bbox 134 574 145 584; x_wconf 76' lang='grc'><em>“</em></span> <span class='ocrx_word' id='word_1_5' title='bbox 158 574 210 595; x_wconf 80' lang='lat' dir='ltr'>Art.</span> <span class='ocrx_word' id='word_1_6' title='bbox 224 579 240 601; x_wconf 90' lang='lat'>1,</span> <span class='ocrx_word' id='word_1_7' title='bbox 255 579 274 600; x_wconf 82' lang='lat'>2,</span> <span class='ocrx_word' id='word_1_8' title='bbox 288 580 309 602; x_wconf 86' lang='lat'>3.</span> 
     </span>
    </p>
   </div>
   <div class='ocr_carea' id='block_1_3' title="bbox 134 2726 342 2754">
    <p class='ocr_par' dir='ltr' id='par_1_3' title="bbox 134 2726 342 2754">
     <span class='ocr_line' id='line_1_3' title="bbox 134 2726 342 2754; baseline 0 -6"><span class='ocrx_word' id='word_1_9' title='bbox 134 2728 144 2737; x_wconf 86' lang='grc'><em>·</em></span> <span class='ocrx_word' id='word_1_10' title='bbox 153 2726 202 2754; x_wconf 90' lang='lat' dir='ltr'>Qu.</span> <span class='ocrx_word' id='word_1_11' title='bbox 209 2731 342 2754; x_wconf 85' lang='lat' dir='ltr'>xxx1,art.1.</span> 
     </span>
    </p>
   </div>
   <div class='ocr_carea' id='block_1_4' title="bbox 368 187 420 223">
    <p class='ocr_par' dir='ltr' id='par_1_4' title="bbox 368 187 420 223">
     <span class='ocr_line' id='line_1_4' title="bbox 368 187 420 223; baseline 0 -10"><span class='ocrx_word' id='word_1_12' title='bbox 368 187 420 223; x_wconf 92' lang='lat'>40</span> 
     </span>
    </p>
   </div>
   <div class='ocr_carea' id='block_1_5' title="bbox 370 255 1433 934">
    <p class='ocr_par' dir='ltr' id='par_1_5' title="bbox 373 255 1432 345">
     <span class='ocr_line' id='line_1_5' title="bbox 373 255 1432 304; baseline -0.003 -12"><span class='ocrx_word' id='word_1_13' title='bbox 373 257 436 293; x_wconf 87' lang='lat' dir='ltr'>vel</span> <span class='ocrx_word' id='word_1_14' title='bbox 465 257 609 293; x_wconf 89' lang='lat' dir='ltr'>ratione</span> <span class='ocrx_word' id='word_1_15' title='bbox 630 258 797 294; x_wconf 90' lang='lat' dir='ltr'>solertes.</span> <span class='ocrx_word' id='word_1_16' title='bbox 824 257 924 304; x_wconf 89' lang='lat' dir='ltr'>Ergo</span> <span class='ocrx_word' id='word_1_17' title='bbox 946 255 983 292; x_wconf 91' lang='lat' dir='ltr'>in</span> <span class='ocrx_word' id='word_1_18' title='bbox 1004 255 1147 291; x_wconf 88' lang='lat' dir='ltr'>ratione</span> <span class='ocrx_word' id='word_1_19' title='bbox 1174 266 1252 291; x_wconf 94' lang='lat' dir='ltr'>non</span> <span class='ocrx_word' id='word_1_20' title='bbox 1273 260 1327 289; x_wconf 91' lang='lat' dir='ltr'>est</span> <span class='ocrx_word' id='word_1_21' title='bbox 1345 265 1432 301; x_wconf 89' lang='lat' dir='ltr'>pec-</span> 
     </span>
     <span class='ocr_line' id='line_1_6' title="bbox 376 316 513 345; baseline 0.007 -1"><span class='ocrx_word' id='word_1_22' title='bbox 376 316 513 345; x_wconf 90' lang='lat' dir='ltr'>catum.</span> 
     </span>
    </p>

    <p class='ocr_par' dir='ltr' id='par_1_6' title="bbox 373 357 1432 512">
     <span class='ocr_line' id='line_1_7' title="bbox 428 357 1431 409; baseline -0.004 -12"><span class='ocrx_word' id='word_1_23' title='bbox 428 361 502 397; x_wconf 84' lang='lat' dir='ltr'>SED</span> <span class='ocrx_word' id='word_1_24' title='bbox 531 372 676 398; x_wconf 77' lang='lat' dir='ltr'><strong>CONTRA</strong></span> <span class='ocrx_word' id='word_1_25' title='bbox 694 372 759 397; x_wconf 85' lang='lat' dir='ltr'>EST</span> <span class='ocrx_word' id='word_1_26' title='bbox 785 360 889 409; x_wconf 92' lang='lat' dir='ltr'>quod</span> <span class='ocrx_word' id='word_1_27' title='bbox 908 358 1139 406; x_wconf 87' lang='lat' dir='ltr'>Augustinus</span> <span class='ocrx_word' id='word_1_28' title='bbox 1160 357 1258 404; x_wconf 87' lang='lat' dir='ltr'>dicit,</span> <span class='ocrx_word' id='word_1_29' title='bbox 1279 357 1317 394; x_wconf 94' lang='lat' dir='ltr'>in</span> <span class='ocrx_word' id='word_1_30' title='bbox 1336 357 1431 394; x_wconf 93' lang='lat' dir='ltr'>libro</span> 
     </span>
     <span class='ocr_line' id='line_1_8' title="bbox 373 409 1432 460; baseline -0.003 -11"><span class='ocrx_word' id='word_1_31' title='bbox 373 413 442 449; x_wconf 90' lang='lat' dir='ltr'>XII</span> <span class='ocrx_word' id='word_1_32' title='bbox 472 413 517 449; x_wconf 86' lang='lat' dir='ltr'>de</span> <span class='ocrx_word' id='word_1_33' title='bbox 540 414 641 450; x_wconf 87' lang='lat' dir='ltr'>Trin.</span> <span class='ocrx_word' id='word_1_34' title='bbox 658 413 689 459; x_wconf 64' lang='lat'>³⁸,</span> <span class='ocrx_word' id='word_1_35' title='bbox 710 414 814 460; x_wconf 91' lang='lat' dir='ltr'>quod</span> <span class='ocrx_word' id='word_1_36' title='bbox 841 418 1042 460; x_wconf 88' lang='lat' dir='ltr'>peceatum</span> <span class='ocrx_word' id='word_1_37' title='bbox 1071 417 1126 447; x_wconf 85' lang='lat' dir='ltr'>est</span> <span class='ocrx_word' id='word_1_38' title='bbox 1145 410 1183 446; x_wconf 93' lang='lat' dir='ltr'>in</span> <span class='ocrx_word' id='word_1_39' title='bbox 1203 409 1345 446; x_wconf 91' lang='lat' dir='ltr'>ratione</span> <span class='ocrx_word' id='word_1_40' title='bbox 1376 410 1432 447; x_wconf 90' lang='lat' dir='ltr'>in-</span> 
     </span>
     <span class='ocr_line' id='line_1_9' title="bbox 373 463 1025 512; baseline 0 -11"><span class='ocrx_word' id='word_1_41' title='bbox 373 466 500 502; x_wconf 82' lang='lat' dir='ltr'>feriori</span> <span class='ocrx_word' id='word_1_42' title='bbox 529 473 564 502; x_wconf 92' lang='lat' dir='ltr'>et</span> <span class='ocrx_word' id='word_1_43' title='bbox 591 466 630 502; x_wconf 91' lang='lat' dir='ltr'>in</span> <span class='ocrx_word' id='word_1_44' title='bbox 658 465 801 502; x_wconf 91' lang='lat' dir='ltr'>ratione</span> <span class='ocrx_word' id='word_1_45' title='bbox 830 463 1025 512; x_wconf 85' lang='lat' dir='ltr'>superiori.</span> 
     </span>
    </p>

    <p class='ocr_par' dir='ltr' id='par_1_7' title="bbox 370 514 1433 934">
     <span class='ocr_line' id='line_1_10' title="bbox 427 514 1432 564; baseline -0.004 -9"><span class='ocrx_word' id='word_1_46' title='bbox 427 518 651 554; x_wconf 61' lang='lat' dir='ltr'>Responnsso</span> <span class='ocrx_word' id='word_1_47' title='bbox 671 528 854 553; x_wconf 83' lang='lat' dir='ltr'>DICENDUM</span> <span class='ocrx_word' id='word_1_48' title='bbox 882 516 986 564; x_wconf 85' lang='lat' dir='ltr'>quod</span> <span class='ocrx_word' id='word_1_49' title='bbox 1014 523 1214 564; x_wconf 88' lang='lat' dir='ltr'>peccatum</span> <span class='ocrx_word' id='word_1_50' title='bbox 1235 514 1432 552; x_wconf 88' lang='lat' dir='ltr'>cuiuslibet</span> 
     </span>
     <span class='ocr_line' id='line_1_11' title="bbox 371 567 1433 618; baseline -0.003 -12"><span class='ocrx_word' id='word_1_51' title='bbox 371 570 562 618; x_wconf 87' lang='lat' dir='ltr'>potentiae</span> <span class='ocrx_word' id='word_1_52' title='bbox 592 569 758 607; x_wconf 86' lang='lat' dir='ltr'>consistit</span> <span class='ocrx_word' id='word_1_53' title='bbox 779 569 818 604; x_wconf 90' lang='lat' dir='ltr'>in</span> <span class='ocrx_word' id='word_1_54' title='bbox 837 576 921 604; x_wconf 85' lang='lat' dir='ltr'>actu</span> <span class='ocrx_word' id='word_1_55' title='bbox 951 568 1083 616; x_wconf 92' lang='lat' dir='ltr'>ipsius,</span> <span class='ocrx_word' id='word_1_56' title='bbox 1105 567 1201 604; x_wconf 87' lang='lat' dir='ltr'>sicut</span> <span class='ocrx_word' id='word_1_57' title='bbox 1224 579 1268 604; x_wconf 85' lang='lat' dir='ltr'>ex</span> <span class='ocrx_word' id='word_1_58' title='bbox 1289 567 1395 604; x_wconf 90' lang='lat' dir='ltr'>dictis</span> <span class='ocrx_word' id='word_1_59' title='bbox 1413 567 1433 589; x_wconf 72' lang='lat'>&#39;¹‘</span> 
     </span>
     <span class='ocr_line' id='line_1_12' title="bbox 370 621 1431 670; baseline -0.002 -12"><span class='ocrx_word' id='word_1_60' title='bbox 370 629 484 670; x_wconf 92' lang='lat' dir='ltr'>patet.</span> <span class='ocrx_word' id='word_1_61' title='bbox 515 622 640 658; x_wconf 87' lang='lat' dir='ltr'>Habet</span> <span class='ocrx_word' id='word_1_62' title='bbox 667 628 794 657; x_wconf 92' lang='lat' dir='ltr'>autem</span> <span class='ocrx_word' id='word_1_63' title='bbox 814 621 907 658; x_wconf 88' lang='lat' dir='ltr'>ratio</span> <span class='ocrx_word' id='word_1_64' title='bbox 929 621 1119 670; x_wconf 88' lang='lat' dir='ltr'>duplicem</span> <span class='ocrx_word' id='word_1_65' title='bbox 1143 628 1286 657; x_wconf 91' lang='lat' dir='ltr'>actum:</span> <span class='ocrx_word' id='word_1_66' title='bbox 1310 632 1431 657; x_wconf 90' lang='lat' dir='ltr'>unum</span> 
     </span>
     <span class='ocr_line' id='line_1_13' title="bbox 372 673 1432 722; baseline -0.001 -12"><span class='ocrx_word' id='word_1_67' title='bbox 372 673 529 722; x_wconf 87' lang='lat' dir='ltr'>quidem</span> <span class='ocrx_word' id='word_1_68' title='bbox 557 673 768 711; x_wconf 91' lang='lat' dir='ltr'>secundum</span> <span class='ocrx_word' id='word_1_69' title='bbox 798 685 854 720; x_wconf 92' lang='lat' dir='ltr'>se,</span> <span class='ocrx_word' id='word_1_70' title='bbox 889 673 928 711; x_wconf 92' lang='lat' dir='ltr'>in</span> <span class='ocrx_word' id='word_1_71' title='bbox 957 673 1240 722; x_wconf 87' lang='lat' dir='ltr'>comparatione</span> <span class='ocrx_word' id='word_1_72' title='bbox 1269 674 1316 710; x_wconf 91' lang='lat' dir='ltr'>ad</span> <span class='ocrx_word' id='word_1_73' title='bbox 1345 685 1432 722; x_wconf 90' lang='lat' dir='ltr'>pro-</span> 
     </span>
     <span class='ocr_line' id='line_1_14' title="bbox 370 725 1432 775; baseline 0 -13"><span class='ocrx_word' id='word_1_74' title='bbox 370 726 496 774; x_wconf 91' lang='lat' dir='ltr'>prium</span> <span class='ocrx_word' id='word_1_75' title='bbox 516 726 721 773; x_wconf 89' lang='lat' dir='ltr'>obiectum,</span> <span class='ocrx_word' id='word_1_76' title='bbox 742 726 847 775; x_wconf 92' lang='lat' dir='ltr'>quod</span> <span class='ocrx_word' id='word_1_77' title='bbox 866 734 922 764; x_wconf 90' lang='lat' dir='ltr'>est</span> <span class='ocrx_word' id='word_1_78' title='bbox 941 738 1169 774; x_wconf 87' lang='lat' dir='ltr'>cognoscere</span> <span class='ocrx_word' id='word_1_79' title='bbox 1194 725 1348 774; x_wconf 89' lang='lat' dir='ltr'>aliquod</span> <span class='ocrx_word' id='word_1_80' title='bbox 1366 738 1432 762; x_wconf 88' lang='lat' dir='ltr'>ve-</span> 
     </span>
     <span class='ocr_line' id='line_1_15' title="bbox 371 779 1431 826; baseline -0.001 -12"><span class='ocrx_word' id='word_1_81' title='bbox 371 790 473 824; x_wconf 90' lang='lat' dir='ltr'>rum;</span> <span class='ocrx_word' id='word_1_82' title='bbox 507 779 601 815; x_wconf 92' lang='lat' dir='ltr'>alius</span> <span class='ocrx_word' id='word_1_83' title='bbox 638 787 764 816; x_wconf 89' lang='lat' dir='ltr'>autem</span> <span class='ocrx_word' id='word_1_84' title='bbox 794 786 898 817; x_wconf 89' lang='lat' dir='ltr'>actus</span> <span class='ocrx_word' id='word_1_85' title='bbox 931 780 1085 817; x_wconf 87' lang='lat' dir='ltr'>rationis</span> <span class='ocrx_word' id='word_1_86' title='bbox 1119 786 1173 815; x_wconf 90' lang='lat' dir='ltr'>est</span> <span class='ocrx_word' id='word_1_87' title='bbox 1205 779 1431 826; x_wconf 83' lang='lat' dir='ltr'>inquantum</span> 
     </span>
     <span class='ocr_line' id='line_1_16' title="bbox 372 830 1430 879; baseline -0.001 -12"><span class='ocrx_word' id='word_1_88' title='bbox 372 838 427 867; x_wconf 90' lang='lat' dir='ltr'>est</span> <span class='ocrx_word' id='word_1_89' title='bbox 447 831 626 868; x_wconf 87' lang='lat' dir='ltr'>directiva</span> <span class='ocrx_word' id='word_1_90' title='bbox 646 832 805 869; x_wconf 89' lang='lat' dir='ltr'>aliarum</span> <span class='ocrx_word' id='word_1_91' title='bbox 823 833 972 870; x_wconf 83' lang='lat' dir='ltr'>virium.</span> <span class='ocrx_word' id='word_1_92' title='bbox 994 833 1166 879; x_wconf 92' lang='lat' dir='ltr'>Utroque</span> <span class='ocrx_word' id='word_1_93' title='bbox 1185 831 1293 878; x_wconf 84' lang='lat' dir='ltr'>igitur</span> <span class='ocrx_word' id='word_1_94' title='bbox 1311 830 1430 867; x_wconf 89' lang='lat' dir='ltr'>modo</span> 
     </span>
     <span class='ocr_line' id='line_1_17' title="bbox 373 883 1431 934; baseline -0.002 -14"><span class='ocrx_word' id='word_1_95' title='bbox 373 884 552 932; x_wconf 88' lang='lat' dir='ltr'>contingit</span> <span class='ocrx_word' id='word_1_96' title='bbox 573 897 654 921; x_wconf 91' lang='lat' dir='ltr'>esse</span> <span class='ocrx_word' id='word_1_97' title='bbox 673 893 873 934; x_wconf 90' lang='lat' dir='ltr'>peccatum</span> <span class='ocrx_word' id='word_1_98' title='bbox 893 885 931 922; x_wconf 89' lang='lat' dir='ltr'>in</span> <span class='ocrx_word' id='word_1_99' title='bbox 951 885 1106 922; x_wconf 90' lang='lat' dir='ltr'>ratione.</span> <span class='ocrx_word' id='word_1_100' title='bbox 1135 885 1184 920; x_wconf 92' lang='lat' dir='ltr'>Et</span> <span class='ocrx_word' id='word_1_101' title='bbox 1205 883 1330 932; x_wconf 89' lang='lat' dir='ltr'>primo</span> <span class='ocrx_word' id='word_1_102' title='bbox 1352 883 1431 932; x_wconf 93' lang='lat' dir='ltr'>qui-</span> 
     </span>
    </p>
   </div>
   <div class='ocr_carea' id='block_1_6' title="bbox 356 936 1431 986">
    <p class='ocr_par' dir='ltr' id='par_1_8' title="bbox 356 936 1431 986">
     <span class='ocr_line' id='line_1_18' title="bbox 356 936 1431 986; baseline 0 -13"><span class='ocrx_word' id='word_1_103' title='bbox 356 937 472 984; x_wconf 84' lang='lat' dir='ltr'>dem,</span> <span class='ocrx_word' id='word_1_104' title='bbox 502 937 726 986; x_wconf 86' lang='lat' dir='ltr'>inquantum</span> <span class='ocrx_word' id='word_1_105' title='bbox 757 946 853 975; x_wconf 87' lang='lat' dir='ltr'>errat</span> <span class='ocrx_word' id='word_1_106' title='bbox 873 943 890 959; x_wconf 66' lang='grc' dir='ltr'><strong><em>α</em></strong></span> <span class='ocrx_word' id='word_1_107' title='bbox 909 938 947 974; x_wconf 91' lang='lat' dir='ltr'>in</span> <span class='ocrx_word' id='word_1_108' title='bbox 967 937 1180 985; x_wconf 89' lang='lat' dir='ltr'>cognitione</span> <span class='ocrx_word' id='word_1_109' title='bbox 1199 936 1296 973; x_wconf 83' lang='lat' dir='ltr'>veri:</span> <span class='ocrx_word' id='word_1_110' title='bbox 1327 936 1431 985; x_wconf 92' lang='lat' dir='ltr'>quod</span> 
     </span>
    </p>
   </div>
   <div class='ocr_carea' id='block_1_7' title="bbox 370 989 1432 1410">
    <p class='ocr_par' dir='ltr' id='par_1_9' title="bbox 370 989 1432 1250">
     <span class='ocr_line' id='line_1_19' title="bbox 371 989 1431 1039; baseline 0 -14"><span class='ocrx_word' id='word_1_111' title='bbox 371 989 526 1038; x_wconf 89' lang='lat' dir='ltr'>quidem</span> <span class='ocrx_word' id='word_1_112' title='bbox 552 998 643 1028; x_wconf 91' lang='lat' dir='ltr'>tunc</span> <span class='ocrx_word' id='word_1_113' title='bbox 668 991 876 1039; x_wconf 88' lang='lat' dir='ltr'>imputatur</span> <span class='ocrx_word' id='word_1_114' title='bbox 898 990 932 1026; x_wconf 93' lang='lat' dir='ltr'>ei</span> <span class='ocrx_word' id='word_1_115' title='bbox 961 990 1009 1027; x_wconf 90' lang='lat' dir='ltr'>ad</span> <span class='ocrx_word' id='word_1_116' title='bbox 1037 996 1248 1038; x_wconf 91' lang='lat' dir='ltr'>peccatum,</span> <span class='ocrx_word' id='word_1_117' title='bbox 1277 989 1431 1036; x_wconf 90' lang='lat' dir='ltr'>quando</span> 
     </span>
     <span class='ocr_line' id='line_1_20' title="bbox 371 1042 1432 1091; baseline -0.001 -12"><span class='ocrx_word' id='word_1_118' title='bbox 371 1043 486 1079; x_wconf 89' lang='lat' dir='ltr'>habet</span> <span class='ocrx_word' id='word_1_119' title='bbox 512 1042 764 1090; x_wconf 81' lang='lat' dir='ltr'>ignorantiam</span> <span class='ocrx_word' id='word_1_120' title='bbox 781 1045 843 1081; x_wconf 91' lang='lat' dir='ltr'>vel</span> <span class='ocrx_word' id='word_1_121' title='bbox 865 1055 1032 1079; x_wconf 90' lang='lat' dir='ltr'>errorem</span> <span class='ocrx_word' id='word_1_122' title='bbox 1062 1043 1160 1079; x_wconf 90' lang='lat' dir='ltr'>circa</span> <span class='ocrx_word' id='word_1_123' title='bbox 1182 1042 1221 1079; x_wconf 92' lang='lat' dir='ltr'>id</span> <span class='ocrx_word' id='word_1_124' title='bbox 1241 1043 1345 1090; x_wconf 86' lang='lat' dir='ltr'>quod</span> <span class='ocrx_word' id='word_1_125' title='bbox 1363 1055 1432 1091; x_wconf 92' lang='lat' dir='ltr'>po-</span> 
     </span>
     <span class='ocr_line' id='line_1_21' title="bbox 370 1094 1431 1144; baseline 0 -13"><span class='ocrx_word' id='word_1_126' title='bbox 370 1103 442 1132; x_wconf 90' lang='lat' dir='ltr'>test</span> <span class='ocrx_word' id='word_1_127' title='bbox 461 1103 496 1132; x_wconf 89' lang='lat' dir='ltr'>et</span> <span class='ocrx_word' id='word_1_128' title='bbox 516 1096 630 1133; x_wconf 91' lang='lat' dir='ltr'>debet</span> <span class='ocrx_word' id='word_1_129' title='bbox 658 1097 762 1133; x_wconf 88' lang='lat' dir='ltr'>scire.</span> <span class='ocrx_word' id='word_1_130' title='bbox 794 1097 984 1142; x_wconf 89' lang='lat' dir='ltr'>Secundo,</span> <span class='ocrx_word' id='word_1_131' title='bbox 1015 1095 1169 1144; x_wconf 91' lang='lat' dir='ltr'>quando</span> <span class='ocrx_word' id='word_1_132' title='bbox 1197 1094 1431 1132; x_wconf 90' lang='lat' dir='ltr'>inordinatos</span> 
     </span>
     <span class='ocr_line' id='line_1_22' title="bbox 372 1148 1431 1197; baseline 0 -12"><span class='ocrx_word' id='word_1_133' title='bbox 372 1156 476 1185; x_wconf 85' lang='lat' dir='ltr'>actus</span> <span class='ocrx_word' id='word_1_134' title='bbox 508 1149 730 1186; x_wconf 88' lang='lat' dir='ltr'>inferiorum</span> <span class='ocrx_word' id='word_1_135' title='bbox 757 1149 897 1186; x_wconf 86' lang='lat' dir='ltr'>virium</span> <span class='ocrx_word' id='word_1_136' title='bbox 925 1149 988 1186; x_wconf 91' lang='lat' dir='ltr'>vel</span> <span class='ocrx_word' id='word_1_137' title='bbox 1017 1148 1193 1197; x_wconf 88' lang='lat' dir='ltr'>imperat,</span> <span class='ocrx_word' id='word_1_138' title='bbox 1222 1149 1284 1185; x_wconf 89' lang='lat' dir='ltr'>vel</span> <span class='ocrx_word' id='word_1_139' title='bbox 1319 1148 1431 1185; x_wconf 90' lang='lat' dir='ltr'>etiam</span> 
     </span>
     <span class='ocr_line' id='line_1_23' title="bbox 370 1202 1093 1250; baseline -0.001 -12"><span class='ocrx_word' id='word_1_140' title='bbox 370 1209 458 1250; x_wconf 92' lang='lat' dir='ltr'>post</span> <span class='ocrx_word' id='word_1_141' title='bbox 486 1202 797 1239; x_wconf 84' lang='lat' dir='ltr'>deliberationem</span> <span class='ocrx_word' id='word_1_142' title='bbox 826 1214 903 1238; x_wconf 88' lang='lat' dir='ltr'>non</span> <span class='ocrx_word' id='word_1_143' title='bbox 933 1209 1093 1238; x_wconf 89' lang='lat' dir='ltr'>coercet.</span> 
     </span>
    </p>

    <p class='ocr_par' dir='ltr' id='par_1_10' title="bbox 371 1253 1432 1410">
     <span class='ocr_line' id='line_1_24' title="bbox 423 1253 1432 1302; baseline -0.003 -10"><span class='ocrx_word' id='word_1_144' title='bbox 423 1256 482 1291; x_wconf 86' lang='lat' dir='ltr'>AD</span> <span class='ocrx_word' id='word_1_145' title='bbox 511 1267 647 1292; x_wconf 77' lang='lat' dir='ltr'>PRlMUM</span> <span class='ocrx_word' id='word_1_146' title='bbox 680 1267 778 1292; x_wconf 83' lang='lat' dir='ltr'>ERGO</span> <span class='ocrx_word' id='word_1_147' title='bbox 807 1266 990 1292; x_wconf 80' lang='lat' dir='ltr'>DlCENDUM</span> <span class='ocrx_word' id='word_1_148' title='bbox 1019 1253 1123 1302; x_wconf 90' lang='lat' dir='ltr'>quod</span> <span class='ocrx_word' id='word_1_149' title='bbox 1151 1253 1246 1290; x_wconf 89' lang='lat' dir='ltr'>ratio</span> <span class='ocrx_word' id='word_1_150' title='bbox 1266 1253 1326 1290; x_wconf 87' lang='lat' dir='ltr'>illa</span> <span class='ocrx_word' id='word_1_151' title='bbox 1345 1266 1432 1302; x_wconf 91' lang='lat' dir='ltr'>pro-</span> 
     </span>
     <span class='ocr_line' id='line_1_25' title="bbox 372 1306 1431 1356; baseline -0.003 -11"><span class='ocrx_word' id='word_1_152' title='bbox 372 1308 471 1345; x_wconf 89' lang='lat' dir='ltr'>cedit</span> <span class='ocrx_word' id='word_1_153' title='bbox 501 1308 547 1345; x_wconf 92' lang='lat' dir='ltr'>de</span> <span class='ocrx_word' id='word_1_154' title='bbox 576 1307 724 1344; x_wconf 87' lang='lat' dir='ltr'>defectu</span> <span class='ocrx_word' id='word_1_155' title='bbox 752 1307 905 1344; x_wconf 90' lang='lat' dir='ltr'>rationis</span> <span class='ocrx_word' id='word_1_156' title='bbox 939 1307 1003 1356; x_wconf 92' lang='lat' dir='ltr'>qui</span> <span class='ocrx_word' id='word_1_157' title='bbox 1034 1306 1194 1355; x_wconf 88' lang='lat' dir='ltr'>pertinet</span> <span class='ocrx_word' id='word_1_158' title='bbox 1221 1306 1270 1343; x_wconf 91' lang='lat' dir='ltr'>ad</span> <span class='ocrx_word' id='word_1_159' title='bbox 1305 1314 1431 1342; x_wconf 88' lang='lat' dir='ltr'>actum</span> 
     </span>
     <span class='ocr_line' id='line_1_26' title="bbox 371 1359 1431 1410; baseline -0.002 -13"><span class='ocrx_word' id='word_1_160' title='bbox 371 1361 568 1410; x_wconf 89' lang='lat' dir='ltr'>proprium</span> <span class='ocrx_word' id='word_1_161' title='bbox 598 1368 771 1409; x_wconf 92' lang='lat' dir='ltr'>respectu</span> <span class='ocrx_word' id='word_1_162' title='bbox 790 1359 934 1409; x_wconf 91' lang='lat' dir='ltr'>proprii</span> <span class='ocrx_word' id='word_1_163' title='bbox 954 1359 1107 1396; x_wconf 90' lang='lat' dir='ltr'>obiecti:</span> <span class='ocrx_word' id='word_1_164' title='bbox 1128 1366 1165 1395; x_wconf 90' lang='lat' dir='ltr'>et</span> <span class='ocrx_word' id='word_1_165' title='bbox 1183 1359 1257 1395; x_wconf 93' lang='lat' dir='ltr'>hoc</span> <span class='ocrx_word' id='word_1_166' title='bbox 1276 1359 1431 1407; x_wconf 91' lang='lat' dir='ltr'>quando</span> 
     </span>
    </p>
   </div>
   <div class='ocr_carea' id='block_1_8' title="bbox 426 1478 872 1512">
    <p class='ocr_par' dir='ltr' id='par_1_11' title="bbox 426 1478 872 1512">
     <span class='ocr_line' id='line_1_27' title="bbox 426 1478 872 1512; baseline -0.002 -9"><span class='ocrx_word' id='word_1_167' title='bbox 426 1478 453 1512; x_wconf 88' lang='grc' dir='ltr'>α)</span> <span class='ocrx_word' id='word_1_168' title='bbox 474 1481 557 1504; x_wconf 82' lang='lat' dir='ltr'>errat.</span> <span class='ocrx_word' id='word_1_169' title='bbox 575 1492 594 1497; x_wconf 92' lang='lat'>-</span> <span class='ocrx_word' id='word_1_170' title='bbox 611 1478 708 1510; x_wconf 84' lang='lat' dir='ltr'>aliquis</span> <span class='ocrx_word' id='word_1_171' title='bbox 727 1482 802 1503; x_wconf 84' lang='lat' dir='ltr'>errat</span> <span class='ocrx_word' id='word_1_172' title='bbox 819 1478 872 1508; x_wconf 77' lang='lat' dir='ltr'>EF.</span> 
     </span>
    </p>
   </div>
   <div class='ocr_carea' id='block_1_9' title="bbox 1023 176 1888 224">
    <p class='ocr_par' dir='ltr' id='par_1_12' title="bbox 1023 176 1888 224">
     <span class='ocr_line' id='line_1_28' title="bbox 1023 176 1888 224; baseline -0.001 -10"><span class='ocrx_word' id='word_1_173' title='bbox 1023 178 1287 224; x_wconf 89' lang='lat' dir='ltr'>QUAESTIO</span> <span class='ocrx_word' id='word_1_174' title='bbox 1318 176 1486 223; x_wconf 85' lang='lat' dir='ltr'>LXXIV,</span> <span class='ocrx_word' id='word_1_175' title='bbox 1515 176 1809 214; x_wconf 88' lang='lat' dir='ltr'>ARTICULUS</span> <span class='ocrx_word' id='word_1_176' title='bbox 1837 177 1888 213; x_wconf 91' lang='lat' dir='ltr'>VI</span> 
     </span>
    </p>
   </div>
   <div class='ocr_carea' id='block_1_10' title="bbox 1483 253 2545 1354">
    <p class='ocr_par' dir='ltr' id='par_1_13' title="bbox 1483 253 2545 825">
     <span class='ocr_line' id='line_1_29' title="bbox 1486 253 2543 303; baseline 0.002 -14"><span class='ocrx_word' id='word_1_177' title='bbox 1486 260 1542 289; x_wconf 90' lang='lat' dir='ltr'>est</span> <span class='ocrx_word' id='word_1_178' title='bbox 1571 253 1738 290; x_wconf 87' lang='lat' dir='ltr'>defectus</span> <span class='ocrx_word' id='word_1_179' title='bbox 1768 254 1988 301; x_wconf 88' lang='lat' dir='ltr'>cognitionis</span> <span class='ocrx_word' id='word_1_180' title='bbox 2017 255 2096 291; x_wconf 91' lang='lat' dir='ltr'>eius</span> <span class='ocrx_word' id='word_1_181' title='bbox 2125 255 2229 303; x_wconf 92' lang='lat' dir='ltr'>quod</span> <span class='ocrx_word' id='word_1_182' title='bbox 2258 254 2341 303; x_wconf 89' lang='lat' dir='ltr'>quis</span> <span class='ocrx_word' id='word_1_183' title='bbox 2370 267 2448 291; x_wconf 92' lang='lat' dir='ltr'>non</span> <span class='ocrx_word' id='word_1_184' title='bbox 2475 267 2543 303; x_wconf 89' lang='lat' dir='ltr'>po·-</span> 
     </span>
     <span class='ocr_line' id='line_1_30' title="bbox 1485 306 2543 344; baseline 0.003 -3"><span class='ocrx_word' id='word_1_185' title='bbox 1485 313 1556 342; x_wconf 91' lang='lat' dir='ltr'>test</span> <span class='ocrx_word' id='word_1_186' title='bbox 1584 306 1690 342; x_wconf 90' lang='lat' dir='ltr'>scire.</span> <span class='ocrx_word' id='word_1_187' title='bbox 1721 306 1832 342; x_wconf 89' lang='lat' dir='ltr'>Tunc</span> <span class='ocrx_word' id='word_1_188' title='bbox 1861 306 1961 342; x_wconf 92' lang='lat' dir='ltr'>enirn</span> <span class='ocrx_word' id='word_1_189' title='bbox 1989 306 2072 342; x_wconf 91' lang='lat' dir='ltr'>talis</span> <span class='ocrx_word' id='word_1_190' title='bbox 2101 307 2267 343; x_wconf 86' lang='lat' dir='ltr'>defectus</span> <span class='ocrx_word' id='word_1_191' title='bbox 2287 307 2440 343; x_wconf 90' lang='lat' dir='ltr'>rationis</span> <span class='ocrx_word' id='word_1_192' title='bbox 2465 320 2543 344; x_wconf 90' lang='lat' dir='ltr'>non</span> 
     </span>
     <span class='ocr_line' id='line_1_31' title="bbox 1487 358 2543 409; baseline 0.002 -15"><span class='ocrx_word' id='word_1_193' title='bbox 1487 365 1543 394; x_wconf 92' lang='lat' dir='ltr'>est</span> <span class='ocrx_word' id='word_1_194' title='bbox 1569 365 1782 406; x_wconf 88' lang='lat' dir='ltr'>peccatum,</span> <span class='ocrx_word' id='word_1_195' title='bbox 1813 358 1880 394; x_wconf 90' lang='lat' dir='ltr'>sed</span> <span class='ocrx_word' id='word_1_196' title='bbox 1910 365 2062 395; x_wconf 86' lang='lat' dir='ltr'>excusat</span> <span class='ocrx_word' id='word_1_197' title='bbox 2081 370 2102 395; x_wconf 95' lang='lat' dir='ltr'>a</span> <span class='ocrx_word' id='word_1_198' title='bbox 2121 366 2294 407; x_wconf 90' lang='lat' dir='ltr'>peccato:</span> <span class='ocrx_word' id='word_1_199' title='bbox 2325 359 2419 396; x_wconf 92' lang='lat' dir='ltr'>sicut</span> <span class='ocrx_word' id='word_1_200' title='bbox 2441 367 2543 409; x_wconf 87' lang='lat' dir='ltr'>patet</span> 
     </span>
     <span class='ocr_line' id='line_1_32' title="bbox 1485 409 2541 459; baseline 0.002 -12"><span class='ocrx_word' id='word_1_201' title='bbox 1485 409 1523 447; x_wconf 91' lang='lat' dir='ltr'>in</span> <span class='ocrx_word' id='word_1_202' title='bbox 1550 411 1608 447; x_wconf 90' lang='lat' dir='ltr'>his</span> <span class='ocrx_word' id='word_1_203' title='bbox 1637 423 1734 459; x_wconf 92' lang='lat' dir='ltr'>quae</span> <span class='ocrx_word' id='word_1_204' title='bbox 1762 423 1831 459; x_wconf 89' lang='lat' dir='ltr'>per</span> <span class='ocrx_word' id='word_1_205' title='bbox 1858 410 2021 447; x_wconf 85' lang='lat' dir='ltr'>furiosos</span> <span class='ocrx_word' id='word_1_206' title='bbox 2050 411 2346 449; x_wconf 85' lang='lat' dir='ltr'>committuntur.</span> <span class='ocrx_word' id='word_1_207' title='bbox 2382 411 2421 449; x_wconf 90' lang='lat' dir='ltr'>Si</span> <span class='ocrx_word' id='word_1_208' title='bbox 2447 424 2541 449; x_wconf 89' lang='lat' dir='ltr'>vero</span> 
     </span>
     <span class='ocr_line' id='line_1_33' title="bbox 1486 462 2545 512; baseline 0.003 -13"><span class='ocrx_word' id='word_1_209' title='bbox 1486 462 1531 499; x_wconf 92' lang='lat' dir='ltr'>sit</span> <span class='ocrx_word' id='word_1_210' title='bbox 1560 463 1727 501; x_wconf 86' lang='lat' dir='ltr'>defectus</span> <span class='ocrx_word' id='word_1_211' title='bbox 1761 463 1914 500; x_wconf 89' lang='lat' dir='ltr'>rationis</span> <span class='ocrx_word' id='word_1_212' title='bbox 1942 463 2038 500; x_wconf 90' lang='lat' dir='ltr'>circa</span> <span class='ocrx_word' id='word_1_213' title='bbox 2066 462 2105 500; x_wconf 92' lang='lat' dir='ltr'>id</span> <span class='ocrx_word' id='word_1_214' title='bbox 2133 463 2237 511; x_wconf 91' lang='lat' dir='ltr'>quod</span> <span class='ocrx_word' id='word_1_215' title='bbox 2268 464 2387 501; x_wconf 88' lang='lat' dir='ltr'>homo</span> <span class='ocrx_word' id='word_1_216' title='bbox 2419 471 2545 512; x_wconf 87' lang='lat' dir='ltr'>potest</span> 
     </span>
     <span class='ocr_line' id='line_1_34' title="bbox 1487 511 2544 562; baseline 0.001 -10"><span class='ocrx_word' id='word_1_217' title='bbox 1487 523 1522 552; x_wconf 93' lang='lat' dir='ltr'>et</span> <span class='ocrx_word' id='word_1_218' title='bbox 1551 516 1663 552; x_wconf 90' lang='lat' dir='ltr'>debet</span> <span class='ocrx_word' id='word_1_219' title='bbox 1692 516 1802 562; x_wconf 91' lang='lat' dir='ltr'>scire,</span> <span class='ocrx_word' id='word_1_220' title='bbox 1836 528 1915 552; x_wconf 92' lang='lat' dir='ltr'>non</span> <span class='ocrx_word' id='word_1_221' title='bbox 1950 515 2107 552; x_wconf 90' lang='lat' dir='ltr'>omnino</span> <span class='ocrx_word' id='word_1_222' title='bbox 2141 511 2261 552; x_wconf 71' lang='lat' dir='ltr'>hoino</span> <span class='ocrx_word' id='word_1_223' title='bbox 2297 523 2495 553; x_wconf 78' lang='lat' dir='ltr'>excusatur</span> <span class='ocrx_word' id='word_1_224' title='bbox 2521 529 2544 553; x_wconf 85' lang='lat' dir='ltr'>a</span> 
     </span>
     <span class='ocr_line' id='line_1_35' title="bbox 1484 568 2543 618; baseline 0.001 -14"><span class='ocrx_word' id='word_1_225' title='bbox 1484 576 1654 616; x_wconf 78' lang='lat' dir='ltr'>peccam,</span> <span class='ocrx_word' id='word_1_226' title='bbox 1685 569 1752 605; x_wconf 92' lang='lat' dir='ltr'>sed</span> <span class='ocrx_word' id='word_1_227' title='bbox 1780 569 1859 617; x_wconf 88' lang='lat' dir='ltr'>ipse</span> <span class='ocrx_word' id='word_1_228' title='bbox 1889 569 2054 606; x_wconf 86' lang='lat' dir='ltr'>defectus</span> <span class='ocrx_word' id='word_1_229' title='bbox 2086 568 2291 616; x_wconf 89' lang='lat' dir='ltr'>imputatur</span> <span class='ocrx_word' id='word_1_230' title='bbox 2318 568 2352 604; x_wconf 91' lang='lat' dir='ltr'>ei</span> <span class='ocrx_word' id='word_1_231' title='bbox 2380 568 2429 606; x_wconf 89' lang='lat' dir='ltr'>ad</span> <span class='ocrx_word' id='word_1_232' title='bbox 2455 580 2543 618; x_wconf 91' lang='lat' dir='ltr'>pec-</span> 
     </span>
     <span class='ocr_line' id='line_1_36' title="bbox 1487 620 2544 669; baseline 0.001 -12"><span class='ocrx_word' id='word_1_233' title='bbox 1487 628 1622 657; x_wconf 91' lang='lat' dir='ltr'>catum.</span> <span class='ocrx_word' id='word_1_234' title='bbox 1644 641 1667 648; x_wconf 89' lang='lat'><em>-</em></span> <span class='ocrx_word' id='word_1_235' title='bbox 1697 621 1876 658; x_wconf 90' lang='lat' dir='ltr'>Defectus</span> <span class='ocrx_word' id='word_1_236' title='bbox 1904 629 2032 658; x_wconf 90' lang='lat' dir='ltr'>autem</span> <span class='ocrx_word' id='word_1_237' title='bbox 2061 621 2126 669; x_wconf 92' lang='lat' dir='ltr'>qui</span> <span class='ocrx_word' id='word_1_238' title='bbox 2156 629 2211 657; x_wconf 92' lang='lat' dir='ltr'>est</span> <span class='ocrx_word' id='word_1_239' title='bbox 2237 620 2363 657; x_wconf 88' lang='lat' dir='ltr'>solum</span> <span class='ocrx_word' id='word_1_240' title='bbox 2391 620 2429 659; x_wconf 85' lang='lat' dir='ltr'>in</span> <span class='ocrx_word' id='word_1_241' title='bbox 2458 620 2544 658; x_wconf 83' lang='lat' dir='ltr'>diri-</span> 
     </span>
     <span class='ocr_line' id='line_1_37' title="bbox 1484 672 2543 723; baseline 0.002 -14"><span class='ocrx_word' id='word_1_242' title='bbox 1484 673 1608 720; x_wconf 88' lang='lat' dir='ltr'>gendo</span> <span class='ocrx_word' id='word_1_243' title='bbox 1638 673 1729 710; x_wconf 88' lang='lat' dir='ltr'>alias</span> <span class='ocrx_word' id='word_1_244' title='bbox 1755 673 1872 721; x_wconf 86' lang='lat' dir='ltr'>vires,</span> <span class='ocrx_word' id='word_1_245' title='bbox 1906 686 2058 722; x_wconf 89' lang='lat' dir='ltr'>semper</span> <span class='ocrx_word' id='word_1_246' title='bbox 2085 674 2291 722; x_wconf 89' lang='lat' dir='ltr'>imputatur</span> <span class='ocrx_word' id='word_1_247' title='bbox 2319 672 2353 710; x_wconf 89' lang='lat' dir='ltr'>ei</span> <span class='ocrx_word' id='word_1_248' title='bbox 2381 672 2429 710; x_wconf 87' lang='lat' dir='ltr'>ad</span> <span class='ocrx_word' id='word_1_249' title='bbox 2455 685 2543 723; x_wconf 89' lang='lat' dir='ltr'>pec-</span> 
     </span>
     <span class='ocr_line' id='line_1_38' title="bbox 1485 725 2545 775; baseline 0.003 -14"><span class='ocrx_word' id='word_1_250' title='bbox 1485 733 1626 762; x_wconf 88' lang='lat' dir='ltr'>catum:</span> <span class='ocrx_word' id='word_1_251' title='bbox 1657 725 1747 772; x_wconf 83' lang='lat' dir='ltr'>quia</span> <span class='ocrx_word' id='word_1_252' title='bbox 1772 725 1860 762; x_wconf 88' lang='lat' dir='ltr'>huic</span> <span class='ocrx_word' id='word_1_253' title='bbox 1878 725 1893 756; x_wconf 74' lang='grc' dir='ltr'><strong>β</strong></span> <span class='ocrx_word' id='word_1_254' title='bbox 1911 725 2072 763; x_wconf 79' lang='lat' dir='ltr'>defectui</span> <span class='ocrx_word' id='word_1_255' title='bbox 2100 738 2299 763; x_wconf 89' lang='lat' dir='ltr'>occurrere</span> <span class='ocrx_word' id='word_1_256' title='bbox 2325 733 2450 774; x_wconf 85' lang='lat' dir='ltr'>potest</span> <span class='ocrx_word' id='word_1_257' title='bbox 2471 738 2545 775; x_wconf 67' lang='lat' dir='ltr'>,per</span> 
     </span>
     <span class='ocr_line' id='line_1_39' title="bbox 1483 777 1848 825; baseline 0.003 -12"><span class='ocrx_word' id='word_1_258' title='bbox 1483 777 1681 825; x_wconf 90' lang='lat' dir='ltr'>proprium</span> <span class='ocrx_word' id='word_1_259' title='bbox 1710 784 1848 814; x_wconf 88' lang='lat' dir='ltr'>actum.</span> 
     </span>
    </p>

    <p class='ocr_par' dir='ltr' id='par_1_14' title="bbox 1484 830 2544 1300">
     <span class='ocr_line' id='line_1_40' title="bbox 1537 830 2544 880; baseline 0.002 -14"><span class='ocrx_word' id='word_1_260' title='bbox 1537 832 1596 866; x_wconf 83' lang='lat' dir='ltr'>AD</span> <span class='ocrx_word' id='word_1_261' title='bbox 1625 841 1814 867; x_wconf 77' lang='lat' dir='ltr'>SECUNDUM</span> <span class='ocrx_word' id='word_1_262' title='bbox 1841 841 2024 868; x_wconf 73' lang='lat' dir='ltr'>mcENDuM</span> <span class='ocrx_word' id='word_1_263' title='bbox 2051 831 2167 880; x_wconf 90' lang='lat' dir='ltr'>quod,</span> <span class='ocrx_word' id='word_1_264' title='bbox 2198 831 2292 868; x_wconf 88' lang='lat' dir='ltr'>sicut</span> <span class='ocrx_word' id='word_1_265' title='bbox 2320 843 2433 880; x_wconf 91' lang='lat' dir='ltr'>supra</span> <span class='ocrx_word' id='word_1_266' title='bbox 2451 831 2471 854; x_wconf 82' lang='lat'><em>*</em></span> <span class='ocrx_word' id='word_1_267' title='bbox 2491 830 2544 868; x_wconf 89' lang='lat' dir='ltr'>di-</span> 
     </span>
     <span class='ocr_line' id='line_1_41' title="bbox 1486 882 2544 929; baseline 0.002 -10"><span class='ocrx_word' id='word_1_268' title='bbox 1486 890 1587 919; x_wconf 90' lang='lat' dir='ltr'>ctum</span> <span class='ocrx_word' id='word_1_269' title='bbox 1616 890 1682 929; x_wconf 90' lang='lat' dir='ltr'>est,</span> <span class='ocrx_word' id='word_1_270' title='bbox 1713 894 1801 919; x_wconf 91' lang='lat' dir='ltr'>cum</span> <span class='ocrx_word' id='word_1_271' title='bbox 1831 883 1878 919; x_wconf 92' lang='lat' dir='ltr'>de</span> <span class='ocrx_word' id='word_1_272' title='bbox 1907 882 2051 919; x_wconf 86' lang='lat' dir='ltr'>actibus</span> <span class='ocrx_word' id='word_1_273' title='bbox 2081 884 2286 921; x_wconf 82' lang='lat' dir='ltr'>voluntatis</span> <span class='ocrx_word' id='word_1_274' title='bbox 2322 891 2357 920; x_wconf 91' lang='lat' dir='ltr'>et</span> <span class='ocrx_word' id='word_1_275' title='bbox 2389 883 2544 922; x_wconf 90' lang='lat' dir='ltr'>rationis</span> 
     </span>
     <span class='ocr_line' id='line_1_42' title="bbox 1486 936 2543 986; baseline 0.002 -14"><span class='ocrx_word' id='word_1_276' title='bbox 1486 943 1667 983; x_wconf 86' lang='lat' dir='ltr'>ageretur,</span> <span class='ocrx_word' id='word_1_277' title='bbox 1696 936 1872 972; x_wconf 84' lang='lat' dir='ltr'>voluntas</span> <span class='ocrx_word' id='word_1_278' title='bbox 1901 936 2190 983; x_wconf 85' lang='lat' dir='ltr'>quodammodo</span> <span class='ocrx_word' id='word_1_279' title='bbox 2219 944 2351 974; x_wconf 88' lang='lat' dir='ltr'>movet</span> <span class='ocrx_word' id='word_1_280' title='bbox 2379 944 2415 974; x_wconf 91' lang='lat' dir='ltr'>et</span> <span class='ocrx_word' id='word_1_281' title='bbox 2436 949 2543 986; x_wconf 90' lang='lat' dir='ltr'>prae-</span> 
     </span>
     <span class='ocr_line' id='line_1_43' title="bbox 1486 987 2542 1036; baseline 0.003 -12"><span class='ocrx_word' id='word_1_282' title='bbox 1486 987 1584 1025; x_wconf 88' lang='lat' dir='ltr'>cedit</span> <span class='ocrx_word' id='word_1_283' title='bbox 1603 988 1801 1034; x_wconf 89' lang='lat' dir='ltr'>rationem,</span> <span class='ocrx_word' id='word_1_284' title='bbox 1819 996 1855 1025; x_wconf 90' lang='lat' dir='ltr'>et</span> <span class='ocrx_word' id='word_1_285' title='bbox 1873 988 1967 1025; x_wconf 90' lang='lat' dir='ltr'>ratio</span> <span class='ocrx_word' id='word_1_286' title='bbox 1983 988 2274 1036; x_wconf 88' lang='lat' dir='ltr'>quodammodo</span> <span class='ocrx_word' id='word_1_287' title='bbox 2288 990 2542 1028; x_wconf 81' lang='lat' dir='ltr'>voluntatem:</span> 
     </span>
     <span class='ocr_line' id='line_1_44' title="bbox 1485 1040 2542 1092; baseline 0.003 -15"><span class='ocrx_word' id='word_1_288' title='bbox 1485 1041 1588 1078; x_wconf 91' lang='lat' dir='ltr'>unde</span> <span class='ocrx_word' id='word_1_289' title='bbox 1621 1049 1657 1092; x_wconf 80' lang='lat' dir='ltr'>et</span> <span class='ocrx_word' id='word_1_290' title='bbox 1685 1049 1811 1078; x_wconf 90' lang='lat' dir='ltr'>motus</span> <span class='ocrx_word' id='word_1_291' title='bbox 1838 1040 2043 1078; x_wconf 89' lang='lat' dir='ltr'>voluntatis</span> <span class='ocrx_word' id='word_1_292' title='bbox 2078 1041 2149 1078; x_wconf 90' lang='lat' dir='ltr'>dici</span> <span class='ocrx_word' id='word_1_293' title='bbox 2181 1049 2305 1090; x_wconf 88' lang='lat' dir='ltr'>potest</span> <span class='ocrx_word' id='word_1_294' title='bbox 2336 1042 2542 1090; x_wconf 81' lang='lat' dir='ltr'>rationalis,</span> 
     </span>
     <span class='ocr_line' id='line_1_45' title="bbox 1486 1093 2542 1142; baseline 0.002 -12"><span class='ocrx_word' id='word_1_295' title='bbox 1486 1101 1522 1130; x_wconf 90' lang='lat' dir='ltr'>et</span> <span class='ocrx_word' id='word_1_296' title='bbox 1549 1102 1653 1131; x_wconf 89' lang='lat' dir='ltr'>actus</span> <span class='ocrx_word' id='word_1_297' title='bbox 1682 1094 1835 1131; x_wconf 92' lang='lat' dir='ltr'>rationis</span> <span class='ocrx_word' id='word_1_298' title='bbox 1862 1101 1989 1142; x_wconf 86' lang='lat' dir='ltr'>potest</span> <span class='ocrx_word' id='word_1_299' title='bbox 2020 1093 2093 1130; x_wconf 92' lang='lat' dir='ltr'>dici</span> <span class='ocrx_word' id='word_1_300' title='bbox 2124 1094 2370 1132; x_wconf 84' lang='lat' dir='ltr'>voluntarius.</span> <span class='ocrx_word' id='word_1_301' title='bbox 2404 1095 2453 1132; x_wconf 90' lang='lat' dir='ltr'>Et</span> <span class='ocrx_word' id='word_1_302' title='bbox 2486 1107 2542 1132; x_wconf 89' lang='lat' dir='ltr'>se-</span> 
     </span>
     <span class='ocr_line' id='line_1_46' title="bbox 1485 1146 2543 1196; baseline 0.002 -13"><span class='ocrx_word' id='word_1_303' title='bbox 1485 1147 1652 1184; x_wconf 91' lang='lat' dir='ltr'>cundum</span> <span class='ocrx_word' id='word_1_304' title='bbox 1681 1147 1754 1183; x_wconf 89' lang='lat' dir='ltr'>hoc</span> <span class='ocrx_word' id='word_1_305' title='bbox 1783 1147 1820 1183; x_wconf 92' lang='lat' dir='ltr'>in</span> <span class='ocrx_word' id='word_1_306' title='bbox 1848 1146 1991 1183; x_wconf 89' lang='lat' dir='ltr'>ratione</span> <span class='ocrx_word' id='word_1_307' title='bbox 2019 1146 2209 1183; x_wconf 89' lang='lat' dir='ltr'>invenitur</span> <span class='ocrx_word' id='word_1_308' title='bbox 2235 1155 2451 1196; x_wconf 89' lang='lat' dir='ltr'>peccatum,</span> <span class='ocrx_word' id='word_1_309' title='bbox 2480 1147 2543 1185; x_wconf 89' lang='lat' dir='ltr'>vel</span> 
     </span>
     <span class='ocr_line' id='line_1_47' title="bbox 1484 1199 2543 1249; baseline 0.001 -13"><span class='ocrx_word' id='word_1_310' title='bbox 1484 1207 1597 1249; x_wconf 93' lang='lat' dir='ltr'>prout</span> <span class='ocrx_word' id='word_1_311' title='bbox 1617 1207 1671 1236; x_wconf 89' lang='lat' dir='ltr'>est</span> <span class='ocrx_word' id='word_1_312' title='bbox 1690 1200 1857 1237; x_wconf 88' lang='lat' dir='ltr'>defectus</span> <span class='ocrx_word' id='word_1_313' title='bbox 1879 1199 1957 1236; x_wconf 90' lang='lat' dir='ltr'>eius</span> <span class='ocrx_word' id='word_1_314' title='bbox 1972 1200 2220 1245; x_wconf 85' lang='lat' dir='ltr'>voluntarius,</span> <span class='ocrx_word' id='word_1_315' title='bbox 2236 1201 2297 1237; x_wconf 93' lang='lat' dir='ltr'>vel</span> <span class='ocrx_word' id='word_1_316' title='bbox 2311 1208 2425 1248; x_wconf 90' lang='lat' dir='ltr'>prout</span> <span class='ocrx_word' id='word_1_317' title='bbox 2439 1208 2543 1238; x_wconf 88' lang='lat' dir='ltr'>actus</span> 
     </span>
     <span class='ocr_line' id='line_1_48' title="bbox 1485 1252 2352 1300; baseline 0.001 -11"><span class='ocrx_word' id='word_1_318' title='bbox 1485 1252 1638 1290; x_wconf 90' lang='lat' dir='ltr'>rationis</span> <span class='ocrx_word' id='word_1_319' title='bbox 1667 1260 1722 1289; x_wconf 91' lang='lat' dir='ltr'>est</span> <span class='ocrx_word' id='word_1_320' title='bbox 1748 1252 1974 1300; x_wconf 88' lang='lat' dir='ltr'>principium</span> <span class='ocrx_word' id='word_1_321' title='bbox 2004 1260 2109 1290; x_wconf 87' lang='lat' dir='ltr'>actus</span> <span class='ocrx_word' id='word_1_322' title='bbox 2136 1253 2352 1290; x_wconf 88' lang='lat' dir='ltr'>voluntatis.</span> 
     </span>
    </p>

    <p class='ocr_par' dir='ltr' id='par_1_15' title="bbox 1538 1304 2398 1354">
     <span class='ocr_line' id='line_1_49' title="bbox 1538 1304 2398 1354; baseline 0 -12"><span class='ocrx_word' id='word_1_323' title='bbox 1538 1307 1597 1342; x_wconf 84' lang='lat' dir='ltr'>AD</span> <span class='ocrx_word' id='word_1_324' title='bbox 1625 1317 1783 1342; x_wconf 71' lang='lat' dir='ltr'>TERTHJM</span> <span class='ocrx_word' id='word_1_325' title='bbox 1811 1312 1914 1354; x_wconf 89' lang='lat' dir='ltr'>patet</span> <span class='ocrx_word' id='word_1_326' title='bbox 1941 1305 2136 1354; x_wconf 90' lang='lat' dir='ltr'>responsio</span> <span class='ocrx_word' id='word_1_327' title='bbox 2167 1318 2212 1342; x_wconf 88' lang='lat' dir='ltr'>ex</span> <span class='ocrx_word' id='word_1_328' title='bbox 2241 1305 2349 1342; x_wconf 87' lang='lat' dir='ltr'>dictis</span> <span class='ocrx_word' id='word_1_329' title='bbox 2365 1304 2398 1342; x_wconf 64' lang='lat'>⁸³.</span> 
     </span>
    </p>
   </div>
   <div class='ocr_carea' id='block_1_11' title="bbox 1459 1471 2052 1511">
    <p class='ocr_par' dir='ltr' id='par_1_16' title="bbox 1459 1471 2052 1511">
     <span class='ocr_line' id='line_1_50' title="bbox 1459 1471 2052 1511; baseline -0.002 -9"><span class='ocrx_word' id='word_1_330' title='bbox 1459 1471 1462 1511; x_wconf 90' lang='grc' dir='ltr'>Ι</span> <span class='ocrx_word' id='word_1_331' title='bbox 1541 1475 1566 1511; x_wconf 78' lang='grc' dir='ltr'>β)</span> <span class='ocrx_word' id='word_1_332' title='bbox 1587 1477 1655 1502; x_wconf 73' lang='lat' dir='ltr'>huic.</span> <span class='ocrx_word' id='word_1_333' title='bbox 1674 1491 1692 1496; x_wconf 95' lang='lat'><em>-</em></span> <span class='ocrx_word' id='word_1_334' title='bbox 1710 1477 1787 1502; x_wconf 85' lang='lat' dir='ltr'>homo</span> <span class='ocrx_word' id='word_1_335' title='bbox 1807 1476 2052 1509; x_wconf 77' lang='lat' dir='ltr'>ABCEGIKLle-l.</span> 
     </span>
    </p>
   </div>
   <div class='ocr_carea' id='block_1_12' title="bbox 1048 1551 1868 1600">
    <p class='ocr_par' dir='ltr' id='par_1_17' title="bbox 1048 1551 1868 1600">
     <span class='ocr_line' id='line_1_51' title="bbox 1048 1551 1868 1600; baseline -0.001 -16"><span class='ocrx_word' id='word_1_336' title='bbox 1048 1551 1377 1584; x_wconf 81' lang='lat' dir='ltr'>Commentaria</span> <span class='ocrx_word' id='word_1_337' title='bbox 1399 1551 1647 1584; x_wconf 68' lang='lat' dir='ltr'>Garamans</span> <span class='ocrx_word' id='word_1_338' title='bbox 1670 1551 1868 1600; x_wconf 71' lang='lat' dir='ltr'>Caietam</span> 
     </span>
    </p>
   </div>
   <div class='ocr_carea' id='block_1_13' title="bbox 371 1623 1436 2148">
    <p class='ocr_par' dir='ltr' id='par_1_18' title="bbox 371 1623 1435 2016">
     <span class='ocr_line' id='line_1_52' title="bbox 401 1623 1432 1664; baseline -0.003 -9"><span class='ocrx_word' id='word_1_339' title='bbox 401 1634 422 1655; x_wconf 77' lang='lat' dir='ltr'>N</span> <span class='ocrx_word' id='word_1_340' title='bbox 450 1624 581 1655; x_wconf 87' lang='lat' dir='ltr'>articulo</span> <span class='ocrx_word' id='word_1_341' title='bbox 611 1624 725 1664; x_wconf 90' lang='lat' dir='ltr'>quinto</span> <span class='ocrx_word' id='word_1_342' title='bbox 757 1623 899 1653; x_wconf 83' lang='lat' dir='ltr'>eiusdem</span> <span class='ocrx_word' id='word_1_343' title='bbox 929 1623 1308 1663; x_wconf 82' lang='lat' dir='ltr'>septuagesimaequartae</span> <span class='ocrx_word' id='word_1_344' title='bbox 1337 1632 1432 1663; x_wconf 90' lang='lat' dir='ltr'>quae-</span> 
     </span>
     <span class='ocr_line' id='line_1_53' title="bbox 374 1637 1431 1707; baseline -0.002 -9"><span class='ocrx_word' id='word_1_345' title='bbox 374 1637 528 1706; x_wconf 67' lang='lat' dir='ltr'>imonis,</span> <span class='ocrx_word' id='word_1_346' title='bbox 551 1668 614 1698; x_wconf 90' lang='lat' dir='ltr'>hoc</span> <span class='ocrx_word' id='word_1_347' title='bbox 637 1668 743 1698; x_wconf 90' lang='lat' dir='ltr'>solum</span> <span class='ocrx_word' id='word_1_348' title='bbox 767 1667 937 1697; x_wconf 88' lang='lat' dir='ltr'>dicendum</span> <span class='ocrx_word' id='word_1_349' title='bbox 961 1666 1111 1703; x_wconf 87' lang='lat' dir='ltr'>occurrit,</span> <span class='ocrx_word' id='word_1_350' title='bbox 1142 1667 1231 1707; x_wconf 90' lang='lat' dir='ltr'>quod</span> <span class='ocrx_word' id='word_1_351' title='bbox 1254 1666 1330 1707; x_wconf 86' lang='lat' dir='ltr'>quia</span> <span class='ocrx_word' id='word_1_352' title='bbox 1352 1666 1431 1697; x_wconf 89' lang='lat' dir='ltr'>ratio</span> 
     </span>
     <span class='ocr_line' id='line_1_54' title="bbox 371 1709 1431 1751; baseline -0.004 -7"><span class='ocrx_word' id='word_1_353' title='bbox 371 1714 547 1744; x_wconf 90' lang='lat' dir='ltr'>secundum</span> <span class='ocrx_word' id='word_1_354' title='bbox 570 1721 603 1742; x_wconf 85' lang='lat' dir='ltr'>se</span> <span class='ocrx_word' id='word_1_355' title='bbox 626 1719 673 1742; x_wconf 87' lang='lat' dir='ltr'>est</span> <span class='ocrx_word' id='word_1_356' title='bbox 696 1712 744 1742; x_wconf 84' lang='lat' dir='ltr'>sui</span> <span class='ocrx_word' id='word_1_357' title='bbox 760 1711 861 1751; x_wconf 90' lang='lat' dir='ltr'>ipsius</span> <span class='ocrx_word' id='word_1_358' title='bbox 877 1718 908 1741; x_wconf 91' lang='lat' dir='ltr'>et</span> <span class='ocrx_word' id='word_1_359' title='bbox 923 1711 1060 1741; x_wconf 90' lang='lat' dir='ltr'>aliorum</span> <span class='ocrx_word' id='word_1_360' title='bbox 1083 1710 1259 1741; x_wconf 79' lang='lat' dir='ltr'>ordinativa</span> <span class='ocrx_word' id='word_1_361' title='bbox 1275 1710 1308 1740; x_wconf 89' lang='lat' dir='ltr'>in</span> <span class='ocrx_word' id='word_1_362' title='bbox 1324 1709 1431 1746; x_wconf 87' lang='lat' dir='ltr'>finem,</span> 
     </span>
     <span class='ocr_line' id='line_1_55' title="bbox 372 1755 1434 1796; baseline -0.003 -8"><span class='ocrx_word' id='word_1_363' title='bbox 372 1765 402 1789; x_wconf 92' lang='lat' dir='ltr'>et</span> <span class='ocrx_word' id='word_1_364' title='bbox 426 1756 641 1787; x_wconf 84' lang='lat' dir='ltr'>deordinativa</span> <span class='ocrx_word' id='word_1_365' title='bbox 664 1756 702 1785; x_wconf 93' lang='lat' dir='ltr'>ab</span> <span class='ocrx_word' id='word_1_366' title='bbox 726 1755 792 1791; x_wconf 91' lang='lat' dir='ltr'>illo,</span> <span class='ocrx_word' id='word_1_367' title='bbox 816 1755 912 1786; x_wconf 90' lang='lat' dir='ltr'>libere</span> <span class='ocrx_word' id='word_1_368' title='bbox 934 1755 1074 1786; x_wconf 86' lang='lat' dir='ltr'>libertate</span> <span class='ocrx_word' id='word_1_369' title='bbox 1090 1755 1236 1796; x_wconf 89' lang='lat' dir='ltr'>perfecta,</span> <span class='ocrx_word' id='word_1_370' title='bbox 1261 1755 1434 1786; x_wconf 83' lang='lat' dir='ltr'>radicaliter</span> 
     </span>
     <span class='ocr_line' id='line_1_56' title="bbox 371 1797 1433 1843; baseline -0.005 -10"><span class='ocrx_word' id='word_1_371' title='bbox 371 1809 478 1833; x_wconf 88' lang='lat' dir='ltr'>tamen</span> <span class='ocrx_word' id='word_1_372' title='bbox 502 1799 641 1843; x_wconf 86' lang='lat' dir='ltr'>(libertas</span> <span class='ocrx_word' id='word_1_373' title='bbox 665 1799 751 1829; x_wconf 85' lang='lat' dir='ltr'>enim</span> <span class='ocrx_word' id='word_1_374' title='bbox 774 1799 948 1830; x_wconf 82' lang='lat' dir='ltr'>formaliter</span> <span class='ocrx_word' id='word_1_375' title='bbox 971 1804 1017 1831; x_wconf 87' lang='lat' dir='ltr'>est</span> <span class='ocrx_word' id='word_1_376' title='bbox 1040 1799 1144 1840; x_wconf 88' lang='lat' dir='ltr'>primo</span> <span class='ocrx_word' id='word_1_377' title='bbox 1159 1797 1363 1841; x_wconf 84' lang='lat' dir='ltr'>voluntatis);</span> <span class='ocrx_word' id='word_1_378' title='bbox 1387 1799 1433 1829; x_wconf 93' lang='lat' dir='ltr'>id-</span> 
     </span>
     <span class='ocr_line' id='line_1_57' title="bbox 372 1842 1433 1880; baseline -0.003 -4"><span class='ocrx_word' id='word_1_379' title='bbox 372 1846 454 1876; x_wconf 91' lang='lat' dir='ltr'>circo</span> <span class='ocrx_word' id='word_1_380' title='bbox 478 1851 566 1875; x_wconf 84' lang='lat' dir='ltr'>actus</span> <span class='ocrx_word' id='word_1_381' title='bbox 589 1844 720 1875; x_wconf 89' lang='lat' dir='ltr'>rationis</span> <span class='ocrx_word' id='word_1_382' title='bbox 742 1843 941 1874; x_wconf 83' lang='lat' dir='ltr'>inordinatus</span> <span class='ocrx_word' id='word_1_383' title='bbox 964 1850 1011 1874; x_wconf 87' lang='lat' dir='ltr'>est</span> <span class='ocrx_word' id='word_1_384' title='bbox 1029 1843 1190 1874; x_wconf 83' lang='lat' dir='ltr'>moraliter</span> <span class='ocrx_word' id='word_1_385' title='bbox 1213 1844 1325 1880; x_wconf 85' lang='lat' dir='ltr'>malus,</span> <span class='ocrx_word' id='word_1_386' title='bbox 1346 1843 1371 1873; x_wconf 92' lang='lat' dir='ltr'>si</span> <span class='ocrx_word' id='word_1_387' title='bbox 1386 1842 1433 1873; x_wconf 91' lang='lat' dir='ltr'>in-</span> 
     </span>
     <span class='ocr_line' id='line_1_58' title="bbox 372 1888 1433 1928; baseline -0.003 -8"><span class='ocrx_word' id='word_1_388' title='bbox 372 1888 529 1920; x_wconf 87' lang='lat' dir='ltr'>ordinatio</span> <span class='ocrx_word' id='word_1_389' title='bbox 557 1889 590 1918; x_wconf 90' lang='lat' dir='ltr'>in</span> <span class='ocrx_word' id='word_1_390' title='bbox 618 1894 772 1928; x_wconf 82' lang='lat' dir='ltr'>potestate</span> <span class='ocrx_word' id='word_1_391' title='bbox 802 1895 907 1918; x_wconf 86' lang='lat' dir='ltr'>nostra</span> <span class='ocrx_word' id='word_1_392' title='bbox 936 1895 991 1918; x_wconf 92' lang='lat' dir='ltr'>est.</span> <span class='ocrx_word' id='word_1_393' title='bbox 1020 1889 1154 1928; x_wconf 90' lang='lat' dir='ltr'>Propter</span> <span class='ocrx_word' id='word_1_394' title='bbox 1180 1889 1269 1927; x_wconf 91' lang='lat' dir='ltr'>quod</span> <span class='ocrx_word' id='word_1_395' title='bbox 1296 1894 1433 1928; x_wconf 91' lang='lat' dir='ltr'>utroque</span> 
     </span>
     <span class='ocr_line' id='line_1_59' title="bbox 372 1931 1435 1972; baseline -0.003 -8"><span class='ocrx_word' id='word_1_396' title='bbox 372 1934 471 1964; x_wconf 90' lang='lat' dir='ltr'>modo</span> <span class='ocrx_word' id='word_1_397' title='bbox 489 1932 642 1972; x_wconf 86' lang='lat' dir='ltr'>contingit</span> <span class='ocrx_word' id='word_1_398' title='bbox 656 1932 811 1962; x_wconf 84' lang='lat' dir='ltr'>moralem</span> <span class='ocrx_word' id='word_1_399' title='bbox 828 1932 981 1962; x_wconf 79' lang='lat' dir='ltr'>malitiam</span> <span class='ocrx_word' id='word_1_400' title='bbox 996 1932 1029 1962; x_wconf 91' lang='lat' dir='ltr'>in</span> <span class='ocrx_word' id='word_1_401' title='bbox 1048 1932 1170 1962; x_wconf 81' lang='lat' dir='ltr'>ratione</span> <span class='ocrx_word' id='word_1_402' title='bbox 1185 1931 1318 1962; x_wconf 89' lang='lat' dir='ltr'>inveniri</span> <span class='ocrx_word' id='word_1_403' title='bbox 1334 1931 1435 1962; x_wconf 86' lang='lat' dir='ltr'>subie-</span> 
     </span>
     <span class='ocr_line' id='line_1_60' title="bbox 372 1976 1234 2016; baseline -0.002 -8"><span class='ocrx_word' id='word_1_404' title='bbox 372 1977 467 2008; x_wconf 88' lang='lat' dir='ltr'>ctive:</span> <span class='ocrx_word' id='word_1_405' title='bbox 493 1977 611 2008; x_wconf 85' lang='lat' dir='ltr'>scilicet</span> <span class='ocrx_word' id='word_1_406' title='bbox 633 1977 666 2007; x_wconf 90' lang='lat' dir='ltr'>in</span> <span class='ocrx_word' id='word_1_407' title='bbox 690 1977 923 2016; x_wconf 88' lang='lat' dir='ltr'>cognoscendo,</span> <span class='ocrx_word' id='word_1_408' title='bbox 949 1983 980 2007; x_wconf 88' lang='lat' dir='ltr'>et</span> <span class='ocrx_word' id='word_1_409' title='bbox 1003 1976 1036 2006; x_wconf 89' lang='lat' dir='ltr'>in</span> <span class='ocrx_word' id='word_1_410' title='bbox 1059 1976 1234 2016; x_wconf 86' lang='lat' dir='ltr'>dirigendo.</span> 
     </span>
    </p>

    <p class='ocr_par' dir='ltr' id='par_1_19' title="bbox 371 2019 1436 2148">
     <span class='ocr_line' id='line_1_61' title="bbox 427 2019 1436 2061; baseline -0.002 -10"><span class='ocrx_word' id='word_1_411' title='bbox 427 2021 488 2052; x_wconf 91' lang='lat' dir='ltr'>Sed</span> <span class='ocrx_word' id='word_1_412' title='bbox 504 2021 643 2051; x_wconf 86' lang='lat' dir='ltr'>defectus</span> <span class='ocrx_word' id='word_1_413' title='bbox 659 2021 692 2050; x_wconf 89' lang='lat' dir='ltr'>in</span> <span class='ocrx_word' id='word_1_414' title='bbox 709 2021 941 2061; x_wconf 82' lang='lat' dir='ltr'>cognoscendo,</span> <span class='ocrx_word' id='word_1_415' title='bbox 960 2027 1026 2051; x_wconf 84' lang='lat' dir='ltr'>tam</span> <span class='ocrx_word' id='word_1_416' title='bbox 1042 2020 1214 2061; x_wconf 85' lang='lat' dir='ltr'>negativus,</span> <span class='ocrx_word' id='word_1_417' title='bbox 1235 2019 1290 2060; x_wconf 93' lang='lat' dir='ltr'>qui</span> <span class='ocrx_word' id='word_1_418' title='bbox 1305 2026 1436 2050; x_wconf 86' lang='lat' dir='ltr'>vocatur</span> 
     </span>
     <span class='ocr_line' id='line_1_62' title="bbox 371 2065 1436 2105; baseline -0.003 -9"><span class='ocrx_word' id='word_1_419' title='bbox 371 2065 557 2105; x_wconf 86' lang='lat' dir='ltr'>ignorantia,</span> <span class='ocrx_word' id='word_1_420' title='bbox 582 2074 680 2105; x_wconf 89' lang='lat' dir='ltr'>quam</span> <span class='ocrx_word' id='word_1_421' title='bbox 703 2065 868 2105; x_wconf 83' lang='lat' dir='ltr'>positivus,</span> <span class='ocrx_word' id='word_1_422' title='bbox 893 2065 948 2105; x_wconf 92' lang='lat' dir='ltr'>qui</span> <span class='ocrx_word' id='word_1_423' title='bbox 971 2071 1104 2095; x_wconf 86' lang='lat' dir='ltr'>vocatur</span> <span class='ocrx_word' id='word_1_424' title='bbox 1119 2073 1213 2100; x_wconf 84' lang='lat' dir='ltr'>error,</span> <span class='ocrx_word' id='word_1_425' title='bbox 1230 2073 1295 2094; x_wconf 91' lang='lat' dir='ltr'>non</span> <span class='ocrx_word' id='word_1_426' title='bbox 1312 2073 1436 2104; x_wconf 88' lang='lat' dir='ltr'>semper</span> 
     </span>
     <span class='ocr_line' id='line_1_63' title="bbox 371 2107 1435 2148; baseline -0.002 -8"><span class='ocrx_word' id='word_1_427' title='bbox 371 2109 465 2140; x_wconf 87' lang='lat' dir='ltr'>habet</span> <span class='ocrx_word' id='word_1_428' title='bbox 480 2110 635 2140; x_wconf 85' lang='lat' dir='ltr'>rationem</span> <span class='ocrx_word' id='word_1_429' title='bbox 651 2109 726 2139; x_wconf 86' lang='lat' dir='ltr'>mali</span> <span class='ocrx_word' id='word_1_430' title='bbox 742 2109 916 2139; x_wconf 86' lang='lat' dir='ltr'>moraliter:</span> <span class='ocrx_word' id='word_1_431' title='bbox 934 2109 988 2139; x_wconf 90' lang='lat' dir='ltr'>sed</span> <span class='ocrx_word' id='word_1_432' title='bbox 1004 2109 1168 2148; x_wconf 89' lang='lat' dir='ltr'>negativus</span> <span class='ocrx_word' id='word_1_433' title='bbox 1183 2108 1290 2138; x_wconf 90' lang='lat' dir='ltr'>solum</span> <span class='ocrx_word' id='word_1_434' title='bbox 1306 2107 1435 2148; x_wconf 86' lang='lat' dir='ltr'>quando</span> 
     </span>
    </p>
   </div>
   <div class='ocr_carea' id='block_1_14' title="bbox 1483 1622 2547 1839">
    <p class='ocr_par' dir='ltr' id='par_1_20' title="bbox 1483 1622 2547 1839">
     <span class='ocr_line' id='line_1_64' title="bbox 1483 1622 2547 1663; baseline 0.001 -10"><span class='ocrx_word' id='word_1_435' title='bbox 1483 1623 1558 1653; x_wconf 92' lang='lat' dir='ltr'>Non</span> <span class='ocrx_word' id='word_1_436' title='bbox 1582 1630 1628 1653; x_wconf 86' lang='lat' dir='ltr'>est</span> <span class='ocrx_word' id='word_1_437' title='bbox 1651 1622 1735 1653; x_wconf 87' lang='lat' dir='ltr'>enirn</span> <span class='ocrx_word' id='word_1_438' title='bbox 1759 1623 1878 1662; x_wconf 86' lang='lat' dir='ltr'>absque</span> <span class='ocrx_word' id='word_1_439' title='bbox 1905 1628 2034 1662; x_wconf 85' lang='lat' dir='ltr'>peccato</span> <span class='ocrx_word' id='word_1_440' title='bbox 2059 1622 2172 1652; x_wconf 82' lang='lat' dir='ltr'>habere</span> <span class='ocrx_word' id='word_1_441' title='bbox 2200 1622 2332 1653; x_wconf 86' lang='lat' dir='ltr'>scienter</span> <span class='ocrx_word' id='word_1_442' title='bbox 2359 1622 2547 1663; x_wconf 78' lang='lat' dir='ltr'>opinionem</span> 
     </span>
     <span class='ocr_line' id='line_1_65' title="bbox 1485 1666 2547 1706; baseline 0.001 -10"><span class='ocrx_word' id='word_1_443' title='bbox 1485 1666 1596 1697; x_wconf 88' lang='lat' dir='ltr'>falsam</span> <span class='ocrx_word' id='word_1_444' title='bbox 1621 1667 1658 1696; x_wconf 92' lang='lat' dir='ltr'>de</span> <span class='ocrx_word' id='word_1_445' title='bbox 1682 1667 1848 1706; x_wconf 89' lang='lat' dir='ltr'>triangulo,</span> <span class='ocrx_word' id='word_1_446' title='bbox 1874 1676 1948 1696; x_wconf 89' lang='lat' dir='ltr'>cum</span> <span class='ocrx_word' id='word_1_447' title='bbox 1970 1672 2076 1705; x_wconf 91' lang='lat' dir='ltr'>potest</span> <span class='ocrx_word' id='word_1_448' title='bbox 2098 1666 2204 1697; x_wconf 85' lang='lat' dir='ltr'>haberi</span> <span class='ocrx_word' id='word_1_449' title='bbox 2220 1676 2300 1703; x_wconf 86' lang='lat' dir='ltr'>vera,</span> <span class='ocrx_word' id='word_1_450' title='bbox 2320 1667 2370 1697; x_wconf 90' lang='lat' dir='ltr'>vel</span> <span class='ocrx_word' id='word_1_451' title='bbox 2384 1676 2451 1697; x_wconf 90' lang='lat' dir='ltr'>non</span> <span class='ocrx_word' id='word_1_452' title='bbox 2469 1666 2547 1697; x_wconf 78' lang='lat' dir='ltr'>falsa</span> 
     </span>
     <span class='ocr_line' id='line_1_66' title="bbox 1486 1709 2547 1751; baseline 0.001 -10"><span class='ocrx_word' id='word_1_453' title='bbox 1486 1711 1606 1747; x_wconf 90' lang='lat' dir='ltr'>saltem,</span> <span class='ocrx_word' id='word_1_454' title='bbox 1624 1711 1847 1751; x_wconf 87' lang='lat' dir='ltr'>suspendendo</span> <span class='ocrx_word' id='word_1_455' title='bbox 1865 1709 2094 1741; x_wconf 88' lang='lat' dir='ltr'>credulitatem:</span> <span class='ocrx_word' id='word_1_456' title='bbox 2120 1720 2193 1741; x_wconf 88' lang='lat' dir='ltr'>cum</span> <span class='ocrx_word' id='word_1_457' title='bbox 2213 1710 2407 1741; x_wconf 89' lang='lat' dir='ltr'>nonnullum</span> <span class='ocrx_word' id='word_1_458' title='bbox 2425 1711 2547 1742; x_wconf 73' lang='lat' dir='ltr'>mulum</span> 
     </span>
     <span class='ocr_line' id='line_1_67' title="bbox 1485 1754 2547 1796; baseline 0 -11"><span class='ocrx_word' id='word_1_459' title='bbox 1485 1755 1661 1785; x_wconf 87' lang='lat' dir='ltr'>intellectus</span> <span class='ocrx_word' id='word_1_460' title='bbox 1684 1755 1723 1784; x_wconf 93' lang='lat' dir='ltr'>sit</span> <span class='ocrx_word' id='word_1_461' title='bbox 1746 1754 1822 1784; x_wconf 87' lang='lat' dir='ltr'>falsa</span> <span class='ocrx_word' id='word_1_462' title='bbox 1838 1754 1948 1794; x_wconf 87' lang='lat' dir='ltr'>opinio</span> <span class='ocrx_word' id='word_1_463' title='bbox 1963 1755 2002 1784; x_wconf 91' lang='lat' dir='ltr'>de</span> <span class='ocrx_word' id='word_1_464' title='bbox 2018 1763 2234 1796; x_wconf 86' lang='lat' dir='ltr'>quocumque.</span> <span class='ocrx_word' id='word_1_465' title='bbox 2259 1755 2392 1794; x_wconf 81' lang='lat' dir='ltr'>Propter</span> <span class='ocrx_word' id='word_1_466' title='bbox 2405 1755 2496 1796; x_wconf 89' lang='lat' dir='ltr'>quod</span> <span class='ocrx_word' id='word_1_467' title='bbox 2513 1754 2547 1786; x_wconf 80' lang='lat' dir='ltr'>in</span> 
     </span>
     <span class='ocr_line' id='line_1_68' title="bbox 1485 1798 2546 1839; baseline -0.001 -9"><span class='ocrx_word' id='word_1_468' title='bbox 1485 1799 1596 1835; x_wconf 86' lang='lat' dir='ltr'>littera,</span> <span class='ocrx_word' id='word_1_469' title='bbox 1620 1799 1651 1829; x_wconf 87' lang='lat' dir='ltr'>in</span> <span class='ocrx_word' id='word_1_470' title='bbox 1676 1799 1882 1839; x_wconf 87' lang='lat' dir='ltr'>responsione</span> <span class='ocrx_word' id='word_1_471' title='bbox 1906 1799 1945 1828; x_wconf 92' lang='lat' dir='ltr'>ad</span> <span class='ocrx_word' id='word_1_472' title='bbox 1968 1799 2154 1834; x_wconf 80' lang='lat' dir='ltr'>secundum,</span> <span class='ocrx_word' id='word_1_473' title='bbox 2179 1799 2379 1829; x_wconf 84' lang='lat' dir='ltr'>concluditur</span> <span class='ocrx_word' id='word_1_474' title='bbox 2401 1798 2491 1839; x_wconf 89' lang='lat' dir='ltr'>quod</span> <span class='ocrx_word' id='word_1_475' title='bbox 2512 1798 2546 1829; x_wconf 83' lang='lat' dir='ltr'>in</span> 
     </span>
    </p>
   </div>
   <div class='ocr_carea' id='block_1_15' title="bbox 1487 1842 2562 1883">
    <p class='ocr_par' dir='ltr' id='par_1_21' title="bbox 1487 1842 2562 1883">
     <span class='ocr_line' id='line_1_69' title="bbox 1487 1842 2562 1883; baseline 0 -10"><span class='ocrx_word' id='word_1_476' title='bbox 1487 1843 1606 1874; x_wconf 86' lang='lat' dir='ltr'>ratione</span> <span class='ocrx_word' id='word_1_477' title='bbox 1622 1850 1668 1873; x_wconf 90' lang='lat' dir='ltr'>est</span> <span class='ocrx_word' id='word_1_478' title='bbox 1681 1849 1856 1883; x_wconf 84' lang='lat' dir='ltr'>peccatum,</span> <span class='ocrx_word' id='word_1_479' title='bbox 1878 1849 1914 1873; x_wconf 92' lang='lat' dir='ltr'>ut</span> <span class='ocrx_word' id='word_1_480' title='bbox 1930 1842 2069 1873; x_wconf 89' lang='lat' dir='ltr'>defectus</span> <span class='ocrx_word' id='word_1_481' title='bbox 2086 1842 2152 1873; x_wconf 91' lang='lat' dir='ltr'>eius</span> <span class='ocrx_word' id='word_1_482' title='bbox 2167 1849 2214 1874; x_wconf 90' lang='lat' dir='ltr'>est</span> <span class='ocrx_word' id='word_1_483' title='bbox 2226 1842 2436 1874; x_wconf 82' lang='lat' dir='ltr'>voluntarius.</span> <span class='ocrx_word' id='word_1_484' title='bbox 2450 1859 2472 1866; x_wconf 88' lang='lat'><em>-</em></span> <span class='ocrx_word' id='word_1_485' title='bbox 2485 1842 2562 1874; x_wconf 54' lang='lat' dir='ltr'>Do»</span> 
     </span>
    </p>
   </div>
   <div class='ocr_carea' id='block_1_16' title="bbox 1487 1886 2550 2148">
    <p class='ocr_par' dir='ltr' id='par_1_22' title="bbox 1487 1886 2548 2059">
     <span class='ocr_line' id='line_1_70' title="bbox 1487 1886 2548 1927; baseline 0.001 -10"><span class='ocrx_word' id='word_1_486' title='bbox 1487 1887 1587 1918; x_wconf 83' lang='lat' dir='ltr'>fectus</span> <span class='ocrx_word' id='word_1_487' title='bbox 1602 1894 1708 1917; x_wconf 83' lang='lat' dir='ltr'>autern</span> <span class='ocrx_word' id='word_1_488' title='bbox 1724 1887 1757 1917; x_wconf 93' lang='lat' dir='ltr'>in</span> <span class='ocrx_word' id='word_1_489' title='bbox 1773 1887 1948 1927; x_wconf 82' lang='lat' dir='ltr'>dirigendo,</span> <span class='ocrx_word' id='word_1_490' title='bbox 1965 1893 2002 1917; x_wconf 90' lang='lat' dir='ltr'>ut</span> <span class='ocrx_word' id='word_1_491' title='bbox 2015 1886 2049 1917; x_wconf 89' lang='lat' dir='ltr'>in</span> <span class='ocrx_word' id='word_1_492' title='bbox 2063 1886 2164 1918; x_wconf 82' lang='lat' dir='ltr'>littera</span> <span class='ocrx_word' id='word_1_493' title='bbox 2178 1886 2197 1904; x_wconf 71' lang='lat'><em>*</em></span> <span class='ocrx_word' id='word_1_494' title='bbox 2221 1886 2343 1922; x_wconf 84' lang='lat' dir='ltr'>dicitur,</span> <span class='ocrx_word' id='word_1_495' title='bbox 2361 1896 2486 1927; x_wconf 84' lang='lat' dir='ltr'>semper</span> <span class='ocrx_word' id='word_1_496' title='bbox 2501 1892 2548 1918; x_wconf 71' lang='lat' dir='ltr'>est</span> 
     </span>
     <span class='ocr_line' id='line_1_71' title="bbox 1487 1930 2547 1971; baseline 0 -10"><span class='ocrx_word' id='word_1_497' title='bbox 1487 1931 1590 1961; x_wconf 91' lang='lat' dir='ltr'>malus</span> <span class='ocrx_word' id='word_1_498' title='bbox 1613 1931 1789 1962; x_wconf 80' lang='lat' dir='ltr'>moraliter:</span> <span class='ocrx_word' id='word_1_499' title='bbox 1814 1931 1889 1971; x_wconf 90' lang='lat' dir='ltr'>quia</span> <span class='ocrx_word' id='word_1_500' title='bbox 1912 1931 1951 1961; x_wconf 90' lang='lat' dir='ltr'>de</span> <span class='ocrx_word' id='word_1_501' title='bbox 1974 1931 2094 1962; x_wconf 85' lang='lat' dir='ltr'>ratione</span> <span class='ocrx_word' id='word_1_502' title='bbox 2118 1941 2176 1961; x_wconf 82' lang='lat' dir='ltr'>sua</span> <span class='ocrx_word' id='word_1_503' title='bbox 2199 1930 2316 1962; x_wconf 81' lang='lat' dir='ltr'>claudit</span> <span class='ocrx_word' id='word_1_504' title='bbox 2329 1930 2547 1962; x_wconf 68' lang='lat' dir='ltr'>voluntarium</span> 
     </span>
     <span class='ocr_line' id='line_1_72' title="bbox 1487 1974 2547 2015; baseline 0.001 -10"><span class='ocrx_word' id='word_1_505' title='bbox 1487 1975 1670 2006; x_wconf 81' lang='lat' dir='ltr'>formaliter.</span> <span class='ocrx_word' id='word_1_506' title='bbox 1694 1975 1831 2005; x_wconf 90' lang='lat' dir='ltr'>Directio</span> <span class='ocrx_word' id='word_1_507' title='bbox 1855 1975 1939 2005; x_wconf 90' lang='lat' dir='ltr'>enirn</span> <span class='ocrx_word' id='word_1_508' title='bbox 1958 1975 2145 2015; x_wconf 83' lang='lat' dir='ltr'>imperando</span> <span class='ocrx_word' id='word_1_509' title='bbox 2168 1974 2218 2005; x_wconf 88' lang='lat' dir='ltr'>fit:</span> <span class='ocrx_word' id='word_1_510' title='bbox 2243 1975 2414 2015; x_wconf 86' lang='lat' dir='ltr'>imperium</span> <span class='ocrx_word' id='word_1_511' title='bbox 2428 1980 2547 2012; x_wconf 55' lang='lat' dir='ltr'>autem.</span> 
     </span>
     <span class='ocr_line' id='line_1_73' title="bbox 1488 2018 2546 2059; baseline 0.001 -10"><span class='ocrx_word' id='word_1_512' title='bbox 1488 2027 1524 2050; x_wconf 94' lang='lat' dir='ltr'>ut</span> <span class='ocrx_word' id='word_1_513' title='bbox 1547 2019 1672 2059; x_wconf 87' lang='lat' dir='ltr'>supra*</span> <span class='ocrx_word' id='word_1_514' title='bbox 1696 2019 1872 2057; x_wconf 90' lang='lat' dir='ltr'>didicimus,</span> <span class='ocrx_word' id='word_1_515' title='bbox 1897 2026 1984 2050; x_wconf 89' lang='lat' dir='ltr'>actus</span> <span class='ocrx_word' id='word_1_516' title='bbox 2008 2026 2054 2050; x_wconf 88' lang='lat' dir='ltr'>est</span> <span class='ocrx_word' id='word_1_517' title='bbox 2068 2019 2197 2049; x_wconf 84' lang='lat' dir='ltr'>rationis</span> <span class='ocrx_word' id='word_1_518' title='bbox 2221 2025 2327 2049; x_wconf 87' lang='lat' dir='ltr'>motae</span> <span class='ocrx_word' id='word_1_519' title='bbox 2342 2029 2359 2049; x_wconf 89' lang='lat' dir='ltr'>a</span> <span class='ocrx_word' id='word_1_520' title='bbox 2374 2018 2546 2050; x_wconf 77' lang='lat' dir='ltr'>voluntate.</span> 
     </span>
    </p>

    <p class='ocr_par' dir='ltr' id='par_1_23' title="bbox 1489 2063 2550 2148">
     <span class='ocr_line' id='line_1_74' title="bbox 1543 2063 2546 2103; baseline 0 -10"><span class='ocrx_word' id='word_1_521' title='bbox 1543 2063 1600 2093; x_wconf 86' lang='lat' dir='ltr'>Est</span> <span class='ocrx_word' id='word_1_522' title='bbox 1621 2063 1717 2102; x_wconf 91' lang='lat' dir='ltr'>igitur</span> <span class='ocrx_word' id='word_1_523' title='bbox 1740 2074 1756 2093; x_wconf 88' lang='lat' dir='ltr'>a</span> <span class='ocrx_word' id='word_1_524' title='bbox 1779 2063 1899 2094; x_wconf 89' lang='lat' dir='ltr'>ratione</span> <span class='ocrx_word' id='word_1_525' title='bbox 1923 2070 1953 2094; x_wconf 87' lang='lat' dir='ltr'>et</span> <span class='ocrx_word' id='word_1_526' title='bbox 1968 2063 2001 2093; x_wconf 90' lang='lat' dir='ltr'>in</span> <span class='ocrx_word' id='word_1_527' title='bbox 2018 2063 2138 2094; x_wconf 88' lang='lat' dir='ltr'>ratione</span> <span class='ocrx_word' id='word_1_528' title='bbox 2157 2069 2332 2103; x_wconf 87' lang='lat' dir='ltr'>peccatum,</span> <span class='ocrx_word' id='word_1_529' title='bbox 2349 2068 2385 2093; x_wconf 90' lang='lat' dir='ltr'>ut</span> <span class='ocrx_word' id='word_1_530' title='bbox 2400 2063 2546 2103; x_wconf 81' lang='lat' dir='ltr'>proximo</span> 
     </span>
     <span class='ocr_line' id='line_1_75' title="bbox 1489 2106 2550 2148; baseline -0.001 -11"><span class='ocrx_word' id='word_1_531' title='bbox 1489 2114 1519 2138; x_wconf 87' lang='lat' dir='ltr'>et</span> <span class='ocrx_word' id='word_1_532' title='bbox 1533 2107 1668 2137; x_wconf 87' lang='lat' dir='ltr'>elicitivo</span> <span class='ocrx_word' id='word_1_533' title='bbox 1682 2107 1836 2148; x_wconf 87' lang='lat' dir='ltr'>principio</span> <span class='ocrx_word' id='word_1_534' title='bbox 1852 2107 2021 2138; x_wconf 86' lang='lat' dir='ltr'>inordinati</span> <span class='ocrx_word' id='word_1_535' title='bbox 2037 2114 2124 2138; x_wconf 88' lang='lat' dir='ltr'>actus</span> <span class='ocrx_word' id='word_1_536' title='bbox 2137 2107 2316 2143; x_wconf 89' lang='lat' dir='ltr'>voluntarii,</span> <span class='ocrx_word' id='word_1_537' title='bbox 2329 2106 2432 2137; x_wconf 88' lang='lat' dir='ltr'>multo</span> <span class='ocrx_word' id='word_1_538' title='bbox 2447 2106 2550 2147; x_wconf 62' lang='lat' dir='ltr'>magi!</span> 
     </span>
    </p>
   </div>
   <div class='ocr_carea' id='block_1_17' title="bbox 372 2147 2549 2194">
    <p class='ocr_par' dir='ltr' id='par_1_24' title="bbox 372 2147 2549 2194">
     <span class='ocr_line' id='line_1_76' title="bbox 372 2147 2549 2194; baseline -0.001 -10"><span class='ocrx_word' id='word_1_539' title='bbox 372 2160 478 2194; x_wconf 88' lang='lat' dir='ltr'>potest</span> <span class='ocrx_word' id='word_1_540' title='bbox 493 2160 524 2185; x_wconf 90' lang='lat' dir='ltr'>et</span> <span class='ocrx_word' id='word_1_541' title='bbox 538 2154 630 2184; x_wconf 88' lang='lat' dir='ltr'>debet</span> <span class='ocrx_word' id='word_1_542' title='bbox 645 2153 716 2194; x_wconf 92' lang='lat' dir='ltr'>quis</span> <span class='ocrx_word' id='word_1_543' title='bbox 737 2153 831 2190; x_wconf 87' lang='lat' dir='ltr'>scire;</span> <span class='ocrx_word' id='word_1_544' title='bbox 856 2152 1012 2194; x_wconf 86' lang='lat' dir='ltr'>positivus</span> <span class='ocrx_word' id='word_1_545' title='bbox 1031 2160 1148 2189; x_wconf 86' lang='lat' dir='ltr'>autem,</span> <span class='ocrx_word' id='word_1_546' title='bbox 1166 2152 1296 2193; x_wconf 84' lang='lat' dir='ltr'>quando</span> <span class='ocrx_word' id='word_1_547' title='bbox 1320 2158 1433 2192; x_wconf 90' lang='lat' dir='ltr'>potest.</span> <span class='ocrx_word' id='word_1_548' title='bbox 1461 2147 1464 2186; x_wconf 97' lang='grc' dir='ltr'>Ι</span> <span class='ocrx_word' id='word_1_549' title='bbox 1489 2161 1586 2192; x_wconf 85' lang='lat' dir='ltr'>quarn</span> <span class='ocrx_word' id='word_1_550' title='bbox 1603 2151 1635 2181; x_wconf 92' lang='lat' dir='ltr'>in</span> <span class='ocrx_word' id='word_1_551' title='bbox 1651 2151 1792 2191; x_wconf 85' lang='lat' dir='ltr'>appetitu</span> <span class='ocrx_word' id='word_1_552' title='bbox 1816 2151 1964 2188; x_wconf 85' lang='lat' dir='ltr'>inferiori,</span> <span class='ocrx_word' id='word_1_553' title='bbox 1989 2151 2045 2192; x_wconf 90' lang='lat' dir='ltr'>qui</span> <span class='ocrx_word' id='word_1_554' title='bbox 2067 2151 2225 2182; x_wconf 78' lang='lat' dir='ltr'>rationem</span> <span class='ocrx_word' id='word_1_555' title='bbox 2248 2151 2355 2181; x_wconf 87' lang='lat' dir='ltr'>solum</span> <span class='ocrx_word' id='word_1_556' title='bbox 2373 2149 2549 2191; x_wconf 49' lang='lat' dir='ltr'>participet.</span> 
     </span>
    </p>
   </div>
   <div class='ocr_carea' id='block_1_18' title="bbox 764 2299 2157 2431">
    <p class='ocr_par' dir='ltr' id='par_1_25' title="bbox 764 2299 2157 2431">
     <span class='ocr_line' id='line_1_77' title="bbox 1182 2299 1733 2342; baseline -0.002 0"><span class='ocrx_word' id='word_1_557' title='bbox 1182 2299 1496 2342; x_wconf 88' lang='lat' dir='ltr'>ARTICULUS</span> <span class='ocrx_word' id='word_1_558' title='bbox 1526 2299 1733 2341; x_wconf 90' lang='lat' dir='ltr'>SEXTUS</span> 
     </span>
     <span class='ocr_line' id='line_1_78' title="bbox 764 2391 2157 2431; baseline -0.001 -8"><span class='ocrx_word' id='word_1_559' title='bbox 764 2393 919 2424; x_wconf 85' lang='lat' dir='ltr'><strong>UTRUM</strong></span> <span class='ocrx_word' id='word_1_560' title='bbox 943 2391 1182 2423; x_wconf 84' lang='lat' dir='ltr'><strong>PECCATUM</strong></span> <span class='ocrx_word' id='word_1_561' title='bbox 1204 2391 1411 2423; x_wconf 82' lang='lat' dir='ltr'>MORosAE</span> <span class='ocrx_word' id='word_1_562' title='bbox 1435 2391 1783 2431; x_wconf 78' lang='lat' dir='ltr'>DELECTATIONIS</span> <span class='ocrx_word' id='word_1_563' title='bbox 1807 2391 1873 2422; x_wconf 66' lang='grc' dir='ltr'>εῖτ</span> <span class='ocrx_word' id='word_1_564' title='bbox 1898 2392 1940 2422; x_wconf 88' lang='lat' dir='ltr'>IN</span> <span class='ocrx_word' id='word_1_565' title='bbox 1965 2391 2157 2423; x_wconf 82' lang='lat' dir='ltr'>RATIONE</span> 
     </span>
    </p>
   </div>
   <div class='ocr_carea' id='block_1_19' title="bbox 1204 2471 1708 2503">
    <p class='ocr_par' dir='ltr' id='par_1_26' title="bbox 1204 2471 1708 2503">
     <span class='ocr_line' id='line_1_79' title="bbox 1204 2471 1708 2503; baseline 0 -8"><span class='ocrx_word' id='word_1_566' title='bbox 1204 2471 1224 2495; x_wconf 91' lang='lat' dir='ltr'>ll</span> <span class='ocrx_word' id='word_1_567' title='bbox 1244 2471 1326 2501; x_wconf 70' lang='lat' dir='ltr'>Sent„</span> <span class='ocrx_word' id='word_1_568' title='bbox 1347 2471 1405 2495; x_wconf 88' lang='lat' dir='ltr'>dist.</span> <span class='ocrx_word' id='word_1_569' title='bbox 1417 2478 1483 2501; x_wconf 79' lang='lat' dir='ltr'>xxxv,</span> <span class='ocrx_word' id='word_1_570' title='bbox 1503 2478 1547 2503; x_wconf 90' lang='lat' dir='ltr'>qu.</span> <span class='ocrx_word' id='word_1_571' title='bbox 1561 2477 1602 2502; x_wconf 83' lang='lat'>111,</span> <span class='ocrx_word' id='word_1_572' title='bbox 1623 2475 1669 2495; x_wconf 86' lang='lat' dir='ltr'>art.</span> <span class='ocrx_word' id='word_1_573' title='bbox 1687 2478 1708 2495; x_wconf 77' lang='grc' dir='ltr'>ι.</span> 
     </span>
    </p>
   </div>
   <div class='ocr_carea' id='block_1_20' title="bbox 371 2559 1434 3403">
    <p class='ocr_par' dir='ltr' id='par_1_27' title="bbox 457 2559 1431 2611">
     <span class='ocr_line' id='line_1_80' title="bbox 457 2559 1431 2608; baseline -0.005 -7"><span class='ocrx_word' id='word_1_574' title='bbox 457 2578 467 2601; x_wconf 64' lang='lat'><em>2</em></span> <span class='ocrx_word' id='word_1_575' title='bbox 583 2573 606 2597; x_wconf 83' lang='lat' dir='ltr'>n</span> <span class='ocrx_word' id='word_1_576' title='bbox 630 2573 771 2600; x_wconf 86' lang='lat' dir='ltr'>SEXTUM</span> <span class='ocrx_word' id='word_1_577' title='bbox 795 2572 847 2598; x_wconf 77' lang='lat' dir='ltr'>sm</span> <span class='ocrx_word' id='word_1_578' title='bbox 871 2571 1111 2598; x_wconf 82' lang='lat' dir='ltr'>PROCEDITUR.</span> <span class='ocrx_word' id='word_1_579' title='bbox 1139 2559 1299 2597; x_wconf 90' lang='lat' dir='ltr'>Videtur</span> <span class='ocrx_word' id='word_1_580' title='bbox 1326 2560 1431 2608; x_wconf 92' lang='lat' dir='ltr'>quod</span> 
     </span>
    </p>

    <p class='ocr_par' dir='ltr' id='par_1_28' title="bbox 371 2612 1433 2914">
     <span class='ocr_line' id='line_1_81' title="bbox 422 2612 1432 2662; baseline -0.001 -12"><span class='ocrx_word' id='word_1_581' title='bbox 422 2622 441 2631; x_wconf 65' lang='lat'>&#39;⁴</span> <span class='ocrx_word' id='word_1_582' title='bbox 512 2612 552 2660; x_wconf 65' lang='lat'>1⁴</span> <span class='ocrx_word' id='word_1_583' title='bbox 584 2621 783 2662; x_wconf 91' lang='lat' dir='ltr'>peccatum</span> <span class='ocrx_word' id='word_1_584' title='bbox 813 2626 990 2651; x_wconf 89' lang='lat' dir='ltr'>morosae</span> <span class='ocrx_word' id='word_1_585' title='bbox 1012 2613 1267 2650; x_wconf 85' lang='lat' dir='ltr'>delectationis</span> <span class='ocrx_word' id='word_1_586' title='bbox 1287 2625 1366 2650; x_wconf 90' lang='lat' dir='ltr'>non</span> <span class='ocrx_word' id='word_1_587' title='bbox 1385 2612 1432 2649; x_wconf 89' lang='lat' dir='ltr'>sit</span> 
     </span>
     <span class='ocr_line' id='line_1_82' title="bbox 389 2663 1431 2714; baseline -0.002 -10"><span class='ocrx_word' id='word_1_588' title='bbox 389 2664 436 2712; x_wconf 77' lang='grc'>’,’,</span> <span class='ocrx_word' id='word_1_589' title='bbox 473 2682 508 2710; x_wconf 52' lang='grc' dir='ltr'>ν’,</span> <span class='ocrx_word' id='word_1_590' title='bbox 529 2671 551 2713; x_wconf 64' lang='lat'>(2</span> <span class='ocrx_word' id='word_1_591' title='bbox 564 2663 570 2669; x_wconf 69' lang='grc'><strong>’</strong></span> <span class='ocrx_word' id='word_1_592' title='bbox 583 2666 622 2703; x_wconf 92' lang='lat' dir='ltr'>in</span> <span class='ocrx_word' id='word_1_593' title='bbox 641 2666 796 2703; x_wconf 90' lang='lat' dir='ltr'>ratione.</span> <span class='ocrx_word' id='word_1_594' title='bbox 813 2666 1022 2703; x_wconf 90' lang='lat' dir='ltr'>Delectatio</span> <span class='ocrx_word' id='word_1_595' title='bbox 1040 2666 1140 2703; x_wconf 89' lang='lat' dir='ltr'>enirn</span> <span class='ocrx_word' id='word_1_596' title='bbox 1156 2666 1335 2714; x_wconf 90' lang='lat' dir='ltr'>importat</span> <span class='ocrx_word' id='word_1_597' title='bbox 1349 2677 1431 2702; x_wconf 91' lang='lat' dir='ltr'>mo-</span> 
     </span>
     <span class='ocr_line' id='line_1_83' title="bbox 425 2710 1432 2768; baseline -0.004 -10"><span class='ocrx_word' id='word_1_598' title='bbox 425 2739 426 2742; x_wconf 44' lang='lat'><em>*</em></span> <span class='ocrx_word' id='word_1_599' title='bbox 470 2714 516 2746; x_wconf 63' lang='lat'>&#39;‘³&#39;&#39;</span> <span class='ocrx_word' id='word_1_600' title='bbox 539 2710 665 2756; x_wconf 47' lang='lat' dir='ltr'>&amp;turn</span> <span class='ocrx_word' id='word_1_601' title='bbox 693 2719 918 2767; x_wconf 88' lang='lat' dir='ltr'>appetitivae</span> <span class='ocrx_word' id='word_1_602' title='bbox 946 2719 1104 2766; x_wconf 84' lang='lat' dir='ltr'>virtutis,</span> <span class='ocrx_word' id='word_1_603' title='bbox 1133 2726 1175 2755; x_wconf 91' lang='lat' dir='ltr'>ut</span> <span class='ocrx_word' id='word_1_604' title='bbox 1202 2731 1317 2768; x_wconf 91' lang='lat' dir='ltr'>supra</span> <span class='ocrx_word' id='word_1_605' title='bbox 1335 2719 1354 2740; x_wconf 79' lang='grc'>*</span> <span class='ocrx_word' id='word_1_606' title='bbox 1381 2718 1432 2755; x_wconf 93' lang='lat' dir='ltr'>di-</span> 
     </span>
     <span class='ocr_line' id='line_1_84' title="bbox 373 2771 1429 2820; baseline 0 -13"><span class='ocrx_word' id='word_1_607' title='bbox 373 2778 475 2808; x_wconf 92' lang='lat' dir='ltr'>ctum</span> <span class='ocrx_word' id='word_1_608' title='bbox 496 2778 561 2808; x_wconf 88' lang='lat' dir='ltr'>est.</span> <span class='ocrx_word' id='word_1_609' title='bbox 585 2772 661 2809; x_wconf 92' lang='lat' dir='ltr'>Sed</span> <span class='ocrx_word' id='word_1_610' title='bbox 680 2772 739 2808; x_wconf 92' lang='lat' dir='ltr'>vis</span> <span class='ocrx_word' id='word_1_611' title='bbox 759 2772 964 2820; x_wconf 86' lang='lat' dir='ltr'>appetitiva</span> <span class='ocrx_word' id='word_1_612' title='bbox 984 2771 1222 2819; x_wconf 89' lang='lat' dir='ltr'>distinguitur</span> <span class='ocrx_word' id='word_1_613' title='bbox 1236 2784 1258 2808; x_wconf 93' lang='lat' dir='ltr'>a</span> <span class='ocrx_word' id='word_1_614' title='bbox 1273 2771 1429 2818; x_wconf 91' lang='lat' dir='ltr'>ratione,</span> 
     </span>
     <span class='ocr_line' id='line_1_85' title="bbox 371 2824 1433 2873; baseline 0.001 -13"><span class='ocrx_word' id='word_1_615' title='bbox 371 2836 470 2873; x_wconf 91' lang='lat' dir='ltr'>quae</span> <span class='ocrx_word' id='word_1_616' title='bbox 499 2831 554 2860; x_wconf 89' lang='lat' dir='ltr'>est</span> <span class='ocrx_word' id='word_1_617' title='bbox 579 2825 638 2862; x_wconf 91' lang='lat' dir='ltr'>vis</span> <span class='ocrx_word' id='word_1_618' title='bbox 667 2824 956 2873; x_wconf 89' lang='lat' dir='ltr'>apprehensiva.</span> <span class='ocrx_word' id='word_1_619' title='bbox 991 2826 1093 2872; x_wconf 90' lang='lat' dir='ltr'>Ergo</span> <span class='ocrx_word' id='word_1_620' title='bbox 1124 2824 1320 2863; x_wconf 88' lang='lat' dir='ltr'>delectatio</span> <span class='ocrx_word' id='word_1_621' title='bbox 1349 2836 1433 2862; x_wconf 88' lang='lat' dir='ltr'>mo-</span> 
     </span>
     <span class='ocr_line' id='line_1_86' title="bbox 372 2877 899 2914; baseline 0.002 -1"><span class='ocrx_word' id='word_1_622' title='bbox 372 2889 459 2914; x_wconf 92' lang='lat' dir='ltr'>rosa</span> <span class='ocrx_word' id='word_1_623' title='bbox 486 2889 566 2914; x_wconf 90' lang='lat' dir='ltr'>non</span> <span class='ocrx_word' id='word_1_624' title='bbox 594 2885 649 2914; x_wconf 89' lang='lat' dir='ltr'>est</span> <span class='ocrx_word' id='word_1_625' title='bbox 676 2877 714 2914; x_wconf 91' lang='lat' dir='ltr'>in</span> <span class='ocrx_word' id='word_1_626' title='bbox 742 2877 899 2914; x_wconf 89' lang='lat' dir='ltr'>ratione.</span> 
     </span>
    </p>

    <p class='ocr_par' dir='ltr' id='par_1_29' title="bbox 371 2929 1434 3233">
     <span class='ocr_line' id='line_1_87' title="bbox 426 2929 1432 2978; baseline 0 -12"><span class='ocrx_word' id='word_1_627' title='bbox 426 2942 461 2967; x_wconf 91' lang='lat'>2.</span> <span class='ocrx_word' id='word_1_628' title='bbox 491 2930 727 2978; x_wconf 77' lang='lat' dir='ltr'>PRAETEREA,</span> <span class='ocrx_word' id='word_1_629' title='bbox 758 2943 804 2967; x_wconf 84' lang='lat' dir='ltr'>ex</span> <span class='ocrx_word' id='word_1_630' title='bbox 833 2930 988 2967; x_wconf 92' lang='lat' dir='ltr'>obiectis</span> <span class='ocrx_word' id='word_1_631' title='bbox 1023 2929 1199 2977; x_wconf 89' lang='lat' dir='ltr'>cognosci</span> <span class='ocrx_word' id='word_1_632' title='bbox 1233 2937 1356 2978; x_wconf 87' lang='lat' dir='ltr'>potest</span> <span class='ocrx_word' id='word_1_633' title='bbox 1384 2930 1432 2967; x_wconf 89' lang='lat' dir='ltr'>ad</span> 
     </span>
     <span class='ocr_line' id='line_1_88' title="bbox 372 2983 1432 3032; baseline -0.001 -13"><span class='ocrx_word' id='word_1_634' title='bbox 372 2995 488 3031; x_wconf 88' lang='lat' dir='ltr'>quam</span> <span class='ocrx_word' id='word_1_635' title='bbox 521 2983 730 3032; x_wconf 88' lang='lat' dir='ltr'>potentiam</span> <span class='ocrx_word' id='word_1_636' title='bbox 759 2990 864 3020; x_wconf 89' lang='lat' dir='ltr'>actus</span> <span class='ocrx_word' id='word_1_637' title='bbox 896 2983 1096 3031; x_wconf 86' lang='lat' dir='ltr'>pertineat,</span> <span class='ocrx_word' id='word_1_638' title='bbox 1125 2995 1193 3031; x_wconf 89' lang='lat' dir='ltr'>per</span> <span class='ocrx_word' id='word_1_639' title='bbox 1221 2994 1336 3031; x_wconf 87' lang='lat' dir='ltr'>quem</span> <span class='ocrx_word' id='word_1_640' title='bbox 1363 2995 1432 3031; x_wconf 92' lang='lat' dir='ltr'>po-</span> 
     </span>
     <span class='ocr_line' id='line_1_89' title="bbox 371 3035 1434 3084; baseline 0 -12"><span class='ocrx_word' id='word_1_641' title='bbox 371 3035 486 3072; x_wconf 89' lang='lat' dir='ltr'>tentia</span> <span class='ocrx_word' id='word_1_642' title='bbox 505 3036 700 3073; x_wconf 88' lang='lat' dir='ltr'>ordinatur</span> <span class='ocrx_word' id='word_1_643' title='bbox 718 3036 766 3073; x_wconf 91' lang='lat' dir='ltr'>ad</span> <span class='ocrx_word' id='word_1_644' title='bbox 786 3036 991 3073; x_wconf 92' lang='lat' dir='ltr'>obiectum.</span> <span class='ocrx_word' id='word_1_645' title='bbox 1022 3035 1099 3072; x_wconf 90' lang='lat' dir='ltr'>Sed</span> <span class='ocrx_word' id='word_1_646' title='bbox 1119 3035 1349 3084; x_wconf 89' lang='lat' dir='ltr'>quandoque</span> <span class='ocrx_word' id='word_1_647' title='bbox 1379 3043 1434 3072; x_wconf 90' lang='lat' dir='ltr'>est</span> 
     </span>
     <span class='ocr_line' id='line_1_90' title="bbox 374 3088 1433 3134; baseline -0.002 -7"><span class='ocrx_word' id='word_1_648' title='bbox 374 3088 569 3127; x_wconf 89' lang='lat' dir='ltr'>delectatio</span> <span class='ocrx_word' id='word_1_649' title='bbox 591 3094 608 3110; x_wconf 75' lang='lat'>²</span> <span class='ocrx_word' id='word_1_650' title='bbox 636 3101 792 3126; x_wconf 89' lang='lat' dir='ltr'>morosa</span> <span class='ocrx_word' id='word_1_651' title='bbox 820 3089 919 3126; x_wconf 85' lang='lat' dir='ltr'>circa</span> <span class='ocrx_word' id='word_1_652' title='bbox 946 3089 1051 3126; x_wconf 90' lang='lat' dir='ltr'>bona</span> <span class='ocrx_word' id='word_1_653' title='bbox 1077 3088 1278 3134; x_wconf 90' lang='lat' dir='ltr'>sensibilia,</span> <span class='ocrx_word' id='word_1_654' title='bbox 1299 3096 1335 3125; x_wconf 90' lang='lat' dir='ltr'>et</span> <span class='ocrx_word' id='word_1_655' title='bbox 1354 3101 1433 3125; x_wconf 93' lang='lat' dir='ltr'>non</span> 
     </span>
     <span class='ocr_line' id='line_1_91' title="bbox 374 3140 1433 3191; baseline 0.002 -15"><span class='ocrx_word' id='word_1_656' title='bbox 374 3140 470 3178; x_wconf 88' lang='lat' dir='ltr'>circa</span> <span class='ocrx_word' id='word_1_657' title='bbox 498 3141 600 3179; x_wconf 90' lang='lat' dir='ltr'>bona</span> <span class='ocrx_word' id='word_1_658' title='bbox 628 3142 791 3181; x_wconf 88' lang='lat' dir='ltr'>rationis.</span> <span class='ocrx_word' id='word_1_659' title='bbox 821 3142 924 3190; x_wconf 90' lang='lat' dir='ltr'>Ergo</span> <span class='ocrx_word' id='word_1_660' title='bbox 952 3149 1154 3191; x_wconf 89' lang='lat' dir='ltr'>peccatum</span> <span class='ocrx_word' id='word_1_661' title='bbox 1177 3141 1433 3179; x_wconf 90' lang='lat' dir='ltr'>delectationis</span> 
     </span>
     <span class='ocr_line' id='line_1_92' title="bbox 373 3194 990 3233; baseline 0.003 -2"><span class='ocrx_word' id='word_1_662' title='bbox 373 3205 550 3231; x_wconf 88' lang='lat' dir='ltr'>morosae</span> <span class='ocrx_word' id='word_1_663' title='bbox 578 3207 656 3233; x_wconf 92' lang='lat' dir='ltr'>non</span> <span class='ocrx_word' id='word_1_664' title='bbox 685 3203 740 3232; x_wconf 83' lang='lat' dir='ltr'>est</span> <span class='ocrx_word' id='word_1_665' title='bbox 767 3195 806 3233; x_wconf 92' lang='lat' dir='ltr'>in</span> <span class='ocrx_word' id='word_1_666' title='bbox 834 3194 990 3233; x_wconf 88' lang='lat' dir='ltr'>ratione.</span> 
     </span>
    </p>

    <p class='ocr_par' dir='ltr' id='par_1_30' title="bbox 374 3246 1434 3403">
     <span class='ocr_line' id='line_1_93' title="bbox 429 3246 1434 3297; baseline 0.001 -15"><span class='ocrx_word' id='word_1_667' title='bbox 429 3247 463 3282; x_wconf 89' lang='lat'>3.</span> <span class='ocrx_word' id='word_1_668' title='bbox 484 3247 714 3295; x_wconf 80' lang='lat' dir='ltr'>PRAETEREA,</span> <span class='ocrx_word' id='word_1_669' title='bbox 735 3260 936 3285; x_wconf 89' lang='lat' dir='ltr'>morosum</span> <span class='ocrx_word' id='word_1_670' title='bbox 961 3246 1094 3285; x_wconf 92' lang='lat' dir='ltr'>dicitur</span> <span class='ocrx_word' id='word_1_671' title='bbox 1116 3246 1257 3297; x_wconf 92' lang='lat' dir='ltr'>aliquid</span> <span class='ocrx_word' id='word_1_672' title='bbox 1279 3253 1434 3297; x_wconf 91' lang='lat' dir='ltr'>propter</span> 
     </span>
     <span class='ocr_line' id='line_1_94' title="bbox 375 3298 1434 3349; baseline -0.001 -12"><span class='ocrx_word' id='word_1_673' title='bbox 375 3298 655 3337; x_wconf 89' lang='lat' dir='ltr'>diuturnitatem</span> <span class='ocrx_word' id='word_1_674' title='bbox 683 3301 877 3349; x_wconf 91' lang='lat' dir='ltr'>temporis.</span> <span class='ocrx_word' id='word_1_675' title='bbox 909 3300 985 3338; x_wconf 92' lang='lat' dir='ltr'>Sed</span> <span class='ocrx_word' id='word_1_676' title='bbox 1006 3300 1228 3338; x_wconf 89' lang='lat' dir='ltr'>diuturnitas</span> <span class='ocrx_word' id='word_1_677' title='bbox 1250 3299 1434 3349; x_wconf 90' lang='lat' dir='ltr'>temporis</span> 
     </span>
     <span class='ocr_line' id='line_1_95' title="bbox 374 3352 1432 3403; baseline 0.002 -15"><span class='ocrx_word' id='word_1_678' title='bbox 374 3363 453 3390; x_wconf 86' lang='lat' dir='ltr'>non</span> <span class='ocrx_word' id='word_1_679' title='bbox 481 3358 537 3391; x_wconf 85' lang='lat' dir='ltr'>est.</span> <span class='ocrx_word' id='word_1_680' title='bbox 564 3352 656 3390; x_wconf 84' lang='lat' dir='ltr'>ratio</span> <span class='ocrx_word' id='word_1_681' title='bbox 685 3353 790 3401; x_wconf 90' lang='lat' dir='ltr'>quod</span> <span class='ocrx_word' id='word_1_682' title='bbox 818 3353 951 3403; x_wconf 88' lang='lat' dir='ltr'>aliquis</span> <span class='ocrx_word' id='word_1_683' title='bbox 975 3361 1078 3390; x_wconf 87' lang='lat' dir='ltr'>actus</span> <span class='ocrx_word' id='word_1_684' title='bbox 1097 3353 1282 3403; x_wconf 88' lang='lat' dir='ltr'>pertineat</span> <span class='ocrx_word' id='word_1_685' title='bbox 1300 3353 1349 3390; x_wconf 92' lang='lat' dir='ltr'>ad</span> <span class='ocrx_word' id='word_1_686' title='bbox 1369 3353 1432 3390; x_wconf 85' lang='lat' dir='ltr'>ali-</span> 
     </span>
    </p>
   </div>
   <div class='ocr_carea' id='block_1_21' title="bbox 371 2566 577 2766">
    <p class='ocr_par' dir='ltr' id='par_1_31' title="bbox 371 2566 577 2766">
     <span class='ocr_line' id='line_1_96' title="bbox 371 2566 577 2766; baseline 0 -85"><span class='ocrx_word' id='word_1_687' title='bbox 371 2566 577 2766; x_wconf 95' lang='lat' dir='ltr'>  </span> 
     </span>
    </p>
   </div>
   <div class='ocr_carea' id='block_1_22' title="bbox 1484 2557 2548 3399">
    <p class='ocr_par' dir='ltr' id='par_1_32' title="bbox 1484 2557 2547 2660">
     <span class='ocr_line' id='line_1_97' title="bbox 1484 2557 2547 2609; baseline 0.002 -14"><span class='ocrx_word' id='word_1_688' title='bbox 1484 2570 1600 2607; x_wconf 89' lang='lat' dir='ltr'>quam</span> <span class='ocrx_word' id='word_1_689' title='bbox 1613 2558 1836 2607; x_wconf 88' lang='lat' dir='ltr'>potentiam.</span> <span class='ocrx_word' id='word_1_690' title='bbox 1857 2559 1958 2608; x_wconf 88' lang='lat' dir='ltr'>Ergo</span> <span class='ocrx_word' id='word_1_691' title='bbox 1976 2557 2173 2596; x_wconf 88' lang='lat' dir='ltr'>delectatio</span> <span class='ocrx_word' id='word_1_692' title='bbox 2194 2570 2349 2596; x_wconf 89' lang='lat' dir='ltr'>morosa</span> <span class='ocrx_word' id='word_1_693' title='bbox 2363 2571 2443 2597; x_wconf 90' lang='lat' dir='ltr'>non</span> <span class='ocrx_word' id='word_1_694' title='bbox 2462 2571 2547 2609; x_wconf 86' lang='lat' dir='ltr'>per-</span> 
     </span>
     <span class='ocr_line' id='line_1_98' title="bbox 1484 2611 1878 2660; baseline 0 -12"><span class='ocrx_word' id='word_1_695' title='bbox 1484 2611 1576 2649; x_wconf 90' lang='lat' dir='ltr'>tinet</span> <span class='ocrx_word' id='word_1_696' title='bbox 1602 2611 1651 2648; x_wconf 91' lang='lat' dir='ltr'>ad</span> <span class='ocrx_word' id='word_1_697' title='bbox 1675 2611 1878 2660; x_wconf 63' lang='lat' dir='ltr'>rationem.</span> 
     </span>
    </p>

    <p class='ocr_par' dir='ltr' id='par_1_33' title="bbox 1484 2664 2548 3019">
     <span class='ocr_line' id='line_1_99' title="bbox 1539 2664 2548 2712; baseline 0.001 -11"><span class='ocrx_word' id='word_1_698' title='bbox 1539 2665 1612 2701; x_wconf 78' lang='lat' dir='ltr'>SED</span> <span class='ocrx_word' id='word_1_699' title='bbox 1642 2676 1787 2701; x_wconf 81' lang='lat' dir='ltr'>CONTRA</span> <span class='ocrx_word' id='word_1_700' title='bbox 1815 2676 1881 2701; x_wconf 82' lang='lat' dir='ltr'>EST</span> <span class='ocrx_word' id='word_1_701' title='bbox 1909 2665 2014 2712; x_wconf 89' lang='lat' dir='ltr'>quod</span> <span class='ocrx_word' id='word_1_702' title='bbox 2040 2664 2272 2712; x_wconf 90' lang='lat' dir='ltr'>Augustinus</span> <span class='ocrx_word' id='word_1_703' title='bbox 2291 2664 2391 2711; x_wconf 89' lang='lat' dir='ltr'>dicit,</span> <span class='ocrx_word' id='word_1_704' title='bbox 2412 2665 2481 2701; x_wconf 84' lang='lat' dir='ltr'>XII</span> <span class='ocrx_word' id='word_1_705' title='bbox 2500 2665 2548 2702; x_wconf 74' lang='lat' dir='ltr'>de</span> 
     </span>
     <span class='ocr_line' id='line_1_100' title="bbox 1489 2716 2546 2766; baseline 0 -13"><span class='ocrx_word' id='word_1_706' title='bbox 1489 2719 1526 2754; x_wconf 96' lang='lat' dir='ltr'><em>T</em></span> <span class='ocrx_word' id='word_1_707' title='bbox 1521 2717 1591 2753; x_wconf 88' lang='lat' dir='ltr'>rin.</span> <span class='ocrx_word' id='word_1_708' title='bbox 1613 2716 1652 2763; x_wconf 72' lang='lat'>²¹⁴,</span> <span class='ocrx_word' id='word_1_709' title='bbox 1683 2717 1787 2765; x_wconf 93' lang='lat' dir='ltr'>quod</span> <span class='ocrx_word' id='word_1_710' title='bbox 1821 2729 2020 2754; x_wconf 84' lang='lat' dir='ltr'>consensus</span> <span class='ocrx_word' id='word_1_711' title='bbox 2051 2717 2247 2754; x_wconf 85' lang='lat' dir='ltr'>illecebrae</span> <span class='ocrx_word' id='word_1_712' title='bbox 2272 2718 2307 2753; x_wconf 90' lang='lat' dir='ltr'>si</span> <span class='ocrx_word' id='word_1_713' title='bbox 2330 2717 2410 2754; x_wconf 87' lang='lat' dir='ltr'>sola</span> <span class='ocrx_word' id='word_1_714' title='bbox 2443 2718 2546 2766; x_wconf 82' lang='lat' dir='ltr'>cogi-</span> 
     </span>
     <span class='ocr_line' id='line_1_101' title="bbox 1484 2768 2545 2815; baseline 0 -8"><span class='ocrx_word' id='word_1_715' title='bbox 1484 2770 1631 2807; x_wconf 88' lang='lat' dir='ltr'>tationis</span> <span class='ocrx_word' id='word_1_716' title='bbox 1655 2770 1894 2807; x_wconf 87' lang='lat' dir='ltr'>delectatione</span> <span class='ocrx_word' id='word_1_717' title='bbox 1908 2768 1923 2799; x_wconf 67' lang='grc' dir='ltr'><strong>β</strong></span> <span class='ocrx_word' id='word_1_718' title='bbox 1942 2775 2132 2806; x_wconf 87' lang='lat' dir='ltr'>contentus</span> <span class='ocrx_word' id='word_1_719' title='bbox 2159 2775 2222 2815; x_wconf 89' lang='lat' dir='ltr'>est,</span> <span class='ocrx_word' id='word_1_720' title='bbox 2251 2770 2305 2806; x_wconf 89' lang='lat' dir='ltr'>sic</span> <span class='ocrx_word' id='word_1_721' title='bbox 2332 2770 2545 2807; x_wconf 83' lang='lat' dir='ltr'>habendum</span> 
     </span>
     <span class='ocr_line' id='line_1_102' title="bbox 1485 2822 2547 2860; baseline 0 -1"><span class='ocrx_word' id='word_1_722' title='bbox 1485 2823 1656 2860; x_wconf 83' lang='lat' dir='ltr'>existimo</span> <span class='ocrx_word' id='word_1_723' title='bbox 1683 2822 1784 2860; x_wconf 78' lang='lat' dir='ltr'>velut</span> <span class='ocrx_word' id='word_1_724' title='bbox 1815 2823 1939 2859; x_wconf 85' lang='lat' dir='ltr'>cibum</span> <span class='ocrx_word' id='word_1_725' title='bbox 1966 2823 2117 2860; x_wconf 76' lang='lat' dir='ltr'>vetitum</span> <span class='ocrx_word' id='word_1_726' title='bbox 2150 2822 2286 2859; x_wconf 90' lang='lat' dir='ltr'>mulier</span> <span class='ocrx_word' id='word_1_727' title='bbox 2317 2822 2398 2859; x_wconf 91' lang='lat' dir='ltr'>sola</span> <span class='ocrx_word' id='word_1_728' title='bbox 2426 2834 2547 2859; x_wconf 90' lang='lat' dir='ltr'>come-</span> 
     </span>
     <span class='ocr_line' id='line_1_103' title="bbox 1486 2875 2546 2923; baseline 0 -11"><span class='ocrx_word' id='word_1_729' title='bbox 1486 2875 1590 2912; x_wconf 86' lang='lat' dir='ltr'>derit.</span> <span class='ocrx_word' id='word_1_730' title='bbox 1624 2875 1698 2912; x_wconf 92' lang='lat' dir='ltr'>Per</span> <span class='ocrx_word' id='word_1_731' title='bbox 1725 2875 1925 2912; x_wconf 88' lang='lat' dir='ltr'>mulierem</span> <span class='ocrx_word' id='word_1_732' title='bbox 1961 2882 2088 2912; x_wconf 89' lang='lat' dir='ltr'>autem</span> <span class='ocrx_word' id='word_1_733' title='bbox 2125 2875 2338 2923; x_wconf 90' lang='lat' dir='ltr'>intelligitur</span> <span class='ocrx_word' id='word_1_734' title='bbox 2370 2875 2463 2912; x_wconf 90' lang='lat' dir='ltr'>ratio</span> <span class='ocrx_word' id='word_1_735' title='bbox 2491 2875 2546 2912; x_wconf 88' lang='lat' dir='ltr'>in·-</span> 
     </span>
     <span class='ocr_line' id='line_1_104' title="bbox 1486 2927 2546 2976; baseline 0 -12"><span class='ocrx_word' id='word_1_736' title='bbox 1486 2928 1610 2975; x_wconf 80' lang='lat' dir='ltr'>ferior,</span> <span class='ocrx_word' id='word_1_737' title='bbox 1640 2928 1734 2965; x_wconf 92' lang='lat' dir='ltr'>sicut</span> <span class='ocrx_word' id='word_1_738' title='bbox 1761 2928 1903 2965; x_wconf 88' lang='lat' dir='ltr'>ibidem</span> <span class='ocrx_word' id='word_1_739' title='bbox 1929 2927 2010 2976; x_wconf 92' lang='lat' dir='ltr'>ipse</span> <span class='ocrx_word' id='word_1_740' title='bbox 2030 2927 2194 2976; x_wconf 87' lang='lat' dir='ltr'>exponit.</span> <span class='ocrx_word' id='word_1_741' title='bbox 2225 2929 2328 2976; x_wconf 88' lang='lat' dir='ltr'>Ergo</span> <span class='ocrx_word' id='word_1_742' title='bbox 2346 2934 2546 2976; x_wconf 89' lang='lat' dir='ltr'>peccatum</span> 
     </span>
     <span class='ocr_line' id='line_1_105' title="bbox 1487 2980 2284 3019; baseline -0.003 0"><span class='ocrx_word' id='word_1_743' title='bbox 1487 2993 1664 3019; x_wconf 89' lang='lat' dir='ltr'>morosae</span> <span class='ocrx_word' id='word_1_744' title='bbox 1693 2980 1949 3017; x_wconf 88' lang='lat' dir='ltr'>delectationis</span> <span class='ocrx_word' id='word_1_745' title='bbox 1978 2988 2033 3017; x_wconf 91' lang='lat' dir='ltr'>est</span> <span class='ocrx_word' id='word_1_746' title='bbox 2061 2980 2099 3017; x_wconf 95' lang='lat' dir='ltr'>in</span> <span class='ocrx_word' id='word_1_747' title='bbox 2129 2980 2284 3017; x_wconf 89' lang='lat' dir='ltr'>ratione.</span> 
     </span>
    </p>

    <p class='ocr_par' dir='ltr' id='par_1_34' title="bbox 1486 3032 2548 3399">
     <span class='ocr_line' id='line_1_106' title="bbox 1540 3032 2546 3082; baseline -0.001 -11"><span class='ocrx_word' id='word_1_748' title='bbox 1540 3036 1764 3071; x_wconf 61' lang='lat' dir='ltr'>Responmso</span> <span class='ocrx_word' id='word_1_749' title='bbox 1793 3045 1976 3070; x_wconf 72' lang='lat' dir='ltr'>mcx-:noum</span> <span class='ocrx_word' id='word_1_750' title='bbox 2005 3034 2121 3082; x_wconf 89' lang='lat' dir='ltr'>quod,</span> <span class='ocrx_word' id='word_1_751' title='bbox 2143 3033 2238 3070; x_wconf 92' lang='lat' dir='ltr'>sicut</span> <span class='ocrx_word' id='word_1_752' title='bbox 2261 3033 2337 3070; x_wconf 90' lang='lat' dir='ltr'>iam</span> <span class='ocrx_word' id='word_1_753' title='bbox 2356 3033 2376 3055; x_wconf 79' lang='grc'><em>*</em></span> <span class='ocrx_word' id='word_1_754' title='bbox 2404 3032 2546 3070; x_wconf 89' lang='lat' dir='ltr'>dictum</span> 
     </span>
     <span class='ocr_line' id='line_1_107' title="bbox 1488 3085 2546 3136; baseline 0.001 -12"><span class='ocrx_word' id='word_1_755' title='bbox 1488 3095 1563 3134; x_wconf 88' lang='lat' dir='ltr'>est,</span> <span class='ocrx_word' id='word_1_756' title='bbox 1591 3094 1790 3136; x_wconf 89' lang='lat' dir='ltr'>peccatum</span> <span class='ocrx_word' id='word_1_757' title='bbox 1820 3086 2000 3134; x_wconf 88' lang='lat' dir='ltr'>contingit</span> <span class='ocrx_word' id='word_1_758' title='bbox 2028 3098 2109 3123; x_wconf 89' lang='lat' dir='ltr'>esse</span> <span class='ocrx_word' id='word_1_759' title='bbox 2138 3086 2177 3123; x_wconf 91' lang='lat' dir='ltr'>in</span> <span class='ocrx_word' id='word_1_760' title='bbox 2202 3086 2347 3124; x_wconf 88' lang='lat' dir='ltr'>ratione</span> <span class='ocrx_word' id='word_1_761' title='bbox 2374 3085 2546 3136; x_wconf 78' lang='lat' dir='ltr'>quando-</span> 
     </span>
     <span class='ocr_line' id='line_1_108' title="bbox 1487 3138 2545 3189; baseline -0.001 -12"><span class='ocrx_word' id='word_1_762' title='bbox 1487 3153 1561 3189; x_wconf 93' lang='lat' dir='ltr'>que</span> <span class='ocrx_word' id='word_1_763' title='bbox 1581 3138 1737 3188; x_wconf 92' lang='lat' dir='ltr'>quidem</span> <span class='ocrx_word' id='word_1_764' title='bbox 1762 3139 1988 3188; x_wconf 86' lang='lat' dir='ltr'>inquantum</span> <span class='ocrx_word' id='word_1_765' title='bbox 2007 3146 2063 3176; x_wconf 93' lang='lat' dir='ltr'>est</span> <span class='ocrx_word' id='word_1_766' title='bbox 2086 3138 2266 3177; x_wconf 90' lang='lat' dir='ltr'>directiva</span> <span class='ocrx_word' id='word_1_767' title='bbox 2289 3139 2545 3177; x_wconf 79' lang='lat' dir='ltr'>humanorum</span> 
     </span>
     <span class='ocr_line' id='line_1_109' title="bbox 1488 3190 2545 3242; baseline -0.002 -12"><span class='ocrx_word' id='word_1_768' title='bbox 1488 3200 1653 3232; x_wconf 89' lang='lat' dir='ltr'>actuum.</span> <span class='ocrx_word' id='word_1_769' title='bbox 1688 3192 1932 3229; x_wconf 87' lang='lat' dir='ltr'>Manifestum</span> <span class='ocrx_word' id='word_1_770' title='bbox 1969 3199 2024 3229; x_wconf 90' lang='lat' dir='ltr'>est</span> <span class='ocrx_word' id='word_1_771' title='bbox 2052 3199 2180 3229; x_wconf 87' lang='lat' dir='ltr'>autem</span> <span class='ocrx_word' id='word_1_772' title='bbox 2214 3191 2318 3242; x_wconf 90' lang='lat' dir='ltr'>quod</span> <span class='ocrx_word' id='word_1_773' title='bbox 2345 3190 2441 3229; x_wconf 77' lang='lat' dir='ltr'>ratio</span> <span class='ocrx_word' id='word_1_774' title='bbox 2466 3200 2545 3228; x_wconf 75' lang='lat' dir='ltr'>non</span> 
     </span>
     <span class='ocr_line' id='line_1_110' title="bbox 1487 3242 2546 3292; baseline -0.001 -9"><span class='ocrx_word' id='word_1_775' title='bbox 1487 3247 1611 3283; x_wconf 91' lang='lat' dir='ltr'>solum</span> <span class='ocrx_word' id='word_1_776' title='bbox 1632 3253 1686 3282; x_wconf 91' lang='lat' dir='ltr'>est</span> <span class='ocrx_word' id='word_1_777' title='bbox 1706 3244 1886 3282; x_wconf 88' lang='lat' dir='ltr'>directiva</span> <span class='ocrx_word' id='word_1_778' title='bbox 1906 3244 2132 3282; x_wconf 86' lang='lat' dir='ltr'>exteriorum</span> <span class='ocrx_word' id='word_1_779' title='bbox 2152 3252 2321 3292; x_wconf 85' lang='lat' dir='ltr'>actuum,</span> <span class='ocrx_word' id='word_1_780' title='bbox 2344 3242 2414 3281; x_wconf 81' lang='lat' dir='ltr'>sed</span> <span class='ocrx_word' id='word_1_781' title='bbox 2432 3242 2546 3282; x_wconf 82' lang='lat' dir='ltr'>etiam</span> 
     </span>
     <span class='ocr_line' id='line_1_111' title="bbox 1486 3294 2548 3347; baseline -0.002 -11"><span class='ocrx_word' id='word_1_782' title='bbox 1486 3299 1707 3337; x_wconf 89' lang='lat' dir='ltr'>interiorum</span> <span class='ocrx_word' id='word_1_783' title='bbox 1721 3297 1956 3347; x_wconf 89' lang='lat' dir='ltr'>passionum.</span> <span class='ocrx_word' id='word_1_784' title='bbox 1977 3298 2025 3335; x_wconf 91' lang='lat' dir='ltr'>Et</span> <span class='ocrx_word' id='word_1_785' title='bbox 2039 3297 2126 3335; x_wconf 91' lang='lat' dir='ltr'>ideo</span> <span class='ocrx_word' id='word_1_786' title='bbox 2142 3297 2295 3346; x_wconf 80' lang='lat' dir='ltr'>quando</span> <span class='ocrx_word' id='word_1_787' title='bbox 2312 3294 2437 3334; x_wconf 84' lang='lat' dir='ltr'>deficit</span> <span class='ocrx_word' id='word_1_788' title='bbox 2451 3294 2548 3334; x_wconf 77' lang='lat' dir='ltr'>ratio</span> 
     </span>
     <span class='ocr_line' id='line_1_112' title="bbox 1486 3347 2546 3399; baseline -0.004 -10"><span class='ocrx_word' id='word_1_789' title='bbox 1486 3353 1525 3390; x_wconf 92' lang='lat' dir='ltr'>in</span> <span class='ocrx_word' id='word_1_790' title='bbox 1554 3351 1758 3389; x_wconf 89' lang='lat' dir='ltr'>directione</span> <span class='ocrx_word' id='word_1_791' title='bbox 1787 3350 2007 3388; x_wconf 88' lang='lat' dir='ltr'>interiorum</span> <span class='ocrx_word' id='word_1_792' title='bbox 2035 3349 2271 3399; x_wconf 74' lang='lat' dir='ltr'>passionum,</span> <span class='ocrx_word' id='word_1_793' title='bbox 2299 3347 2433 3385; x_wconf 81' lang='lat' dir='ltr'>dicitur</span> <span class='ocrx_word' id='word_1_794' title='bbox 2462 3361 2546 3386; x_wconf 87' lang='lat' dir='ltr'>esse</span> 
     </span>
    </p>
   </div>
   <div class='ocr_carea' id='block_1_23' title="bbox 1062 3428 1736 3431">
    <p class='ocr_par' dir='ltr' id='par_1_35' title="bbox 1062 3428 1736 3431">
     <span class='ocr_line' id='line_1_113' title="bbox 1062 3428 1736 3431; baseline 0 0"><span class='ocrx_word' id='word_1_795' title='bbox 1062 3428 1736 3431; x_wconf 95' lang='lat' dir='ltr'> </span> 
     </span>
    </p>
   </div>
   <div class='ocr_carea' id='block_1_24' title="bbox 428 3456 1343 3490">
    <p class='ocr_par' dir='ltr' id='par_1_36' title="bbox 428 3456 1343 3490">
     <span class='ocr_line' id='line_1_114' title="bbox 428 3456 1343 3490; baseline 0.002 -10"><span class='ocrx_word' id='word_1_796' title='bbox 428 3456 455 3489; x_wconf 85' lang='grc' dir='ltr'>α)</span> <span class='ocrx_word' id='word_1_797' title='bbox 475 3456 632 3488; x_wconf 82' lang='lat' dir='ltr'>quandoque</span> <span class='ocrx_word' id='word_1_798' title='bbox 650 3460 689 3481; x_wconf 88' lang='lat' dir='ltr'>est</span> <span class='ocrx_word' id='word_1_799' title='bbox 707 3457 854 3482; x_wconf 75' lang='lat' dir='ltr'>delectatio.</span> <span class='ocrx_word' id='word_1_800' title='bbox 871 3471 890 3476; x_wconf 96' lang='lat'><em>-</em></span> <span class='ocrx_word' id='word_1_801' title='bbox 909 3457 1047 3482; x_wconf 77' lang='lat' dir='ltr'>delectatio</span> <span class='ocrx_word' id='word_1_802' title='bbox 1066 3458 1222 3490; x_wconf 78' lang='lat' dir='ltr'>quandoque</span> <span class='ocrx_word' id='word_1_803' title='bbox 1240 3461 1279 3483; x_wconf 80' lang='lat' dir='ltr'>est</span> <span class='ocrx_word' id='word_1_804' title='bbox 1299 3458 1343 3482; x_wconf 85' lang='lat' dir='ltr'>Pa.</span> 
     </span>
    </p>
   </div>
   <div class='ocr_carea' id='block_1_25' title="bbox 1486 3452 2544 3517">
    <p class='ocr_par' dir='ltr' id='par_1_37' title="bbox 1486 3452 2544 3517">
     <span class='ocr_line' id='line_1_115' title="bbox 1540 3452 2544 3489; baseline -0.003 -8"><span class='ocrx_word' id='word_1_805' title='bbox 1540 3455 1565 3489; x_wconf 85' lang='grc' dir='ltr'>β)</span> <span class='ocrx_word' id='word_1_806' title='bbox 1584 3457 1755 3489; x_wconf 79' lang='lat' dir='ltr'>cogitationis</span> <span class='ocrx_word' id='word_1_807' title='bbox 1774 3456 1956 3481; x_wconf 77' lang='lat' dir='ltr'>delectatione.</span> <span class='ocrx_word' id='word_1_808' title='bbox 1973 3469 1991 3474; x_wconf 98' lang='lat'><em>-</em></span> <span class='ocrx_word' id='word_1_809' title='bbox 2010 3453 2182 3480; x_wconf 79' lang='lat' dir='ltr'>delectatione</span> <span class='ocrx_word' id='word_1_810' title='bbox 2198 3452 2369 3486; x_wconf 67' lang='lat' dir='ltr'>cogitafionis</span> <span class='ocrx_word' id='word_1_811' title='bbox 2387 3453 2423 3482; x_wconf 87' lang='grc' dir='ltr'>Κ,</span> <span class='ocrx_word' id='word_1_812' title='bbox 2442 3453 2544 3486; x_wconf 80' lang='lat' dir='ltr'>cog-ita-</span> 
     </span>
     <span class='ocr_line' id='line_1_116' title="bbox 1486 3491 1959 3517; baseline -0.004 0"><span class='ocrx_word' id='word_1_813' title='bbox 1486 3493 1557 3517; x_wconf 87' lang='lat' dir='ltr'>tione</span> <span class='ocrx_word' id='word_1_814' title='bbox 1575 3492 1756 3517; x_wconf 81' lang='lat' dir='ltr'>delectationis</span> <span class='ocrx_word' id='word_1_815' title='bbox 1775 3491 1850 3515; x_wconf 85' lang='lat' dir='ltr'>ceteri</span> <span class='ocrx_word' id='word_1_816' title='bbox 1870 3496 1895 3515; x_wconf 89' lang='lat' dir='ltr'>et</span> <span class='ocrx_word' id='word_1_817' title='bbox 1914 3491 1959 3515; x_wconf 81' lang='lat' dir='ltr'>Pa.</span> 
     </span>
    </p>
   </div>
   <div class='ocr_carea' id='block_1_26' title="bbox 2572 837 2782 865">
    <p class='ocr_par' dir='ltr' id='par_1_38' title="bbox 2572 837 2782 865">
     <span class='ocr_line' id='line_1_117' title="bbox 2572 837 2782 865; baseline 0.005 -7"><span class='ocrx_word' id='word_1_818' title='bbox 2572 838 2581 848; x_wconf 84' lang='lat'>&#39;¹</span> <span class='ocrx_word' id='word_1_819' title='bbox 2591 837 2638 865; x_wconf 87' lang='lat' dir='ltr'>Qu.</span> <span class='ocrx_word' id='word_1_820' title='bbox 2645 842 2702 865; x_wconf 83' lang='lat' dir='ltr'>xvn,</span> <span class='ocrx_word' id='word_1_821' title='bbox 2712 840 2753 859; x_wconf 75' lang='lat' dir='ltr'>an.</span> <span class='ocrx_word' id='word_1_822' title='bbox 2765 842 2782 859; x_wconf 80' lang='lat' dir='ltr'>t.</span> 
     </span>
    </p>
   </div>
   <div class='ocr_carea' id='block_1_27' title="bbox 2572 1312 2772 1341">
    <p class='ocr_par' dir='ltr' id='par_1_39' title="bbox 2572 1312 2772 1341">
     <span class='ocr_line' id='line_1_118' title="bbox 2572 1312 2772 1341; baseline -0.005 -5"><span class='ocrx_word' id='word_1_823' title='bbox 2572 1312 2772 1341; x_wconf 54' lang='lat' dir='ltr'>&#39;lama-dr.</span> 
     </span>
    </p>
   </div>
   <div class='ocr_carea' id='block_1_28' title="bbox 2573 1890 2776 1919">
    <p class='ocr_par' dir='ltr' id='par_1_40' title="bbox 2573 1890 2776 1919">
     <span class='ocr_line' id='line_1_119' title="bbox 2573 1890 2776 1919; baseline -0.005 -6"><span class='ocrx_word' id='word_1_824' title='bbox 2573 1891 2584 1903; x_wconf 82' lang='grc'><em>“</em></span> <span class='ocrx_word' id='word_1_825' title='bbox 2597 1890 2624 1912; x_wconf 82' lang='lat' dir='ltr'>In</span> <span class='ocrx_word' id='word_1_826' title='bbox 2637 1896 2700 1919; x_wconf 66' lang='lat' dir='ltr'>resp.</span> <span class='ocrx_word' id='word_1_827' title='bbox 2714 1890 2743 1912; x_wconf 75' lang='lat' dir='ltr'>nd</span> <span class='ocrx_word' id='word_1_828' title='bbox 2756 1897 2776 1912; x_wconf 72' lang='grc' dir='ltr'>ι,</span> 
     </span>
    </p>
   </div>
   <div class='ocr_carea' id='block_1_29' title="bbox 2574 2026 2787 2054">
    <p class='ocr_par' dir='ltr' id='par_1_41' title="bbox 2574 2026 2787 2054">
     <span class='ocr_line' id='line_1_120' title="bbox 2574 2026 2787 2054; baseline -0.005 -6"><span class='ocrx_word' id='word_1_829' title='bbox 2574 2027 2584 2037; x_wconf 81' lang='lat'><strong>·</strong></span> <span class='ocrx_word' id='word_1_830' title='bbox 2595 2026 2643 2054; x_wconf 86' lang='lat' dir='ltr'>Qu.</span> <span class='ocrx_word' id='word_1_831' title='bbox 2653 2031 2708 2053; x_wconf 83' lang='lat' dir='ltr'>xvu,</span> <span class='ocrx_word' id='word_1_832' title='bbox 2719 2029 2760 2048; x_wconf 80' lang='lat' dir='ltr'>art.</span> <span class='ocrx_word' id='word_1_833' title='bbox 2769 2031 2787 2047; x_wconf 84' lang='lat'>1.</span> 
     </span>
    </p>
   </div>
   <div class='ocr_carea' id='block_1_30' title="bbox 2574 2725 2716 2754">
    <p class='ocr_par' dir='ltr' id='par_1_42' title="bbox 2574 2725 2716 2754">
     <span class='ocr_line' id='line_1_121' title="bbox 2574 2725 2716 2754; baseline 0 -6"><span class='ocrx_word' id='word_1_834' title='bbox 2574 2727 2584 2736; x_wconf 83' lang='lat'>&#39;</span> <span class='ocrx_word' id='word_1_835' title='bbox 2599 2725 2658 2754; x_wconf 71' lang='lat' dir='ltr'>Cap.</span> <span class='ocrx_word' id='word_1_836' title='bbox 2671 2731 2716 2748; x_wconf 74' lang='lat' dir='ltr'>xu-</span> 
     </span>
    </p>
   </div>
   <div class='ocr_carea' id='block_1_31' title="bbox 2576 3039 2773 3068">
    <p class='ocr_par' dir='ltr' id='par_1_43' title="bbox 2576 3039 2773 3068">
     <span class='ocr_line' id='line_1_122' title="bbox 2576 3039 2773 3068; baseline 0 -6"><span class='ocrx_word' id='word_1_837' title='bbox 2576 3040 2586 3051; x_wconf 83' lang='grc'><em>·</em></span> <span class='ocrx_word' id='word_1_838' title='bbox 2599 3040 2650 3062; x_wconf 82' lang='lat' dir='ltr'>Art.</span> <span class='ocrx_word' id='word_1_839' title='bbox 2665 3039 2773 3068; x_wconf 67' lang='lat' dir='ltr'>praeced.</span> 
     </span>
    </p>
   </div>
  </div>
 </body>
</html>
