2840 4010
0 2666 6 2680 x
0 2637 9 2650 f
0 2504 13 2586 -vv·.v
0 2307 17 2494 2—-0-vv
0 808 23 2294 a—ffl-n—-qw-wemvpmmfwv-vw-
0 748 2 759 Ἀ
0 708 1 713 ⁴

104 638 115 650 ⁸
129 637 197 659 Vera.
214 644 234 665 15

103 852 115 863 ·
128 851 196 873 Vei-s.
210 857 240 873 21.

102 957 114 968 ⁸
128 955 194 979 Vere.
210 962 239 984 ¹3-

99 1221 111 1230 ·
126 1218 194 1242 Ven.
207 1219 231 1242 6.

101 1378 113 1390 ‘
128 1377 245 1402 Vnt-16.

98 1747 110 1758 ·
122 1746 193 1770 ναι.
198 1753 215 1776 9
221 1752 269 1776 q„
279 1750 308 1775 ¹5.

96 1854 108 1864 ·
122 1851 191 1875 Van.
205 1857 234 1880 ¹5·

92 2277 172 2327 ‘cn-¹3¹.
179 2282 219 2303 u.
225 2283 251 2303 n,
260 2277 310 2299 18.-

91 2304 123 2328 S.
171 2320 179 2326 .
194 2303 248 2340 [eet.
262 2310 294 2326 tx.

94 2747 110 2757 ⁴
123 2746 192 2769 ven.
205 2752 228 2774 7.

97 2862 108 2870 ¹*
118 2847 187 2882 oeni.
195 2865 246 2886 enp.
254 2864 308 2885 xvn,

94 2891 158 2908 um.
173 2892 197 2912 ¹4
211 2891 262 2914 sqq.

1056 132 1320 178 QUAESTIO
1350 132 1434 179 CV,
1462 132 1757 170 ARTICULUS
1787 134 1801 169 I

344 207 441 245 idest
466 214 651 256 potestate
669 209 813 257 populi,
835 209 1058 258 inquantum
1085 222 1128 246 ex
1156 210 1403 258 popularibus

343 267 505 308 possunt
532 260 619 308 eligi.
642 261 853 311 principes,
883 270 919 300 et
947 264 994 300 ad
1023 262 1209 311 populum
1243 262 1403 310 pertinet

344 312 478 349 electio
504 313 732 363 principum.

397 365 446 402 Et
473 366 548 402 hoc
574 367 643 403 fuit
669 367 876 404 institutum
916 367 1128 404 secundum
1155 367 1278 413 legem
1307 366 1402 402 divi-

343 429 446 455 nam.
477 419 581 456 Nam
611 420 767 468 Moyses
792 428 828 457 et
856 420 935 457 eius
955 430 1194 456 successores
1217 418 1402 465 guberna·

343 470 436 508 bant
452 473 640 521 populum
668 473 776 521 quasi
795 472 1032 520 singulariter
1059 470 1238 507 omnibus
1265 470 1403 518 princi-

342 531 494 572 pantes,
524 525 630 573 quod
657 533 713 562 est
740 525 932 573 quaedam
960 523 1105 572 species
1133 522 1249 570 regni.
1278 523 1400 570 Elige-

343 577 480 613 bantur
500 585 628 614 autem
648 577 883 626 septuaginta
902 577 979 613 duo
1001 575 1168 612 seniores
1190 576 1400 612 secundum

342 629 538 667 virtutem:
567 630 700 667 dicitur
727 630 828 666 enim
854 630 966 666 Deut.
986 641 996 665 1
1015 629 1054 665 *z
1088 628 1174 665 Tuli
1199 629 1245 665 de
1270 628 1400 665 vestris

342 682 510 719 tribubus
526 683 628 720 viros
653 683 836 731 sapientes
862 687 898 718 et
919 682 1070 728 nobiles,
1089 687 1126 718 et
1150 681 1323 718 constitui
1338 693 1401 717 eos

335 735 548 783 principes.-
576 742 612 772 et
628 736 704 772 hoc
723 741 802 771 erat
829 734 1138 772 aristocraticum.
1168 734 1246 771 Sed
1267 733 1399 770 demo-

343 787 524 824 craticum
553 794 634 824 erat
659 787 765 835 quod
799 787 858 824 isti
886 788 934 824 de
966 787 1072 824 omni
1108 787 1252 835 populo
1289 786 1398 833 elige-

342 840 499 885 bantur;
528 839 662 876 dicitur
694 839 798 877 enim
834 840 957 877 Exod.
986 852 1071 877 xvm
1098 839 1139 876 *ε
1166 839 1328 876 Provide
1353 839 1399 875 de

341 893 447 930 omni
465 892 576 940 plebe
609 893 711 929 viros
736 893 937 941 sapientes,
972 900 1059 930 etc.:
1087 900 1124 929 et
1151 892 1264 929 etiam
1292 892 1398 939 quod

340 945 507 994 populus
526 957 593 982 eos
613 945 788 993 eligebat;
813 946 916 983 unde
936 945 1069 983 dicitur
1081 947 1191 982 Deut.
1211 957 1222 982 1
1239 944 1280 980 *τ
1299 945 1398 981 Date

341 1009 391 1034 ex
415 997 521 1035 vobis
546 998 650 1035 viros
680 999 882 1047 sapientes,
913 1006 981 1036 etc.
1011 998 1122 1036 Unde
1157 1004 1260 1046 patet
1292 998 1397 1045 quod

341 1050 486 1099 optima
500 1050 569 1087 fuit
582 1051 769 1088 ordinatio
788 1051 1002 1100 principum
1024 1063 1140 1100 quam
1157 1052 1218 1087 lex
1232 1050 1396 1087 instituit.

391 1105 452 1140 An
481 1114 618 1141 ptumum
654 1115 752 1141 ERGO
780 1116 966 1141 01οΕΝοοΜ
1001 1104 1107 1153 quod
1134 1103 1302 1152 populus
1338 1103 1398 1139 ille

339 1156 410 1193 sub
448 1156 602 1205 speciali
639 1169 728 1194 cura
765 1157 838 1194 Dei
874 1158 1092 1205 regebatur:
1113 1156 1227 1193 ·unde
1264 1155 1398 1192 dicitur

338 1210 449 1246 Deut.
469 1221 518 1247 vu
536 1209 577 1246 *ε
610 1211 663 1246 Te
689 1210 802 1260 elegit
826 1211 1012 1247 Dominus
1038 1211 1142 1246 Deus
1166 1215 1252 1246 tuus
1284 1214 1325 1245 ut
1348 1210 1398 1245 sis

335 1262 547 1322 eip'opulus
555 1262 770 1311 peculiaris.
791 1263 840 1299 Et
858 1263 946 1300 ideo
965 1262 1235 1299 institutionem
1255 1262 1397 1298 summi

338 1315 517 1364 principis
535 1315 726 1352 Dominus
741 1315 811 1352 sibi
831 1315 1049 1353 reservavit.
1066 1316 1126 1352 Et·
1131 1315 1207 1352 hoc
1221 1323 1277 1352 est
1291 1315 1397 1364 quod

338 1368 498 1417 Moyses
511 1368 660 1428 petivit,
679 1369 799 1405 Num.
819 1368 966 1405 xxv11*.
993 1368 1196 1405 Provideat
1210 1368 1397 1404 Dominus

338 1422 443 1458 Deus
459 1421 656 1470 spirituum
685 1421 806 1458 omnis
824 1422 960 1467 carnis,
985 1422 1174 1458 hominem
1192 1421 1258 1469 qui
1272 1421 1320 1457 sit
1334 1433 1395 1457 su-

332 1485 406 1533 per
427 1473 697 1510 multitudinem
725 1475 833 1511 hanc.
864 1475 912 1510 Et
931 1475 984 1511 sic
1004 1486 1049 1510 ex
1067 1473 1138 1511 Dei
1159 1473 1395 1510 ordinatione

336 1526 526 1564 institutus
554 1533 611 1563 est
642 1528 754 1563 Iosue
786 1527 825 1563 in
856 1527 1069 1575 principatu
1095 1534 1183 1576 post
1208 1527 1394 1574 Moysen:

280 1592 307 1597 ⁶·
338 1585 375 1616 et
402 1579 450 1616 de
478 1579 632 1627 singulis
660 1579 847 1616 iudicibus
875 1580 940 1628 qui
970 1586 1058 1629 post
1084 1581 1196 1617 losue
1223 1579 1394 1626 fuerunt,

335 1631 470 1680 legitur
497 1632 603 1681 quod
634 1633 741 1669 Deus
767 1633 959 1669 suscitavit
980 1632 1122 1682 populo
1147 1631 1394 1678 salvatorem,

337 1691 375 1722 et
393 1685 498 1734 quod
525 1686 674 1733 spiritus
701 1686 860 1722 Domini
879 1686 957 1732 fuit
977 1686 1014 1722 in
1043 1685 1106 1731 eis,
1133 1692 1176 1722 ut
1201 1692 1305 1733 patet
1331 1686 1395 1722 Iu-

335 1738 406 1775 dic.
423 1749 459 1775 111
472 1738 503 1774 *.
525 1739 575 1775 Et
592 1738 679 1775 ideo
700 1738 814 1775 etiam
835 1739 1057 1775 electionem
1077 1738 1175 1786 regis
1191 1750 1271 1775 non
1291 1750 1395 1774 com-

336 1790 436 1828 misit
455 1791 646 1828 Dominus
665 1792 822 1840 populo,
843 1791 910 1828 sed
929 1791 999 1828 sibi
1019 1790 1244 1836 reservavit;
1268 1798 1310 1827 ut
1329 1803 1394 1839 pa-

336 1851 389 1881 tet
406 1845 516 1881 Deut.
537 1856 609 1881 xvu
626 1843 664 1880 *ε
691 1845 792 1880 Eum
810 1845 1006 1881 constitues
1023 1855 1173 1894 regem,
1186 1855 1295 1892 quem
1315 1845 1392 1880 Do-

336 1897 460 1934 minus
486 1898 592 1934 Deus
617 1901 702 1933 tuus
729 1897 892 1946 elegerit.

390 1952 449 1986 An
468 1961 658 1987 SECUNDUM
685 1961 870 1987 mensuum
897 1949 1003 1997 quod
1030 1960 1189 1998 regnum
1218 1956 1273 1986 est
1301 1961 1325 1986 0

337 2014 447 2040 mum
475 2002 646 2050 regimen
671 2002 816 2051 populi,
846 2002 876 2039 si
903 2014 981 2049 non
1014 2009 1288 2051 corrumpatur.
1319 1961 1396 2039 ged

336 2062 492 2104 propter
519 2067 701 2103 magnam
728 2062 956 2104 potestatem
984 2067 1082 2104 quae
1117 2055 1194 2103 regi
1221 2055 1396 2092 concedi-

335 2116 408 2155 tur,
437 2110 486 2146 de
513 2108 611 2146 facili
638 2120 796 2156 regnum
815 2106 828 2129 ⁰
858 2108 1061 2156 degenerat
1086 2108 1125 2145 in
1143 2107 1394 2156 tyrannidem,

337 2161 407 2198 nisi
426 2161 471 2198 sit
489 2162 655 2210 perfecta
673 2162 793 2198 virtus
822 2161 903 2198 eius
931 2161 991 2198 cui
1016 2161 1099 2198 talis
1120 2168 1288 2210 potestas
1307 2173 1397 2198 con-

338 2214 501 2252 ceditur:
530 2215 619 2263 quia
646 2227 726 2251 non
746 2222 800 2251 est
827 2214 897 2251 nisi
914 2213 1073 2251 virtuosi
1091 2214 1190 2251 bene
1213 2214 1308 2251 ferre
1327 2214 1395 2251 bo-

336 2279 410 2305 nas»
433 2268 615 2315 fortunas,
639 2275 682 2304 ut
708 2267 964 2316 Philosophus
991 2266 1091 2314 dicit,
1109 2267 1148 2304 in
1168 2267 1220 2304 1v
1237 2267 1356 2304 Ethic.
1376 2267 1397 2288 '¹‘

335 2321 507 2358 Perfecta
525 2328 654 2357 autern
668 2320 788 2357 virtus
806 2320 844 2357 in
863 2320 995 2368 paucis
1013 2319 1217 2357 invenitur:
1234 2328 1271 2357 et
1287 2332 1395 2368 prae-

337 2374 448 2422 cipue
468 2373 597 2410 ludaei
616 2373 788 2410 crudeles
808 2381 914 2410 erant
934 2381 969 2410 et
988 2373 1037 2410 ad
1055 2372 1252 2410 avaritiam
1270 2373 1394 2421 proni,

335 2438 405 2476 per
431 2438 531 2476 quae
557 2425 654 2464 ivitia
682 2426 849 2463 maxime
886 2426 1063 2462 homines
1089 2425 1129 2462 in
1155 2425 1394 2474 tyrannidem

337 2479 527 2517 decidunt.
549 2480 599 2516 Et
614 2479 702 2516 ideo
721 2479 913 2516 Dominus
933 2491 956 2516 a
982 2478 1166 2527 principio
1187 2478 1241 2516 eis
1265 2490 1394 2526 regem

337 2544 416 2570 non
443 2532 598 2569 instituit
620 2544 708 2569 cum
737 2532 850 2580 plena
869 2538 1067 2580 potestate,
1088 2531 1156 2569 sed
1173 2531 1340 2569 iudicem
1360 2539 1396 2568 et

337 2586 631 2634 gubernatorem
660 2585 699 2622 in
736 2597 870 2621 eorum
901 2585 1124 2621 custodiam.
1158 2585 1236 2622 Sed
1262 2592 1396 2634 postea

337 2649 467 2686 regem
483 2638 532 2675 ad
545 2637 768 2687 petitionem
781 2638 925 2686 populi,
941 2637 1050 2685 quasi
1069 2636 1291 2685 indignatus,
1308 2649 1397 2674 con—

338 2690 464 2727 cessit:
491 2698 534 2727 ut
551 2698 655 2739 patet
671 2702 740 2738 per
758 2691 833 2727 hoc
852 2692 957 2738 quod
986 2689 1077 2727 dixit
1094 2690 1143 2727 ad
1163 2691 1395 2737 Samuelem,

338 2744 352 2780 1
380 2745 478 2793 Reg.
497 2755 559 2779 vm
577 2742 618 2779 *ε
646 2742 737 2780 Non
766 2748 800 2779 te
826 2743 1136 2787 abiecerunt‚‘·sed
1161 2755 1241 2789 me,
1265 2755 1314 2780 ne
1339 2755 1396 2780 re-

335 2807 452 2846 gnem
477 2807 591 2844 super
615 2807 690 2832 eos.

391 2848 551 2886 Instituit
577 2855 707 2885 tamen
726 2859 748 2884 a
766 2847 950 2896 principio
968 2849 989 2870 *
1015 2848 1114 2885 circa
1141 2860 1269 2896 regem
1297 2848 1397 2886 insti-

336 2901 535 2948 tuendum,
554 2901 679 2950 primo
699 2900 868 2949 quidem,
884 2901 1047 2938 modum
1066 2901 1240 2949 eligendi.
1261 2902 1303 2938 In
1318 2913 1396 2949 quo

337 2954 415 2991 duo
443 2953 728 2991 determinavit:
751 2961 794 2990 ut
811 2953 951 2991 scilicet
968 2954 1008 2991 in
1027 2953 1108 2991 eius
1126 2954 1310 2991 electione
1335 2966 1398 2991 ex-

336 3014 531 3056 pectarent
566 3006 749 3044 iudicium
777 3006 954 3053 Domini3
984 3014 1023 3043 et
1047 3013 1090 3043 ut
1117 3018 1196 3043 non
1233 3007 1398 3054 facerent

337 3071 467 3108 regem
495 3059 645 3097 alterius
672 3059 805 3107 gentis,
827 3059 914 3108 quia
937 3059 1030 3096 tales
1048 3071 1155 3107 reges
1182 3059 1316 3096 solent
1330 3071 1396 3108 pa·

389 3171 415 3206 θ)
435 3179 592 3205 regnum-
610 3172 728 3205 regimen
749 3172 796 3197 Pa.
1102 3178 1106 3180 ·

390 3207 408 3242 ι)
428 3215 550 3241 regnum.
567 3214 695 3240 —regem
714 3208 743 3238 P,
761 3215 814 3232 om.
833 3207 894 3232 K.—
909 3207 958 3232 Pro
978 3210 1124 3236 moverant,
1145 3206 1286 3235 induerent
1303 3207 1395 3233 ACEG

337 3243 445 3284 leBH,
463 3243 619 3268 inducerent
636 3242 667 3273 D,
687 3225 856 3268 indit-rerunt
873 3241 966 3267 KsBH.

389 3279 416 3312 κ)
435 3278 462 3303 in
481 3285 590 3311 rege.—
608 3278 642 3303 de
654 3284 719 3310 rege
736 3277 925 3310 Hsn‚in1ege
943 3277 976 3308 Ρ·
995 3285 1044 3311 pro
1057 3277 1288 3310 superabundaret
1306 3283 1332 3303 et
1343 3278 1394 3303 eri-

335 3317 453 3347 geretur,
472 3313 722 3346 superabundarent
740 3319 765 3337 et
783 3296 951 3346 erigerentur
968 3313 997 3338 Ρ.

2436 133 2510 170 263

1457 222 1542 246 rum
1571 210 1670 247 affici
1706 210 1755 248 ad
1791 217 1944 258 gentem
1973 211 2032 247 cui
2058 210 2348 260 praeficiuntur,
2382 218 2419 247 et
2445 223 2514 259 per

1457 275 1694 311 consequens
1714 275 1792 300 non
1812 275 1943 300 curare
1963 263 2011 300 de
2032 263 2095 300 eis.
2112 284 2135 291 -
2153 264 2343 310 Secundo,
2365 263 2511 300 ordina-

1455 315 1510 351 vit
1538 316 1637 352 circa
1664 327 1771 363 reges
1790 316 1976 353 institutos
2005 316 2163 365 qualiter
2181 317 2362 354 deberent
2387 328 2427 352 se
2446 317 2511 352 ha-

1456 367 1546 403 bere
1574 375 1759 416 quantum
1789 369 1838 405 ad
1857 369 2023 417 seipsos:
2048 376 2090 405 ut
2116 369 2255 406 scilicet
2282 381 2360 406 non
2390 369 2512 405 multi-

1454 419 1635 467 plicarent
1663 433 1794 458 currus
1822 429 1858 458 et
1885 434 2016 470 equos,
2044 434 2170 470 neque
2198 434 2356 469 uxores,
2386 433 2510 470 neque

1456 472 1568 508 etiam
1596 472 1802 511 immensas
1829 474 1995 520 divitias3
2025 475 2116 522 quia
2143 486 2188 511 ex
2217 474 2419 524 cupiditate
2442 475 2511 511 ho-

1455 535 1540 560 rum
1575 525 1763 574 principes
1799 527 1848 563 ad
1883 527 2122 575 tyrannidem
2156 527 2362 574 declinant,
2392 534 2430 564 et
2456 526 2511 564 iu-

1454 576 1591 613 stitiam
1621 578 1896 627 derelinquunt.
1911 600 1936 607 -
1957 580 2115 617 Instituit
2141 580 2255 617 etiam
2283 580 2443 629 qualiter
2470 592 2510 617 se

1455 628 1636 666 deberent
1663 631 1804 667 habere
1824 633 1873 668 ad
1899 633 2045 669 Deum:
2073 641 2114 670 ut
2133 633 2271 670 scilicet
2289 645 2442 681 semper
2459 633 2510 670 le-

1453 689 1585 740 gerent
1613 690 1649 719 et
1677 684 1884 742 cogitarent
1911 685 1959 721 de
1987 686 2068 733 lege
2097 686 2181 733 Dei,
2211 694 2247 723 et
2274 698 2425 734 semper
2452 697 2510 722 es-

1453 741 1536 770 sent
1563 734 1601 771 in
1629 735 1702 772 Dei
1720 736 1855 772 timore
1877 744 1913 773 et
1932 738 2158 775 obedientia.
2174 759 2197 766 —
2215 738 2372 775 Instituit
2396 738 2509 775 etiam

1452 787 1611 835 qualiter
1637 799 1678 824 se
1704 789 1888 825 haberent
1916 790 1964 826 ad
1992 791 2163 828 subditos
2182 804 2287 828 suos:
2312 799 2355 828 ut
2372 791 2511 828 scilicet

1452 851 1531 876 non
1550 841 1714 888 superbe
1743 853 1808 878 eos
1829 849 2124 890 contemnerent,
2146 851 2210 880 aut
2237 845 2509 893 opprimerent,

1452 904 1576 940 neque
1605 893 1718 929 etiam
1747 905 1767 930 a
1795 893 1931 931 iustitia
1959 895 2200 933 declinarent.

1504 947 1562 981 AD
1581 957 1739 982 TERTIUM
1760 958 1942 983 DicENDUM
1959 948 2063 996 quod
2079 948 2214 985 divisio
2233 949 2347 997 regni,
2365 957 2400 985 et
2413 946 2509 986 mu’l-

1452 997 1571 1034 titudo
1588 1010 1732 1045 regum,
1749 999 1869 1046 magis
1883 1007 1939 1036 est
1951 1001 2096 1049 populo
2111 1001 2161 1037 illi
2181 1001 2268 1038 data
2286 1002 2324 1038 in
2343 1014 2508 1050 poenam

1451 1062 1521 1098 pro
1550 1051 1678 1087 multis
1714 1051 2010 1089 dissensionibus
2038 1065 2192 1101 eorum,
2221 1066 2316 1102 quas
2343 1054 2508 1091 maxime

1453 1110 1582 1140 contra
1610 1110 1796 1151 regnum‘
1824 1105 1950 1142 David
1978 1106 2119 1143 iustum
2147 1115 2360 1154 moverant,
2390 1119 2506 1155 quam

1452 1156 1500 1193 ad
1529 1168 1663 1193 eorum
1691 1157 1916 1205 profectum.
1947 1159 2056 1196 Unde
2086 1159 2220 1196 dicitur
2247 1160 2349 1196 Osee
2377 1171 2437 1196 xm
2465 1159 2506 1196 *ε
2534 1172 2545 1182 ·

1451 1210 1562 1246 Dabo
1591 1210 1656 1246 tibi
1681 1222 1811 1259 regem
1839 1211 1886 1247 in*
1899 1212 2036 1258 furore
2063 1224 2170 1257 meo‚·
2198 1221 2233 1249 et
2253 1214 2355 1250 Osee
2378 1223 2438 1249 vin
2465 1212 2506 1249 *τ

1450 1263 1530 1310 Ipsi
1555 1269 1822 1311 regnaverunt,
1843 1269 1878 1300 et
1903 1276 1978 1301 non
1997 1276 2047 1301 ex
2073 1277 2151 1302 me:
2173 1266 2362 1314 principes
2380 1265 2506 1302 extite-

1451 1321 1549 1360 runt,
1568 1321 1605 1351 et
1629 1327 1703 1352 non
1734 1317 1906 1365 cognovi.

1502 1370 1562 1404 AD
1581 1379 1753 1410 QUARTUM
1777 1381 1959 1406 mCENDUM
1979 1370 2084 1417 quod
2105 1371 2318 1407 sacerdotes
2337 1383 2407 1419 per
2425 1384 2507 1408 suc-

1451 1421 1663 1457 cessionem
1700 1421 1854 1469 originis
1890 1422 2006 1458 sacris
2039 1423 2327 1470 deputabantur.
2357 1425 2405 1460 Et
2432 1425 2506 1460 hoc

1449 1473 1537 1510 ideo
1564 1481 1606 1510 ut
1634 1474 1672 1510 in
1701 1474 1833 1511 maiori
1861 1474 2071 1512 reverentia
2097 1476 2340 1523 haberentur,
2371 1477 2401 1513 si
2429 1489 2507 1513 non

1450 1526 1605 1574 quilibet
1632 1538 1678 1563 ex
1695 1528 1841 1575 populo
1861 1534 1990 1575 posset
2008 1529 2185 1565 sacerdos
2208 1529 2312 1565 fieri:
2340 1541 2505 1577 quorum

1449 1579 1574 1616 honor
1607 1580 1766 1616 cedebat
1793 1580 1831 1616 in
1859 1580 2110 1617 reverentiam
2144 1581 2260 1618 divini
2297 1582 2428 1619 cultus.
2458 1583 2507 1618 Et

1449 1632 1535 1669 ideo
1565 1632 1731 1681 oportuit
1756 1640 1799 1669 ut
1835 1633 1888 1669 eis
1917 1633 2093 1681 specialia
2114 1635 2326 1694 quaedam
2352 1635 2506 1683 deputa-

1450 1693 1588 1732 rentur,
1617 1693 1694 1722 tam
1722 1685 1762 1722 in
1789 1685 1945 1723 decimis
1969 1698 2085 1734 quam
2113 1687 2151 1723 in
2178 1687 2360 1735 primitiis,
2389 1699 2504 1747 quam

1449 1737 1563 1774 etiam
1590 1737 1628 1775 in
1648 1738 1901 1775 oblationibus
1926 1745 1962 1775 et
1989 1739 2191 1787 sacrificiis,
2212 1752 2257 1776 ex
2285 1740 2423 1788 quibus
2449 1741 2505 1777 vi-

1448 1798 1592 1827 verent.
1615 1791 1691 1828 Sed
1710 1791 1911 1840 principes,
1931 1791 2027 1828 sicut
2047 1792 2188 1829 dicrum
2209 1800 2265 1829 est
2283 1793 2315 1840 *,
2337 1805 2504 1830 assume-
2532 1806 2540 1814 ·

1449 1844 1585 1880 bantur
1613 1855 1658 1879 ex
1685 1851 1764 1880 toto
1792 1845 1955 1893 populo:
1985 1852 2021 1881 et
2047 1845 2134 1881 ideo
2166 1846 2359 1882 habebant
2386 1853 2505 1883 certas

1449 1896 1709 1945 possessiones
1727 1897 1912 1946 proprias,
1934 1909 1980 1934 ex
2007 1898 2144 1946 quibus
2166 1898 2296 1935 vivere
2320 1906 2504 1947 poterant.

1355 1949 1396 1985 ti·
1450 1951 1498 1986 Et
1526 1949 1728 1998 praecipue
1756 1962 1845 1987 cum
1873 1950 2063 1987 Dominus
2092 1951 2309 1999 prohiberet
2327 1952 2440 1988 etiarn
2469 1952 2506 1988 in

1450 2015 1537 2050 rege
1560 2008 1576 2023 ἰ
1604 2014 1652 2039 ne
1680 2003 2006 2051 superabundaret
2041 2003 2179 2041 divitiis
2211 2011 2275 2040 aut
2301 2005 2505 2052 magnifico

1450 2062 1634 2105 apparatu
1654 2056 1690 2092 *z
1716 2063 1798 2092 tum
1827 2056 1917 2104 quia
1942 2067 2022 2092 non
2041 2064 2120 2093 erat
2147 2057 2253 2093 facile
2272 2057 2364 2106 quin
2384 2069 2428 2093 ex
2447 2057 2505 2094 his

1450 2108 1487 2144 in
1502 2107 1720 2156 superbiam
1736 2115 1772 2144 et
1790 2108 2031 2157 tyrannidem
2047 2109 2270 2157 erigeretur;
2290 2117 2371 2146 tum
2391 2110 2502 2146 etiam

1450 2162 1550 2210 quia,
1580 2161 1610 2197 si
1637 2160 1826 2209 principes
1853 2173 1932 2199 non
1961 2169 2067 2199 erant
2094 2163 2255 2199 multum
2286 2162 2440 2210 divites,
2471 2170 2507 2199 et

1451 2221 1529 2251 erat
1555 2213 1767 2251 laboriosus
1790 2214 2021 2263 principatus
2041 2222 2078 2252 et
2095 2215 2345 2252 sollicitudine
2359 2216 2504 2264 plenus,

1450 2279 1527 2304 non
1560 2267 1722 2303 multum
1754 2267 2001 2304 affectabatur
2031 2279 2054 2304 a
2085 2268 2352 2317 popularibus,
2388 2276 2424 2305 et
2451 2268 2503 2305 sic

1450 2320 1650 2357 tollebatur
1676 2319 1871 2357 seditionis
1898 2320 2067 2358 materia.

1502 2375 1560 2410 Ab
1590 2383 1751 2414 QUINTUM
1778 2385 1962 2410 01οΕΝοοΜ
1990 2374 2095 2422 quod
2130 2373 2222 2410 illud
2249 2374 2307 2411 ius
2334 2386 2411 2411 non
2442 2374 2506 2411 da·

1450 2426 1559 2462 batur
1572 2423 1586 2446 λ
1606 2425 1684 2473 regi
1702 2437 1749 2462 ex
1766 2425 1998 2463 institutione
2018 2426 2162 2472 divina3
2179 2427 2246 2463 sed
2264 2427 2383 2474 magis
2398 2438 2504 2475 prae-

1450 2478 1642 2515 nuntiatur
1667 2479 1864 2527 usurpatio
1892 2491 2037 2527 regum,
2057 2479 2122 2528 qui
2149 2479 2220 2516 sibi
2247 2479 2305 2516 ius
2332 2479 2503 2527 iniquum

1451 2532 1681 2569 constituunt
1706 2531 1746 2568 in
1773 2531 2013 2580 tyrannidem
2043 2532 2325 2580 degenerantes,
2355 2540 2391 2569 et
2418 2533 2504 2569 sub-

1451 2585 1547 2621 ditos
1575 2584 1862 2632 depraedantes.
1883 2586 1932 2622 Et
1950 2586 2025 2622 hoc
2042 2592 2146 2633 patet
2163 2597 2232 2633 per
2250 2585 2325 2621 hoc
2343 2585 2447 2633 quod
2465 2585 2504 2622 in

1450 2638 1526 2675 fine
1546 2637 1672 2674 subdit
1684 2637 1724 2673 *z
1750 2638 1896 2686 Vosque
1913 2638 2014 2674 eritis
2032 2638 2068 2674 ei
2082 2638 2199 2675 servi:
2227 2638 2330 2685 quod
2349 2637 2502 2686 proprie
2530 2654 2540 2664 ·

1450 2690 1611 2739 pei-tinet
1629 2690 1679 2727 ad
1697 2690 1955 2738 tyrannidem,
1975 2691 2063 2739 quia
2086 2690 2234 2738 tyranni
2253 2690 2328 2727 suis
2347 2690 2504 2727 subditis

1450 2742 1707 2792 principantur
1733 2750 1776 2779 ut
1794 2743 1924 2780 servis.
1945 2743 2057 2780 Unde
2084 2744 2158 2780 hoc
2183 2743 2330 2780 dicebat
2350 2743 2505 2780 Samuel

1451 2796 1499 2833 ad
1519 2795 1787 2832 deterrendum
1816 2808 1883 2832 eos
1910 2808 1958 2832 ne
1982 2808 2111 2843 regem
2130 2802 2315 2844 peterent:
2340 2796 2506 2845 sequitur

1453 2849 1553 2885 enim
1573 2848 1612 2885 *ε
1637 2849 1771 2886 Noluit
1796 2854 1920 2885 autem
1948 2849 2080 2885 audire
2101 2848 2264 2896 populus
2287 2859 2418 2886 vocem
2437 2849 2505 2886 Sa-
2532 2867 2540 2874 ·

1451 2901 1593 2938 muelis.
1613 2900 1637 2929 ἑ
1666 2902 1796 2938 Potest
1822 2909 1951 2938 tamen
1979 2901 2194 2948 contingere
2222 2901 2326 2949 quod
2355 2901 2469 2938 etiam
2487 2907 2505 2930 μ

1452 2955 1577 2991 bonus
1595 2966 1671 3000 rex,
1692 2955 1837 3002 absque
1856 2954 2066 3002 tyrannide,
2085 2954 2184 2990 filios
2212 2954 2326 3000 tollat,
2351 2961 2388 2990 et
2415 2966 2506 2992 con-

1451 3007 1577 3044 stituat
1598 3007 1772 3044 tribunos
1791 3010 1828 3044 et
1845 3007 2096 3053 centuriones,
2117 3014 2154 3043 et
2171 3007 2288 3043 multa
2308 3006 2507 3055 accipiatfa

1457 3059 1627 3106 subditis,
1643 3066 1798 3107 propter
1816 3071 2022 3096 commune
2042 3060 2187 3096 bonum
2206 3059 2503 3108 procurandum.

1503 3171 1532 3205 λ)
1553 3172 1677 3197 dabatur.
1696 3184 1713 3190 —-
1731 3172 1887 3197 decIaratur
1909 3172 2143 3204 ACDEFGILpBH
2169 3177 2195 3197 et
2212 3180 2242 3201 a,
2266 3173 2506 3205 debebaturvrsss,

1450 3207 1560 3232 debetur
1578 3208 1625 3238 sB;
1644 3208 1679 3232 al.
1699 3207 1815 3232 dabatur
1834 3215 1924 3240 margo
1942 3208 1971 3232 B.
1989 3221 2008 3227 -
2026 3208 2076 3232 Pro
2089 3208 2310 3240 praenuntiatur,
2329 3209 2506 3241 praenuntia-

1451 3242 1532 3311 batt&
1548 3241 1640 3303 {tiana
1657 3290 1677 3296 —
1695 3277 1756 3302 Om.
1776 3278 1822 3302 Pa.

2559 1171 2626 1193 vers.
2641 1177 2666 1194 n.

2533 1224 2545 1235 ⁶
2559 1223 2626 1246 Vera.
2640 1231 2664 1251 4.

2556 1805 2580 1826 ln
2596 1810 2700 1832 corpore.

2532 2072 2542 2082 ³
2558 2071 2592 2093 Cf.
2608 2077 2668 2098 resp.
2683 2071 2712 2092 ad
2722 2076 2743 2093 2.

2556 2653 2621 2675 Vers-
2637 2659 2670 2681 ¹7·

2555 2865 2622 2887 Vei-s.
2637 2871 2669 2892 ¹9-
