2840 4010
98 2405 130 2421 d).
143 2404 163 2420 ,Ο
174 2414 188 2420 ..

140 2139 157 2151 ,2
166 2135 231 2158 ἱϋῐμῠ
243 2143 245 2147 r

201 2178 214 2187 ν

214 2400 288 2446 ‘ff'
325 2401 569 2452 quamvis'fnbn
591 2402 746 2445 sufficiat,
771 2408 844 2448 plus
868 2419 1008 2450 namque
1035 2409 1075 2439 ad
1103 2408 1260 2443 rationem
1288 2408 1390 2439 meriti

151 1184 164 1197 ι·
205 1184 225 1195 ‘s
262 1212 265 1213 ⁷
320 1175 436 1216 adopta

998 168 1264 215 QUAESTIO
1294 168 1432 215 CXIV,
1461 167 1757 205 ARTICULUS
1787 168 1801 204 1

317 253 404 285 sunt
430 245 636 282 ordinatae.
663 245 892 282 Differenter
915 253 1062 283 tamen:
1092 246 1180 294 quia
1209 253 1378 281 creatura

316 297 506 336 rationalis
524 297 689 346 seipsam
710 305 843 335 movet
861 299 909 335 ad
925 299 1114 346 agendum
1128 309 1197 347 per
1215 297 1378 334 liberum

317 349 531 396 arbitrium,
550 349 653 386 unde
674 362 743 386 sua
763 350 859 386 actio
888 351 1003 387 habet
1022 351 1208 388 rationem
1234 349 1377 395 meriti;

317 402 423 452 quod
450 415 530 440 non
559 410 615 439 est
642 401 680 438 in
708 402 788 438 aliis
818 403 1008 440 creaturis.

370 457 429 492 AD
449 467 587 492 ptumum
605 466 704 491 ERGO
724 466 911 492 mCENDUM
938 454 1044 503 quod
1071 455 1191 490 homo
1219 452 1378 501 inquan-

317 516 398 546 tum
434 508 591 557 propria
617 508 814 544 voluntate
853 507 941 544 facit
977 506 1067 543 illud
1105 505 1211 554 quod
1244 505 1375 552 debet,

317 568 494 599 meretur.
515 559 696 609 Alioquin
724 567 830 597 actus
857 559 1017 596 iustitiae
1043 571 1120 608 quo
1147 557 1230 607 quis
1256 558 1380 595 reddit

319 613 503 661 debitum,
533 625 612 650 non
641 619 740 650 esset
766 611 994 650 meritorius.

370 667 430 704 Αι)
450 677 641 704 SECUNDUM
659 676 845 703 memnon
864 664 970 714 quod
988 665 1095 701 Deus
1116 675 1161 700 ex
1180 662 1290 700 bonis
1309 675 1379 699 no-

319 719 403 756 stris
435 731 514 757 non
551 718 698 768 quaerit
732 717 949 764 utilitatem,
979 717 1047 754 sed
1074 716 1254 764 gloriam,
1283 715 1378 752 idest

319 771 663 811 manifestationem
701 783 793 809 suae
825 770 1023 807 bonitatis:
1054 769 1160 818 quod
1188 767 1301 805 etiam
1332 780 1377 804 ex

372 894 397 929 ζ)
416 894 536 920 colimus.
552 907 572 913 -
589 892 772 926 cognoscimus
791 892 902 917 codices.

2414 167 2486 214 345

1435 246 1511 282 suis
1540 246 1720 294 operibus
1748 245 1905 294 quaerit.
1936 246 1994 282 Ex
2020 246 2096 282 hoc
2124 252 2250 281 autem
2276 245 2380 294 quod
2400 258 2487 282 eurn

1433 298 1592 335 colimus
1611 297 1642 346 t,
1670 298 1760 336 nihil
1791 298 1823 335 ei
1853 297 2047 345 accrescit,
2077 298 2144 334 sed
2173 298 2294 335 nobis.
2325 299 2374 335 Et
2400 298 2487 335 ideo

1433 363 1626 387 meremur
1662 351 1802 400 aliquid
1831 363 1854 387 a
1881 352 1984 398 Deo,
2014 363 2091 387 non
2129 350 2236 399 quasi
2272 363 2316 387 ex
2354 351 2489 387 nostris

1434 404 1614 451 operibus
1637 404 1780 452 aliquid
1793 404 1834 442 ⁴ei
1854 410 2053 450 accrescat,
2071 403 2138 440 sed
2158 404 2382 451 inquantum
2402 416 2488 452 pro—

1433 463 1516 503 pter
1544 456 1624 492 eius
1651 456 1811 503 gloriam
1841 468 2058 504 operamur.

1486 510 1544 544 AD
1573 520 1732 546 TERTlUM
1761 520 1944 546 DICENDUM
1974 508 2090 557 quod,
2118 508 2207 557 quia
2235 508 2331 545 actio
2360 515 2489 546 nostra

1434 572 1511 596 non
1539 561 1654 597 habet
1682 561 1868 598 rationem
1897 561 2020 598 meriti
2047 561 2117 598 nisi
2150 573 2195 598 ex
2222 561 2489 611 praesupposi-

1434 612 1537 648 tione
1576 613 1726 651 divinae
1761 614 2029 662 ordinationis,
2063 626 2141 651 non
2178 613 2348 662 sequitur
2384 614 2489 663 quod

1434 665 1539 701 Deus
1574 665 1758 703 efficiatur
1790 666 2009 715 simpliciter
2041 666 2188 704 debitor
2222 666 2332 704 nobis
2356 667 2393 713 ¹²,
2423 667 2490 704 sed

1434 717 1503 775 sibi
1516 718 1617 806 lipsi:
1638 718 1862 767 inquantum
1889 719 2058 757 debitum
2079 727 2134 756 est
2153 727 2194 756 ut
2217 732 2285 756 sua
2304 719 2489 757 ordinatio

1434 781 1512 818 imp
1530 778 1645 807 eatur.

994 961 1325 995 Commentario.
1348 960 1598 993 cardinalis
1620 961 1821 994 Caietani

342 1054 371 1076 ,n
387 1043 480 1085 titulo
497 1042 591 1084 primi
610 1041 731 1074 articuli
747 1041 941 1083 quaestionis
961 1038 1381 1081 centesimaedecimaequar-

323 1055 400 1120 Itae
424 1091 461 1118 et'
473 1085 613 1124 ultimae,
630 1086 754 1116 adverte
774 1092 835 1116 tres
850 1084 1020 1116 terminos:
1035 1084 1068 1127 ly
1083 1083 1188 1127 horno,
1203 1083 1237 1125 ty
1251 1084 1379 1120 mereri,

318 1132 352 1173 ly
370 1141 391 1163 a
408 1130 489 1162 Deo.
511 1130 596 1161 Nam
618 1139 722 1160 sermo
747 1136 793 1160 est
816 1129 855 1160 de
878 1129 1024 1160 homine:
1047 1134 1078 1159 et
1099 1127 1168 1158 tion
1189 1125 1228 1157 de
1251 1126 1381 1157 homine

437 1179 472 1206 to
486 1175 520 1205 in
534 1174 638 1205 filium
653 1174 726 1211 Dei,
746 1183 812 1204 non
836 1174 875 1204 de
898 1173 1029 1204 homine
1042 1172 1076 1202 in
1091 1177 1173 1203 statu
1197 1171 1315 1211 peccati
1331 1171 1384 1201 vel

319 1219 447 1261 gratim,
471 1219 527 1261 sed
549 1218 703 1250 disolute.
1245 1244 1248 1248 ,

348 1261 489 1296 ῃΝΙϊΞι-ἐι’”ἰ
511 1269 620 1294 autem
646 1262 751 1303 primb
774 1261 807 1292 in
830 1261 961 1292 servitiis
976 1261 1142 1291 inventum
1163 1258 1296 1301 videtur,
1314 1259 1384 1300 qui—

321 1309 381 1347 bus
405 1307 583 1341 mercedem
598 1313 767 1342 merentur,
783 1306 817 1336 in
833 1305 950 1346 quibus
966 1305 1070 1345 primo
1087 1313 1205 1335 merces
1221 1302 1384 1333 nominata

322 1358 462 1395 apparet.
485 1351 580 1382 Unde
603 1356 634 1381 et
656 1349 839 1381 mercenarii
863 1349 936 1380 dicti
960 1354 1034 1379 sunt
1063 1346 1119 1389 qui
1142 1354 1179 1378 ut
1205 1353 1385 1378 mereantur

322 1396 511 1432 mercedem,
527 1393 676 1425 serviunt.
693 1391 814 1425 Verum
837 1403 855 1423 a
878 1393 1010 1423 servitiis
1033 1392 1073 1423 ad
1103 1391 1256 1434 obsequia
1279 1397 1310 1422 et
1331 1391 1384 1422 be-

322 1440 434 1471 neficia
456 1446 621 1470 extensum
640 1438 827 1478 experimur,
853 1437 932 1468 dum
955 1443 985 1468 et
1008 1437 1218 1476 obsequentes
1241 1441 1272 1466 et
1294 1436 1386 1465 bene-

322 1483 471 1517 facientes
493 1482 704 1515 benemeritos
726 1482 766 1513 de
790 1481 882 1512 nobis
905 1491 961 1512 seu
984 1479 1147 1521 republica
1158 1489 1321 1513 vocamus.
1346 1480 1386 1510 Et

323 1526 641 1569 cumAVmultipliciter
671 1525 774 1557 meriti
805 1525 884 1556 ratio
915 1524 1094 1566 contingat,
1117 1524 1168 1556 hic
1195 1523 1332 1557 sumitur
1353 1524 1387 1554 in

323 1571 508 1611 cummuni,
537 1577 573 1603 ut
605 1569 846 1612 comprehendit
875 1570 934 1601 sub
957 1579 990 1600 se
1018 1571 1168 1602 meritum
1196 1567 1327 1608 congrui
1357 1575 1388 1599 et

323 1612 484 1656 condigni.
1173 1647 1175 1651 Α

340 1655 420 1691 '‘Et
441 1659 516 1701 quia
544 1657 734 1699 experientia
755 1663 888 1688 testatur
914 1656 1054 1698 aliquem
1077 1656 1241 1689 communi
1267 1655 1386 1687 iudicio

323 1704 437 1735 mereri
453 1705 577 1734 bonum
600 1702 730 1743 aliquod
745 1708 875 1742 propter
897 1709 954 1732 sua
977 1711 1084 1743 opera,
1100 1701 1151 1732 vel
1172 1710 1310 1742 poenam
1333 1700 1387 1730 ali-

324 1747 513 1790 φωκά-
533 1757 599 1778 non
623 1755 716 1779 a-me
738 1746 789 1777 vel
810 1746 883 1782 illo;
906 1746 980 1776 ideo
1003 1745 1239 1787 adiungitunly
1261 1755 1282 1775 a
1305 1745 1386 1782 Deo,

324 1799 362 1824 ut
376 1791 602 1831 determinetur
615 1790 784 1823 retributor
803 1789 965 1821 mercedis.
980 1790 1038 1831 Est
1051 1790 1148 1831 igitur
1162 1799 1273 1821 sensus
1289 1789 1386 1820 tituli:

324 1830 556 1911 Utrqrnlhomo
566 1833 667 1876 possit
677 1833 797 1875 aliquid
810 1833 910 1865 facere
923 1833 973 1866 cui
986 1835 1265 1874 debeaturmerces
1278 1843 1295 1864 a
1307 1833 1387 1864 Deo.

372 1875 392 1911 'l
411 1902 419 1911 .
435 1874 629 1920 ·n'corpore
661 1877 783 1909 articuli
814 1878 939 1909 adverte
958 1879 1063 1919 quod,
1086 1878 1120 1909 in
1153 1877 1317 1909 communi
1340 1878 1388 1907 lo-

326 1918 466 1966 quendo,
481 1923 515 1954 in
530 1923 644 1954 merito
664 1929 857 1953 concurrunt
873 1928 1025 1963 quatuor:
1041 1922 1159 1953 scilicet
1172 1929 1307 1962 persona
1324 1931 1388 1952 me-

324 1973 468 1999 rene'seu
483 1967 604 2003 merita,
617 1966 725 2008 ipsum
740 1966 900 2003 meritum,
918 1976 1046 2004 merces,
1060 1973 1092 1997 et
1106 1975 1241 2007 persona
1254 1966 1388 1996 reddens

325 2012 514 2043 mercedem.
540 2011 582 2042 Et
607 2011 680 2042 licet
709 2010 768 2042 ista
796 2018 935 2052 quatuor
965 2017 1168 2052 exequantur
1190 2017 1258 2043 uon
1280 2010 1388 2041 solum

325 2056 487 2099 memum,
499 2055 559 2097 sed-
576 2054 765 2096 praemium,
781 2061 887 2086 tamen
903 2055 983 2086 ordo
1007 2055 1046 2086 ad
1069 2055 1146 2088 haec
1163 2051 1275 2093 omnia
1299 2055 1390 2094 exigi-

281 2129 284 2132 ,
325 2107 378 2132 tur
395 2095 622 2142 ads‘rationemv
646 2099 759 2139 meriti.
788 2099 925 2139 Oportet
956 2099 1043 2133 enim
1067 2099 1217 2132 meritum
1244 2108 1310 2130 esse
1334 2099 1388 2129 ali-

326 2143 663 2180 cuiussutjmerentis,
687 2149 719 2174 et
740 2142 873 2177 alicuius
896 2149 933 2174 ut
955 2143 1080 2174 debitae
1101 2142 1268 2180 mercedis,
1297 2149 1327 2174 et
1350 2144 1389 2173 ad

325 2183 465 2230 aliquem
488 2182 680 2219 redditorem
694 2187 863 2218 mercedis:
886 2187 1002 2218 frustra
1021 2188 1279 2228 enim-operatur
1302 2194 1333 2217 et
1347 2187 1389 2217 la-

325 2233 416 2264 borat
438 2232 511 2274 quis
533 2240 592 2272 pro
615 2232 799 2262 mercedes
822 2231 912 2262 nullo
928 2230 1083 2263 habenda.
1099 2231 1258 2262 Exhibide
1282 2238 1389 2262 autem

326 2277 429 2311 meriti
453 2283 484 2309 et
504 2276 647 2318 redditio<
669 2275 820 2310 mercedis
852 2282 940 2308 actus
962 2277 1003 2308 ad
1025 2275 1160 2309 alterum
1182 2278 1257 2309 sunt
1279 2285 1390 2307 secun-

326 2320 648 2363 dumraequalitatem
662 2320 707 2351 rei
731 2320 770 2350 ad
785 2329 866 2361 sem,
888 2320 1009 2359 scilicet,
1023 2320 1130 2361 mer-iti
1149 2320 1190 2362 ad
1211 2321 1391 2361 mercedem

327 2371 365 2406 et¹
376 2361 676 2401 e-conversoivjdeo
695 2364 736 2394 ad
754 2362 910 2400 rationem
925 2364 1028 2396 meriti
1051 2361 1183 2408 exigitur
1201 2364 1280 2406 ratio
1300 2364 1388 2396 iusti:

326 2450 468 2495 exigitur.
492 2447 576 2484 Nam
598 2449 673 2484 iiisti
696 2459 727 2483 et
754 2448 851 2483 debiti
873 2452 952 2484 ratio
977 2452 1044 2483 sine
1069 2447 1168 2484 libe'ro
1192 2452 1320 2484 arbitrio
1344 2452 1390 2483 in-

325 2497 497 2535 veniuntur
518 2497 552 2527 in
581 2497 694 2528 rebus:
709 2497 840 2534 aiustum
871 2507 1010 2538 namque
1032 2503 1080 2528 est
1109 2497 1232 2538 aquilae
1260 2503 1391 2527 naturae

327 2547 364 2573 ut
386 2541 499 2572 habeat
521 2548 676 2577 rostrum,
702 2541 825 2572 homini
848 2548 884 2572 ut
906 2541 1020 2572 habeat
1041 2542 1223 2578 manusttet
1244 2541 1390 2581 gravibus

328 2585 505 2630 celestibus
523 2592 564 2619 ,ut
582 2585 646 2617 sint
667 2585 701 2617 in
723 2585 804 2617 locis
827 2585 908 2622 suis,
934 2585 1089 2616 feminino
1111 2585 1200 2616 sexui
1223 2592 1259 2617 ut
1280 2585 1390 2625 iunga-

327 2635 379 2664 tur
429 2626 437 2632 “
472 2628 554 2667 ulo,
572 2637 646 2672 etc.;
661 2629 783 2670 etha-ec
799 2636 874 2660 sunt
890 2629 993 2661 debita
1011 2629 1082 2661 illis.
1099 2630 1162 2661 Sed
1180 2629 1220 2670 ad
1235 2629 1390 2661 rationem

328 2671 435 2705 meriti
451 2679 471 2705 e
511 2670 518 2681 ²
535 2673 842 2722 tur'valuntarium:
866 2674 974 2704 nullus
995 2674 1080 2704 enim
1099 2672 1238 2705 meretur
1260 2680 1316 2705 aut
1339 2674 1391 2704 de-

327 2712 701 2758 meretuf'naturallbus,
724 2716 776 2748 vel
798 2717 903 2748 invitis
931 2718 1147 2758 passionibus,
1173 2714 1225 2748 vel
1251 2717 1392 2748 acciden-

327 2760 490 2793 tibueaEt
510 2762 668 2803 quoniam*
683 2762 808 2793 iustum
830 2762 912 2793 inter
941 2762 1022 2792 duos
1045 2769 1106 2798 est,
1136 2769 1167 2793 et
1189 2762 1228 2792 ad
1252 2762 1392 2792 diversos

328 2805 538 2836 diversimode
544 2815 552 2842 ;
569 2812 599 2837 et
621 2806 848 2842 voluntarium,
868 2806 928 2836 nisi
945 2807 983 2836 ad
1000 2806 1139 2847 aliquem
1155 2806 1290 2838 alterum
1306 2806 1388 2838 ordi-

327 2857 429 2886 netur,
446 2850 572 2880 nullum
589 2850 724 2881 alterum
738 2850 881 2891 respicit:
905 2850 978 2881 ideo
1001 2851 1080 2881 ratio
1097 2850 1200 2881 meriti
1217 2861 1254 2881 ex
1270 2850 1392 2882 ratione

329 2893 404 2924 iusti
426 2893 596 2925 voluntarii
624 2901 655 2925 et
682 2894 801 2925 ordinis
825 2895 864 2925 ad
892 2895 1027 2925 alterum
1049 2894 1196 2935 integrari
1225 2894 1338 2926 dicitur
1360 2895 1391 2924 in

327 2938 438 2974 littera,
456 2938 535 2969 dum
558 2938 662 2978 primo
687 2939 725 2969 de
748 2939 843 2975 iusto,
863 2939 937 2969 inde
961 2939 999 2969 de
1022 2938 1298 2979 praeordinatione
1321 2938 1390 2976 Dei,

329 2988 360 3012 et
381 2982 514 3012 demum
537 2982 576 3013 de
597 2982 697 3013 libero
720 2982 847 3014 arbitrio
870 2983 1030 3014 intentum
1053 2982 1262 3019 concluditur.

386 3025 438 3057 111.
459 3026 501 3057 Et
523 3026 676 3067 quoniam
699 3026 732 3057 in
756 3027 883 3067 speciali
906 3027 945 3057 de
972 3026 1086 3058 merito
1109 3037 1127 3056 a
1150 3027 1220 3057 Deo
1248 3027 1392 3067 quaestio

329 3076 391 3106 est,
408 3077 439 3101 et
460 3070 600 3109 redditor
621 3071 774 3101 mercedis
790 3070 913 3101 debitor
935 3077 995 3108 est,
1017 3077 1049 3101 et
1071 3070 1176 3101 omnis
1193 3069 1316 3102 debitor
1338 3071 1392 3110 ali-

329 3113 420 3145 cuius
435 3113 558 3145 debitor
573 3120 632 3152 est,
649 3121 680 3145 et
694 3115 782 3145 Deus
798 3114 878 3145 nulli
894 3121 1000 3155 potest
1017 3124 1084 3145 esse
1103 3114 1226 3145 debitor
1241 3114 1301 3145 nisi
1316 3113 1392 3151 'sibi;

329 3157 456 3196 idcirco,
480 3157 562 3190 sicut
580 3158 614 3189 in
627 3159 721 3189 rebus
739 3158 935 3190 naturalibus
951 3159 1048 3195 Deus,
1068 3158 1174 3189 dando
1191 3162 1311 3190 'manus
1334 3158 1394 3189 ho-

329 3201 418 3239 mini,
434 3211 556 3234 marem
579 3201 724 3240 feminae,
743 3208 812 3240 etc„
828 3203 882 3233 dat
899 3202 1003 3242 debita
1018 3202 1112 3233 rebus
1135 3212 1172 3233 ex
1195 3202 1393 3234 ordinatione

329 3256 396 3283 sua,
413 3243 531 3277 scilicet
544 3246 644 3287 ipsius
659 3246 729 3283 Dei,
742 3256 778 3278 ac
792 3256 849 3288 per
864 3246 926 3277 hoc
941 3246 1032 3288 quasi
1049 3246 1108 3277 sibi
1124 3245 1184 3287 ipsi
1200 3245 1295 3278 solvit
1306 3247 1392 3278 debi-

329 3294 412 3327 tum,
434 3297 464 3321 et
480 3290 523 3321 sic
535 3290 578 3322 ibi
591 3297 638 3322 est
649 3290 728 3321 ratio
739 3290 828 3327 iusti,
841 3296 877 3321 ut
887 3289 960 3333 1¹1.ss
977 3289 1098 3321 Contra
1111 3290 1215 3330 Geni„
1227 3301 1295 3332 cap.
1308 3301 1391 3327 xx1x,

329 3334 425 3365 habes
445 3333 572 3371 diffuse;
597 3335 640 3365 ita
655 3334 688 3365 in
703 3334 879 3366 redditione
894 3335 1046 3366 mercedis
1065 3334 1187 3366 debitae
1203 3334 1316 3366 merito
1333 3335 1391 3366 hu-

330 3388 445 3416 mano,
470 3379 556 3410 Deus
587 3389 653 3409 non
684 3378 771 3409 aliter
793 3385 899 3420 potest
922 3379 1071 3410 constitui
1098 3379 1222 3410 debitor
1250 3379 1310 3410 nisi
1333 3389 1392 3420 pro

472 3545 581 3569 Summe
600 3544 702 3569 Tmzon.
721 3544 751 3568 D.
765 3544 880 3568 Tnorme
899 3543 931 3568 T.
946 3544 988 3568 IV.

1434 1046 1554 1080 quanto
1570 1040 1608 1070 ab
1631 1040 1769 1080 ipsomet
1784 1041 1854 1071 Deo
1878 1041 2144 1083 praesupponitur
2160 1042 2320 1073 ordinatus
2337 1050 2424 1073 actus
2439 1044 2490 1074 ille

1435 1083 1474 1113 ad
1498 1084 1759 1124 consequendum
1775 1085 1952 1114 mercedem
1974 1084 2077 1121 illam;
2102 1085 2146 1115 sic
2162 1085 2246 1115 enim
2269 1086 2354 1116 Deus
2378 1088 2491 1118 consti-

1434 1127 1534 1158 tuitur
1557 1127 1679 1158 debitor
1701 1126 1759 1158 sibi
1775 1128 1845 1169 ipsi,
1862 1135 1892 1158 et
1914 1128 2075 1159 reddendo
2099 1129 2190 1159 nobis
2214 1130 2400 1166 mercedem,
2418 1141 2492 1161 suae

1436 1171 1584 1202 satisfacit
1599 1171 1800 1202 ordinationi.
1821 1172 1912 1203 Unde
1928 1179 1959 1203 et
1980 1172 2201 1212 paterfamilias
2219 1174 2396 1204 redditurus
2412 1185 2492 1205 mer-

1437 1216 1545 1246 cedem
1569 1215 1718 1256 operariis
1737 1216 1855 1252 vineae,
1873 1216 1960 1257 prius
1975 1217 2125 1248 conduxit
2141 1227 2195 1247 eos
2219 1219 2428 1249 conventione
2443 1219 2492 1249 vel

1437 1260 1647 1300 promissione
1670 1260 1750 1292 facta
1767 1260 1805 1290 de
1827 1261 1971 1291 mercede
1983 1271 2039 1300 per
2062 1261 2201 1301 seipsum
2216 1261 2244 1292 *.
2257 1262 2388 1302 Propter
2403 1263 2491 1303 quod

1436 1304 1469 1334 in
1482 1304 1583 1335 littera
1598 1307 1720 1335 Auctor
1734 1304 1888 1335 rationem
1910 1305 2012 1335 meriti
2028 1305 2160 1335 humani
2182 1305 2411 1346 impossibilem
2427 1317 2492 1337 esse

1438 1348 1602 1379 constituit
1625 1348 1684 1378 nisi
1701 1358 1737 1378 ex
1751 1349 2026 1388 praeordinatione
2049 1349 2163 1386 divina,
2181 1359 2217 1379 ex
2233 1360 2295 1390 qua
2315 1351 2492 1382 meritorius

1438 1399 1525 1422 actus
1548 1392 1642 1422 habet
1664 1393 1752 1432 quod
1775 1392 1919 1432 respiciat
1940 1393 2046 1423 Deum
2068 1400 2104 1423 ut
2127 1393 2310 1425 debitorem.

1493 1437 1546 1466 IV.
1566 1436 1602 1466 In
1625 1436 1739 1466 eodem
1762 1436 1903 1472 articulo,
1921 1437 2000 1467 circa
2023 1437 2177 1467 rationem
2192 1438 2265 1468 iusti
2286 1438 2446 1469 inventam
2461 1439 2493 1469 in

1439 1480 1551 1510 merito
1575 1480 1715 1510 hominis
1739 1481 1824 1519 apud
1848 1481 1968 1516 Deum,
1993 1481 2116 1512 adverte
2140 1482 2229 1521 quod
2252 1482 2400 1513 meritum
2423 1483 2494 1519 tale,

1439 1525 1520 1555 ultra
1537 1530 1696 1564 respectus
1717 1534 1799 1564 quos
1813 1524 1907 1555 habet
1920 1525 1959 1554 ad
1973 1524 2139 1555 hominem
2154 1533 2327 1556 merentem
2343 1533 2374 1556 et
2389 1527 2494 1557 Deum

1440 1575 1476 1599 ut
1498 1568 1789 1608 praeordinantem‚
1814 1568 1908 1599 habet
1935 1569 2016 1599 duos
2039 1569 2133 1599 alios:
2159 1569 2292 1600 alterum
2315 1571 2355 1600 ad
2377 1580 2494 1600 merce-

1441 1613 1513 1643 dem
1525 1636 1532 1648 ,
1557 1613 1693 1643 alterum
1715 1612 1754 1642 ad
1773 1611 1963 1643 redditorem
1982 1613 2142 1644 mercedis.
2166 1613 2207 1643 Et
2221 1613 2351 1654 quidem
2367 1614 2392 1644 si
2410 1624 2495 1644 com—

1441 1663 1566 1696 paretur
1589 1656 1737 1686 meritum
1759 1656 1899 1686 hominis
1922 1657 1961 1686 ad
1984 1657 2108 1695 Deum,
2132 1667 2298 1698 nunquam
2321 1658 2496 1688 invenietur

1441 1701 1561 1731 iustum
1581 1699 1772 1740 simpliciter,
1795 1706 1831 1730 ut
1854 1700 1886 1730 in
1908 1700 2010 1731 littera
2028 1701 2150 1732 dicitur.
2175 1701 2236 1732 Sed
2255 1702 2280 1731 si
2297 1708 2497 1742 comparetur

1442 1745 1590 1775 meritum
1612 1744 1752 1775 hominis
1775 1744 1815 1774 ad
1838 1745 2016 1775 mercedem
2039 1745 2176 1775 debitam
2200 1746 2375 1776 secundum
2390 1756 2433 1782 se,
2450 1746 2494 1776 sic

1442 1799 1507 1819 non
1530 1788 1712 1819 inconvenit
1734 1788 1867 1818 inveniri
1889 1788 2010 1819 iustum
2033 1788 2228 1828 simpliciter:
2253 1790 2407 1830 quoniam
2429 1800 2495 1820 non

1441 1833 1623 1864 inconvenit
1645 1832 1840 1874 aequivalere
1863 1832 2011 1865 meritum
2035 1833 2175 1873 praemio
2199 1833 2369 1869 reddendo,
2394 1841 2424 1864 et
2446 1844 2495 1864 or-

1443 1877 1540 1907 dinari
1564 1887 1582 1906 a
1608 1877 1678 1908 Deo
1709 1883 1816 1907 actum
1846 1876 1948 1907 meriti
1978 1876 2056 1907 tanti
2083 1876 2198 1907 valoris
2230 1877 2269 1907 ad
2299 1877 2496 1918 aequivalens

1441 1921 1628 1961 praemium.
1653 1921 1694 1951 Et
1717 1920 1871 1960 quoniam
1890 1929 2008 1951 merces
2024 1920 2181 1951 reddenda
2197 1931 2214 1951 a
2229 1921 2309 1958 Deo,
2326 1928 2495 1962 quantum-

1443 1975 1580 2006 cumque
1603 1965 1779 1995 secundum
1795 1975 1827 1995 se
1844 1965 1884 1995 sit
1900 1964 2100 2004 aequivalens
2117 1964 2239 2001 merito,
2256 1971 2292 1996 ut
2310 1972 2415 1995 tamen
2430 1966 2496 1995 red-

1443 2010 1527 2040 ditur
1542 2020 1559 2040 a
1574 2010 1654 2045 Deo,
1679 2008 1798 2040 excedit
1821 2009 1970 2040 meritum
1984 2008 2134 2044 hominis,
2152 2009 2241 2040 cuius
2256 2009 2296 2040 ad
2311 2010 2416 2040 Deum
2431 2019 2497 2040 non

1442 2060 1546 2094 potest
1562 2063 1628 2084 esse
1645 2052 1819 2094 aequalitas
1834 2052 2014 2093 simpliciter
2027 2053 2060 2083 in
2076 2053 2201 2093 aliquo;
2225 2053 2297 2084 ideo
2317 2053 2499 2094 simpliciter

1442 2098 1581 2128 hominis
1604 2098 1644 2127 ad
1662 2097 1766 2128 Deum
1785 2107 1850 2128 non
1869 2104 1974 2137 potest
1992 2106 2058 2127 esse
2073 2097 2223 2127 meritum
2238 2097 2428 2137 simpliciter,
2444 2098 2498 2128 sed

1443 2142 1618 2172 secundum
1641 2141 1892 2183 proportionem,
1912 2148 1948 2171 ut
1962 2141 1994 2170 in
2009 2140 2110 2171 littera
2126 2141 2253 2178 dicitur;
2278 2141 2422 2182 quamvis
2438 2141 2495 2171 ho-

1443 2186 1536 2216 minis
1560 2186 1599 2216 ad
1622 2185 1724 2226 ipsam
1748 2186 1926 2216 mercedem
1957 2185 2101 2215 absolute
2128 2185 2229 2225 possit
2257 2195 2322 2215 esse
2350 2185 2498 2215 meritum

1443 2230 1634 2270 simpliciter,
1658 2229 1739 2260 sicut
1761 2235 1792 2260 et
1813 2229 1945 2260 iustum.

1499 2275 1537 2305 V.
1553 2275 1588 2304 In
1608 2274 1723 2304 eodem
1738 2273 1840 2314 primo
1857 2273 1999 2309 articulo,
2016 2273 2095 2304 circa
2111 2273 2344 2303 ordinationem
2361 2273 2499 2303 divinam

1444 2325 1683 2349 concurrentem
1706 2318 1746 2348 ad
1769 2317 1924 2348 rationem
1945 2317 2049 2348 meriti
2063 2317 2150 2357 apud
2165 2317 2280 2353 Deum,
2298 2317 2431 2347 dubium
2446 2327 2499 2347 oc-

1443 2363 1538 2394 currit
1567 2373 1608 2392 an
1635 2361 1705 2392 talis
1733 2361 1966 2401 praeordinatio
1995 2361 2099 2396 divina
2127 2360 2182 2391 fiat
2208 2360 2422 2392 universaliter
2443 2371 2499 2400 per

1444 2406 1715 2437 communicatum
1739 2405 1931 2446 principium
1950 2405 2054 2446 operis
2077 2404 2241 2435 meritorii:
2259 2415 2299 2435 an
2313 2404 2391 2435 ratio
2407 2404 2498 2434 meri-

1444 2451 1514 2482 torii
1531 2451 1724 2491 quandoque
1740 2449 1794 2480 fiat
1810 2459 1865 2490 per
1881 2450 1982 2479 solam
1999 2449 2138 2479 divinam
2162 2448 2393 2479 ordinationem
2412 2445 2499 2479 actus

1444 2496 1483 2525 ad
1507 2495 1567 2525 tale
1590 2494 1777 2534 praemium.
1802 2494 1863 2524 Sed
1885 2493 2041 2534 quoniam
2055 2493 2088 2523 in
2104 2492 2235 2523 articulo
2252 2492 2342 2523 tertio
2358 2502 2406 2522 res
2422 2492 2498 2523 haec

1444 2540 1476 2569 in
1500 2538 1627 2579 speciali
1651 2539 1690 2569 de
1712 2537 1825 2569 merito
1848 2538 1930 2570 vitae
1953 2538 2094 2568 aeternae
2124 2537 2319 2567 discutienda
2342 2544 2402 2572 est,
2426 2536 2499 2567 ideo

1445 2590 1491 2614 sat
1513 2583 1554 2614 sit
1575 2593 1633 2623 pro
1656 2592 1741 2612 nunc
1765 2582 1841 2612 scire
1864 2581 2019 2617 dubitare;
2044 2588 2075 2611 et
2097 2587 2206 2611 notare
2228 2581 2317 2621 quod
2339 2580 2372 2610 id
2387 2580 2500 2611 dicitur

1445 2637 1511 2658 esse
1534 2637 1653 2658 merces
1676 2626 1834 2657 reddenda
1857 2636 1874 2656 a
1896 2626 1966 2656 Deo
1990 2632 2099 2656 nostro
2122 2625 2245 2661 merito,
2262 2625 2302 2654 ad
2321 2625 2407 2665 quod
2425 2634 2499 2655 con-

1446 2672 1644 2712 sequendum
1666 2671 1752 2701 Deus
1777 2670 1862 2700 dedit
1877 2669 1968 2700 nobis
1983 2669 2131 2699 virtutem
2148 2669 2341 2709 operativam
2355 2669 2497 2699 liberam.

1500 2715 1553 2746 VI.
1569 2716 1603 2745 In
1620 2715 1734 2745 eodem
1749 2714 1852 2754 primo
1869 2713 2000 2744 articulo
2017 2713 2151 2749 adverte,
2166 2712 2294 2748 novitie‚
2310 2713 2398 2752 quod
2414 2722 2500 2752 prae-

1446 2759 1679 2790 ordinationem
1703 2759 1842 2788 divinam
1861 2758 1959 2788 nostri
1976 2764 2062 2788 actus
2078 2757 2110 2787 in
2126 2757 2246 2787 ratione
2265 2756 2425 2792 meritorii,
2443 2766 2500 2786 nec

1446 2805 1484 2834 ab
1507 2804 1681 2843 ipso'Deo,
1699 2813 1756 2833 nec
1773 2803 1811 2833 ab
1836 2802 1897 2833 alio
1921 2802 2118 2837 retributore,
2140 2807 2266 2841 oportet
2288 2800 2390 2831 sortiri
2413 2800 2500 2830 illam

1446 2848 1639 2878 mercedem:
1665 2854 1700 2877 ut
1723 2854 1807 2887 patet
1829 2847 1862 2876 in
1886 2856 1924 2876 eo
1949 2846 2017 2886 qui,
2043 2845 2204 2885 aliquanto
2228 2851 2370 2884 tempore
2398 2854 2500 2884 perse-

1446 2903 1554 2923 verans
1568 2892 1610 2922 =in
1626 2892 1732 2927 bono,
1758 2891 1883 2921 obicem
1906 2890 1997 2930 ponit
2019 2889 2159 2930 praemio
2189 2895 2259 2919 ante
2288 2888 2500 2918 retributionis

1446 2945 1582 2976 tempus.
1614 2936 1655 2966 Et
1682 2935 1760 2965 ratio
1790 2942 1836 2965 est
1862 2934 1937 2975 quia
1969 2943 2034 2964 non
2062 2933 2167 2963 omnis
2194 2932 2425 2972 praeordinatio
2456 2938 2502 2962 est

1447 2979 1679 3022 praeordinatio
1704 2978 2004 3019 praedestinationis,
2028 2987 2108 3018 quae
2133 2976 2276 3007 effectum
2300 2976 2502 3006 infallibiliter

1448 3024 1665 3065 consequitur:
1690 3023 1744 3054 sed
1768 3022 1872 3063 aliqua
1888 3021 2119 3062 praeordinatio
2137 3028 2182 3051 est
2198 3020 2412 3060 providentiae
2435 3029 2500 3049 non

1448 3076 1588 3104 eventus,
1602 3068 1655 3098 sed
1672 3077 1792 3098 causae.
1813 3067 1854 3097 Et
1869 3073 2034 3107 propterea
2050 3073 2148 3096 mater
2164 3064 2354 3095 benemerita
2371 3064 2408 3094 de
2424 3063 2500 3099 filio,

1448 3113 1641 3154 quandoque
1665 3111 1842 3142 mercedem
1870 3110 2000 3140 honoris
2024 3109 2118 3140 debiti
2142 3119 2159 3139 a
2181 3108 2264 3145 filio,
2289 3118 2346 3138 nec
2369 3108 2407 3138 ab
2430 3107 2500 3148 ipso

1447 3157 1513 3187 filio
1538 3156 1679 3191 sortitur3
1704 3165 1761 3185 nec
1783 3165 1801 3184 a
1824 3155 1904 3190 Deo,
1924 3154 1979 3194 qui
1998 3153 2228 3193 praeordinavit
2247 3152 2338 3183 matri
2356 3152 2501 3182 beneme-

1448 3201 1522 3232 ritae
1547 3201 1642 3231 talem
1665 3200 1822 3230 honorem
1845 3198 1964 3234 deberi,
1988 3197 2023 3228 fit
2047 3204 2082 3228 ut
2104 3196 2186 3227 filius
2213 3197 2371 3227 honorem
2393 3195 2502 3226 huius-

1448 3244 1537 3275 modi
1560 3243 1732 3284 impendat.
1756 3243 1796 3273 Et
1820 3253 1856 3273 ex
1879 3243 1989 3272 eadem
2011 3241 2113 3271 radice
2137 3240 2240 3271 evenit
2259 3247 2294 3271 ut
2310 3239 2412 3276 Iudas,
2430 3246 2503 3280 post

1448 3289 1548 3319 multa
1572 3287 1683 3319 merita
1709 3287 1790 3318 vitae
1818 3293 1974 3322 aeternae,
1999 3295 2064 3316 non
2094 3291 2281 3316 consecutus
2306 3283 2399 3314 fuerit
2422 3293 2500 3314 eam.

1447 3333 1533 3364 Nihil
1558 3332 1643 3363 enim
1667 3342 1702 3362 ex
1718 3331 1903 3362 huiusmodi
1927 3330 2089 3360 eventibus
2105 3329 2227 3359 divinae
2243 3327 2435 3359 ordinationi
2451 3327 2502 3357 de-

1448 3384 1536 3418 perit.

2328 3546 2361 3568 44

2516 675 2526 685 ⁶
2540 674 2568 695 D.
2583 680 2628 702 43¹-

2520 1268 2527 1277 ”
2539 1267 2617 1289 Matth.
2629 1273 2679 1295 cap.
2690 1274 2730 1289 xx.
