2840 4010
130 1098 142 1110 ⁸
147 1097 185 1120 Pe.
191 1103 276 1126 amn,
281 1103 342 1120 vers.

130 1129 187 1205 ἷξε.
193 1156 273 1178 mn,
280 1156 342 1172 vers.

1048 123 1313 170 QUAESTIO
1343 123 1480 171 CXIV,
1509 125 1802 162 ARTICULUS
1831 126 1867 161 X

369 199 420 236 tia
443 198 491 235 ad
510 198 613 236 hunc
632 200 763 237 finem.
785 201 834 237 Et
856 201 942 238 talia
962 201 1178 250 simpliciter
1197 202 1336 238 cadunt
1355 203 1425 238 sub

371 250 517 288 merito.
539 273 563 278 —
583 253 738 289 Bonum
770 261 897 290 autem
927 255 1138 291 secundum
1165 253 1255 303 quid
1285 261 1320 290 et
1349 267 1427 291 non

371 303 590 351 simpliciter
617 305 802 353 hominis,
840 314 895 343 est
926 308 1031 355 quod
1068 314 1122 343 est
1150 307 1296 343 bonum
1326 307 1359 342 ei
1387 315 1428 343 ut

371 368 491 403 nunc,
509 358 572 394 vel
591 358 697 406 quod
717 358 750 395 ei
772 366 827 395 est
845 359 1056 396 secundum
1077 359 1216 408 aliquid
1230 363 1246 386 Υ
1266 359 1424 397 bonum.

371 410 420 446 Et
446 409 666 447 huiusmodi
694 423 774 448 non
797 413 937 449 cadunt
955 412 1025 449 sub
1046 412 1180 448 merito
1200 411 1427 459 simpliciter,

370 462 437 499 sed
466 463 678 500 secundum
706 463 809 512 quid.

425 516 645 553 Secundum
683 517 759 553 hoc
792 529 881 564 ergo
912 515 1115 553 dicendum
1155 523 1211 552 est
1241 517 1367 563 quod,
1397 517 1426 553 si

369 569 595 617 temporalia
623 570 725 605 bona
755 569 1041 606 considerentur
1071 576 1186 617 prout
1212 576 1299 605 sunt
1325 569 1429 606 utilia

370 621 419 657 ad
448 634 565 670 opera
591 622 786 669 virtutum,
808 621 945 670 quibus
973 621 1218 670 perducimur
1244 621 1281 657 in
1309 621 1428 658 vitam

371 681 577 722 aeternam,
599 676 808 712 secundum
828 675 903 711 hoc
922 674 1061 712 directe
1083 682 1118 711 et
1137 673 1352 723 simpliciter
1371 687 1429 711 ca-

371 727 465 764 dunt
484 727 554 764 sub
584 727 741 764 merito:
771 727 867 764 sicut
886 734 922 764 et
945 735 1192 775 augmentum
1220 726 1372 774 gratiae,
1395 735 1430 764 et

371 780 500 816 omnia
520 780 581 816 illa
609 780 746 828 quibus
765 780 884 816 homo
915 780 1115 817 adiuvatur
1134 780 1182 817 ad
1204 780 1430 828 pervenien-

373 832 464 870 dum
487 833 525 869 in
544 832 830 880 beatitudinem,
850 840 937 881 post
955 833 1118 881 primam
1138 831 1305 880 gratiam.
1327 833 1428 869 Tan-

370 893 452 922 tum
482 884 584 922 enim
613 884 677 922 dat
704 887 810 923 Deus
829 885 920 923 viris
948 885 1053 923 iustis
1073 887 1119 923 de
1149 884 1260 922 bonis
1283 883 1430 933 tempo-

371 938 522 985 ralibus,
544 945 581 974 et
609 937 722 975 etiam
752 939 799 976 de
827 939 956 984 malis,
983 946 1169 987 quantum
1198 937 1251 974 eis
1280 938 1431 986 expedit

371 991 420 1028 ad
447 991 751 1040 perveniendum
781 993 828 1030 ad
857 991 976 1028 vitam
1001 999 1207 1028 aeternam.
1235 991 1284 1027 Et
1311 990 1431 1027 intan-

370 1050 451 1080 tum
481 1051 567 1080 sunt
587 1043 804 1092 simpliciter
831 1044 935 1081 bona
953 1044 1173 1082 huiusmodi
1192 1044 1430 1091 temporalia.

370 1096 481 1134 Unde
502 1096 636 1134 dicitur
654 1097 692 1134 in
716 1098 869 1134 Psalmo
889 1097 927 1134 *z
952 1098 1136 1134 Timentes
1154 1102 1276 1134 autem
1298 1097 1430 1133 Domi-

370 1161 461 1186 num
490 1162 564 1186 non
593 1150 808 1187 minuentur
835 1151 941 1187 omni
965 1151 1086 1195 bono,·
1110 1157 1145 1187 et
1173 1148 1260 1187 alibi
1278 1148 1313 1185 *z
1337 1150 1429 1187 Non

368 1202 448 1240 vidi
473 1203 608 1240 iustum
637 1203 863 1240 derelictum.

423 1255 465 1292 Si
499 1264 627 1293 autem
653 1256 939 1294 considerentur
961 1255 1180 1292 huiusmodi
1207 1254 1430 1303 temporalia

370 1308 474 1345 bona
502 1309 715 1346 secundum
736 1321 788 1356 se,
809 1309 861 1345 sic
885 1321 964 1345 non
984 1316 1070 1345 sunt
1089 1307 1305 1357 simpliciter
1329 1308 1430 1344 bona

369 1361 547 1408 hominis,
568 1362 636 1398 sed
659 1362 871 1399 secundum
909 1361 1013 1410 quid.
1034 1363 1083 1398 Et
1111 1362 1162 1398 ita
1188 1359 1202 1383 ⁶
1230 1373 1308 1398 non
1340 1360 1429 1397 sim—

369 1413 512 1463 pliciter
545 1414 685 1451 cadunt
712 1415 783 1451 sub
812 1414 961 1462 merito,
981 1414 1049 1451 sed
1077 1413 1289 1451 secundum
1319 1413 1428 1462 quid:

370 1466 595 1516 inquantum
624 1467 763 1504 scilicet
789 1467 965 1505 homines
993 1474 1199 1504 moventur
1217 1478 1239 1504 a
1266 1467 1350 1503 Deo
1380 1467 1429 1504 ad

369 1519 495 1569 aliqua
517 1520 776 1569 temporaliter
799 1521 956 1568 agenda,
977 1520 1015 1557 in
1043 1521 1182 1568 quibus
1203 1531 1314 1556 suum
1342 1532 1429 1568 pro-

368 1572 536 1622 positum
557 1580 850 1622 consequuntur,
870 1575 955 1610 Deo
983 1574 1146 1611 favente.
1166 1573 1217 1610 Ut
1234 1573 1330 1609 sicut
1352 1573 1430 1610 vita

369 1633 523 1663 aeterna
551 1634 607 1663 est
635 1626 852 1675 simpliciter
885 1626 1101 1676 praemium
1130 1638 1291 1674 operum
1328 1626 1430 1662 iusti-

369 1678 441 1715 tiae
469 1691 538 1727 per
566 1678 787 1717 relationem
814 1680 863 1716 ad
891 1679 1102 1716 motionem
1131 1679 1309 1726 divinam,
1335 1678 1430 1715 sicut

370 1743 485 1780 supra
510 1731 530 1753 ’¹‘
558 1732 702 1769 dictum
734 1740 812 1779 est;
846 1732 898 1770 ita
930 1731 1154 1781 temporalia
1185 1732 1287 1769 bona
1316 1732 1353 1768 in
1387 1744 1427 1768 se

370 1784 607 1822 considerata
634 1785 800 1822 habeant
818 1790 830 1806 ⁵
859 1785 1046 1822 rationem
1071 1784 1272 1832 mercedis,
1298 1785 1427 1821 habito

370 1844 544 1886 respectu
576 1839 626 1875 ad
658 1838 871 1875 motionem
905 1838 1075 1876 divinam
1109 1850 1184 1887 qua
1214 1838 1428 1875 voluntates

368 1890 570 1927 hominum
600 1898 805 1928 moventur
832 1891 882 1950 ad
909 1892 1004 1928 haec
1032 1891 1316 1940 prosequenda3
1344 1891 1428 1928 licet

389 2038 394 2044 .
421 2003 448 2037 γ)
467 2003 578 2035 aliquid.
596 2017 616 2023 -
633 2003 698 2035 quid
717 2003 776 2028 PsH
795 2008 821 2028 et
838 2010 868 2033 a,-
887 2003 1032 2029 secundum
1057 2004 1197 2037 aliquid...
1215 2005 1311 2030 merito
1329 2004 1430 2036 simpli-

369 2041 507 2106 ⁰¹te{)⁰i¹‹:¹i
521 2039 604 2099 ii}-
623 2073 659 2099 Ee
676 2074 707 2105 E,
726 2073 772 2099 sic
789 2074 822 2100 κ.

2462 126 2534 162 355

1483 203 1671 241 interdum
1692 203 1730 240 in
1749 204 1807 240 his
1831 215 1910 241 non
1933 203 2098 240 habeant
2123 204 2297 240 homines
2326 212 2465 241 rectam
2484 205 2538 241 in-

1481 256 1702 293 tentionem.

1535 311 1593 345 An
1622 320 1760 346 PRiMUM
1787 320 1886 345 ERGO
1905 320 2089 345 DlCENDUM
2109 308 2224 356 quod,
2247 308 2341 344 sicut
2364 309 2538 356 Augusti-

1482 374 1553 398 nus
1573 361 1671 409 dicit,
1698 362 1837 398 Contra
1855 363 1996 406 Faust.,
2023 361 2117 398 libro
2147 362 2196 398 IV
2216 360 2257 407 ³⁸,
2287 361 2323 397 in
2354 361 2423 397 illis
2451 368 2538 398 tem-

1475 414 1671 462 poralibus
1683 414 1879 461 promissis
1886 415 2046 463 figurae
2054 415 2217 462 fuerunt
2221 415 2449 462 futurorum
2467 415 2539 462 spi-

1482 466 1685 512 ritualium,
1706 478 1803 514 quae
1822 466 2022 514 implentur
2039 467 2076 502 in
2097 467 2212 503 nobis.
2239 467 2412 503 Carnalis
2439 468 2537 504 enim

1476 519 1639 566 populus
1660 519 1857 567 promissis
1883 519 1982 556 vitae
2010 520 2218 566 praesentis
2245 519 2478 556 inhaerebat:
2506 526 2542 556 et

1483 571 1632 608 illorum
1661 583 1735 608 non
1771 577 1914 608 tantum
1942 571 2092 621 lingua,
2120 572 2186 608 sed
2211 573 2322 608 etiam
2350 573 2425 609 vita
2447 585 2538 621 pro-

1477 624 1625 672 phetica
1643 624 1735 671 fuit.
2030 655 2034 660 .

1536 679 1594 713 AD
1622 687 1811 713 SECUNDUM
1831 688 2014 713 DlCENDUM
2043 676 2148 725 quod
2167 676 2248 713 illae
2277 677 2539 714 retributiones

1484 728 1658 765 dicuntur
1687 741 1767 765 esse
1797 728 1973 765 divinitus
2002 729 2120 766 factae
2145 731 2355 766 secundum
2385 743 2539 779 compa-

1484 782 1670 818 rationem
1699 782 1747 818 ad
1772 780 1940 818 divinam
1969 782 2197 818 motionem:
2222 795 2301 819 non
2329 790 2454 819 autem
2483 795 2540 820 se-

1485 834 1652 870 cundum
1682 841 1895 882 respectum
1919 835 1967 870 ad
1987 834 2165 871 malitiam
2186 835 2403 872 voluntatis.
2427 837 2540 872 Prae—

1485 887 1593 934 cipue
1614 893 1798 935 quantum
1819 886 1867 923 ad
1894 898 2023 934 regem
2043 887 2260 934 Babylonis,
2281 888 2345 935 qui
2373 900 2450 924 non
2470 889 2540 925 im-

1484 939 1667 987 pugnavit
1681 939 1829 987 Tyrum
1850 939 1958 987 quasi
1971 939 2105 976 volens
2120 941 2205 976 Deo
2221 940 2373 987 servire,
2390 941 2457 978 sed
2472 954 2540 989 po-

1485 992 1556 1028 tius
1575 999 1616 1028 ut
1636 991 1706 1028 sibi
1727 991 1939 1028 dominium
1963 1000 2172 1040 usurparet.
2188 1014 2215 1019 —
2230 993 2408 1030 Similiter
2427 994 2540 1031 etiarn

1485 1044 1722 1090 obstetrices,
1757 1044 1843 1080 licet
1878 1045 2093 1081 habuerunt
2126 1045 2268 1081 bonam
2305 1046 2539 1083 voluntatem

1486 1105 1669 1146 quantum
1698 1097 1748 1134 ad
1775 1097 2037 1134 liberationem
2065 1110 2284 1146 puerorum,
2301 1111 2385 1135 non
2412 1106 2540 1135 tamen

1484 1150 1552 1187 fuit
1572 1162 1701 1187 earum
1727 1157 1826 1187 recta
1845 1151 2020 1187 voluntas
2049 1159 2233 1199 quantum
2262 1151 2311 1188 ad
2336 1152 2411 1188 hoc
2436 1152 2541 1201 quod

1484 1203 1728 1240 mendacium
1758 1203 2032 1240 confinxerunt.

1537 1259 1596 1293 Ao
1624 1267 1784 1293 TERTIUM
1803 1268 1986 1294 DlCENDUM
2005 1257 2110 1305 quod
2128 1257 2351 1305 temporalia
2370 1258 2469 1294 mala
2488 1257 2542 1294 in-

1482 1309 1662 1357 fliguntur
1675 1309 1714 1346 in
1733 1321 1899 1357 poenam
1915 1309 2056 1358 impiis:
2072 1309 2296 1358 inquantum
2317 1322 2386 1358 per
2400 1322 2444 1347 ea
2462 1322 2541 1347 non

1483 1363 1711 1399 adiuvantur
1738 1363 1787 1399 ad
1815 1362 2124 1399 consecutionem
2147 1363 2247 1399 vitae
2276 1370 2462 1400 aeternae.
2484 1364 2542 1399 Iu-

1484 1415 1548 1451 stis
1568 1422 1707 1461 autem,
1728 1414 1792 1463 qui
1810 1427 1880 1464 per
1897 1415 2115 1452 huiusmodi
2135 1416 2235 1452 mala
2255 1415 2441 1462 iuvantur,
2463 1428 2542 1453 non

1484 1476 1571 1505 sunt
1597 1479 1761 1517 poenae,
1781 1468 1850 1504 sed
1877 1467 1998 1515 magis
2027 1467 2251 1514 medicinae,
2271 1476 2313 1504 ut
2340 1469 2453 1506 etiam
2483 1482 2543 1505 su-

1483 1533 1552 1570 pra
1579 1520 1599 1542 ’¹'
1628 1520 1771 1558 dictum
1801 1528 1866 1557 est.

1538 1575 1597 1610 Αι)
1619 1573 1821 1616 QUARTUM*
1838 1585 2022 1611 nlcENDUM
2043 1573 2148 1622 quod
2163 1573 2294 1610 omnia
2314 1586 2436 1623 aeque
2457 1587 2543 1612 eve-

1484 1627 1591 1664 niunt
1610 1626 1720 1663 bonis
1740 1633 1778 1663 et
1795 1626 1917 1673 malis,
1938 1633 2122 1675 quantum
2142 1626 2190 1663 ad
2219 1627 2341 1675 ipsam
2371 1628 2543 1664 substan-

1484 1680 1574 1716 tiam
1613 1680 1805 1716 bonorum
1838 1680 1901 1716 vel
1935 1680 2124 1716 malorum
2160 1680 2437 1728 temporalium.
2466 1682 2542 1718 Sed

1484 1745 1564 1769 non
1582 1740 1768 1781 quantum
1789 1732 1837 1770 ad
1855 1732 1990 1769 finem:
2011 1732 2100 1781 quia
2119 1732 2210 1769 boni
2232 1745 2301 1781 per
2324 1734 2542 1770 huiusmodi

1484 1786 1792 1823 manuducuntur
1815 1785 1863 1822 ad
1890 1785 2174 1833 beatitudinem,
2195 1798 2273 1822 non
2292 1794 2420 1823 autem
2440 1787 2541 1823 mali.

1537 1840 1586 1875 Et
1613 1839 1708 1875 haec
1737 1838 1785 1876 de
1813 1838 2020 1875 moralibus
2048 1838 2086 1875 in
2115 1839 2312 1876 communi
2341 1839 2439 1876 dicta
2467 1840 2544 1876 suf-

1482 1891 1621 1928 ficiant.

1485 2004 1703 2064 DEgi-li'iibeam’
1720 2017 1739 2023 —-
1757 2004 1855 2029 habent
1876 2004 1978 2029 codices
1997 2009 2023 2029 et
2040 2011 2067 2029 a.
2083 2018 2102 2023 —
2120 2004 2171 2028 Pro
2189 2004 2290 2034 habito,
2310 2004 2352 2029 vel
2369 2004 2459 2029 habito
2477 2005 2543 2030 ΑΒΕ

1046 2152 1378 2186 Commentaria
1401 2153 1649 2186 Cardinah's
1672 2152 1872 2186 Caietani

399 2253 419 2274 N
442 2242 575 2274 articulo
600 2242 724 2273 decimo
748 2241 889 2272 eiusdem
913 2241 1116 2282 quaestionis,
1142 2248 1172 2272 et
1194 2241 1308 2272 ultimo
1330 2242 1427 2274 totius

371 2256 469 2318 llibri
492 2287 603 2323 huius,
628 2293 704 2317 nota
727 2285 795 2316 tria.
824 2285 950 2322 Primo,
974 2286 1063 2327 quod
1087 2295 1161 2316 cum
1184 2285 1296 2317 dicitur
1320 2286 1427 2316 omnia

368 2331 421 2362 illa
445 2331 562 2372 quibus
585 2330 686 2361 homo
710 2329 876 2360 adiuvatur
898 2330 939 2360 ad
961 2328 1209 2370 perveniendum
1231 2331 1271 2360 ad
1294 2331 1428 2362 beatitu-

369 2375 476 2406 dinem
492 2381 566 2415 post
580 2374 717 2415 primam
740 2373 882 2414 gratiam,
908 2374 1016 2405 cadere
1033 2375 1092 2405 sub
1106 2373 1220 2405 merito
1235 2374 1426 2414 simpliciter,

367 2419 610 2459 intelligendum
625 2425 672 2449 est
687 2419 726 2448 de
742 2418 892 2448 omnibus
908 2418 1096 2449 habentibus
1111 2418 1268 2450 rationem
1282 2419 1407 2449 termini
1420 2427 1426 2448 :

368 2473 408 2494 ne
424 2463 463 2494 sit
476 2463 620 2504 quaestio
645 2463 683 2493 de
707 2462 944 2493 conservatione
968 2469 999 2493 et
1014 2462 1256 2503 perseverantia;
1280 2473 1361 2504 quae
1385 2470 1427 2494 ta-

367 2517 442 2538 men
465 2507 506 2537 ad
528 2507 664 2547 primam
687 2506 819 2546 gratiam
842 2514 981 2547 spectare
1005 2506 1066 2537 dici
1088 2513 1232 2547 possunt.

424 2551 581 2587 Secundo,
606 2551 695 2592 quod
723 2550 804 2582 sicut
827 2551 950 2581 bonurn
973 2557 1019 2582 est
1042 2551 1169 2592 duplex,
1194 2551 1376 2592 simpliciter
1399 2559 1429 2582 et

369 2595 547 2626 secundum
569 2595 657 2635 quid,
681 2595 725 2626 ita
747 2595 907 2626 meritum.
927 2595 968 2625 Et
991 2595 1104 2626 merito
1128 2595 1319 2636 simpliciter,
1339 2597 1427 2637 quod

369 2646 415 2670 est
437 2638 587 2669 meritum
608 2638 733 2679 gratiae,
757 2640 928 2679 respondet
950 2639 1073 2670 bonum
1096 2639 1290 2680 simpliciter:
1315 2640 1428 2670 merito

368 2683 546 2714 secundum
564 2682 643 2724 quid
664 2683 836 2723 respondet
854 2683 977 2714 bonum
1001 2684 1177 2714 secundum
1199 2684 1291 2725 quid,
1312 2684 1428 2715 scilicet

368 2729 492 2758 bonum
515 2727 689 2767 temporale
712 2727 889 2757 secundum
913 2737 955 2758 se.

420 2771 529 2802 Tertio
553 2771 651 2811 quod,
666 2771 942 2811 quemadmodum
963 2770 996 2801 in
1012 2771 1125 2802 merito
1141 2771 1324 2813 simpliciter
1343 2772 1428 2802 inve-

367 2815 452 2846 nitur
474 2814 576 2855 prima
599 2814 685 2845 radix
708 2814 864 2846 ordinatio
893 2815 998 2846 divina
1025 2825 1082 2856 per
1103 2816 1219 2856 gratiae
1241 2817 1374 2853 donum,
1399 2822 1429 2847 et

366 2860 505 2891 secunda
527 2859 663 2890 liberum
686 2858 865 2896 arbitrium3
888 2859 931 2890 ita
954 2859 987 2890 in
1011 2859 1124 2891 merito
1153 2861 1328 2891 secundum
1352 2860 1429 2902 quid

1480 2242 1638 2272 invenitur
1661 2242 1818 2272 ordinatio
1842 2241 1956 2278 divina,
1978 2252 2044 2273 non
2066 2252 2123 2283 per
2145 2242 2286 2282 gratiam,
2310 2243 2384 2283 quia
2409 2253 2473 2273 non
2497 2251 2543 2275 est

1482 2286 1601 2326 aliquid
1625 2287 1776 2317 excedens
1791 2293 1947 2323 naturam,
1962 2287 2016 2317 sed
2036 2296 2093 2327 per
2108 2286 2307 2327 propositum
2330 2288 2543 2328 consequendi

1481 2331 1560 2361 illud
1583 2330 1772 2370 temporale:
1797 2337 1827 2361 et
1849 2330 1985 2361 liberum
2007 2330 2171 2362 arbitrium
2194 2341 2328 2370 operans
2353 2341 2411 2371 pro
2435 2342 2543 2362 conse-

1483 2375 1609 2405 cutione
1632 2375 1726 2405 illius.
1750 2375 1794 2405 Ut
1810 2374 1854 2405 sic
1875 2375 1915 2405 sit
1935 2375 2282 2406 meritumesecundum
2302 2375 2380 2415 quid
2402 2376 2541 2406 hominis

1483 2419 1568 2459 apud
1591 2419 1698 2449 Deum
1713 2418 1993 2459 proportionaliter
2015 2419 2096 2450 sicut
2123 2419 2271 2449 meritum
2291 2419 2487 2459 simpliciter;
2512 2427 2542 2450 et

1482 2473 1601 2493 merces
1625 2464 1663 2493 ab
1687 2463 1800 2493 eodem
1828 2463 1990 2500 reddatur,
2011 2463 2066 2504 qui
2089 2470 2174 2493 tanta
2203 2463 2342 2493 bonitate
2366 2463 2481 2499 affluit,
2506 2471 2542 2494 ut

1483 2508 1577 2538 etiam
1600 2507 1681 2538 inter
1703 2507 1801 2537 malas
1826 2514 1947 2538 nostras
1970 2508 2163 2544 voluntates,
2187 2507 2321 2547 gaudeat
2343 2517 2375 2537 se
2399 2507 2542 2538 ordinare

1483 2562 1580 2593 opera
1594 2561 1675 2592 quae
1691 2558 1879 2582 remuneret.
1896 2551 1956 2582 Cur
1979 2562 2024 2582 S1r
2039 2561 2146 2583 norton
2160 2561 2198 2581 ET
2222 2561 2336 2581 GLomA
2352 2561 2383 2580 m
2407 2561 2541 2581 sancum

1483 2605 1693 2626 SAECULORUM.
1709 2598 1811 2626 Amin.

1538 2640 1579 2670 Et
1594 2640 1669 2670 haec
1685 2640 1793 2680 quoad
1805 2639 1975 2680 praesentis
1991 2639 2094 2679 operis
2110 2638 2349 2679 expositionem,
2366 2639 2542 2669 secundum

1483 2684 1603 2724 proprii
1622 2683 1773 2724 ingenioli
1797 2683 1986 2720 facultatem,
2003 2683 2085 2714 dicta
2107 2689 2181 2713 sunt
2195 2683 2235 2713 ad
2255 2682 2476 2713 exaltationem
2490 2693 2542 2713 ve-

1482 2728 1581 2759 ritatis
1597 2735 1627 2758 et
1642 2727 1802 2758 doctrinae
1818 2726 1882 2757 divi
1896 2727 2053 2758 Thomae.
2070 2727 2201 2763 Romae,
2223 2736 2307 2757 anno
2330 2726 2438 2757 salutis
2455 2737 2539 2763 mnxr,

1483 2772 1591 2802 aetatis
1618 2782 1692 2802 vero
1716 2781 1805 2802 meae
1826 2781 1914 2808 nm,
1939 2771 1989 2802 die
2010 2782 2082 2802 xx1x
2105 2771 2221 2801 mensis
2244 2770 2434 2801 Decembris.
2460 2771 2540 2806 Deo,

1483 2827 1575 2846 mvmz
1599 2817 1734 2852 MARxAE,
1750 2826 1824 2846 urvo
1848 2816 1994 2852 Tnomn,
2011 2825 2241 2846 UNIVRRSAEGUE
2265 2824 2408 2844 cAELEsrr
2432 2824 2541 2844 cuman

1484 2870 1621 2892 omi-12³⁵.
1638 2862 1740 2891 ΑΜΕΝ.

2567 369 2575 378 ·
2591 368 2648 396 Cap.
2664 374 2690 390 u.

2569 1529 2580 1539 ⁸
2602 1528 2650 1556 Qu.
2669 1535 2780 1556 Lxxxvu,

2570 1559 2613 1577 art.
2627 1561 2639 1582 7
2653 1561 2664 1576 s
2682 1571 2688 1577 .

2570 1583 2579 1591 ·
2593 1583 2650 1609 Arg.
2683 1581 2713 1603 ed
2723 1587 2780 1604 eon-

2569 1610 2618 1629 tra.
