2840 4010
101 1751 110 1761 “
125 1751 176 1771 Art.
190 1756 211 1778 3.

103 3370 182 3397 Cap.
192 3375 242 3396 vm,
258 3375 280 3390 n

105 3408 115 3412 -
145 3397 170 3418 S.
184 3396 230 3418 Th.
263 3396 314 3418 lect.

352 184 402 220 74

350 253 506 289 vertitur
525 253 561 289 in
590 259 784 289 naturam:
813 253 875 288 vel
905 259 958 287 est
979 251 1102 298 aliqua
1131 250 1408 298 aegritudinalis

350 306 533 342 habitudo
563 317 607 341 ex
634 312 740 353 parte
770 303 950 351 corporis,
978 303 1073 339 sicut
1101 303 1234 351 aliquis
1262 304 1408 340 habens

351 359 537 406 quasdam
567 358 754 394 naturales
782 356 1043 392 inclinationes
1063 356 1111 392 ad
1131 356 1257 403 aliqua
1275 368 1409 404 pecea-

351 420 398 459 ta,
419 418 574 460 propter
596 409 876 456 corruptionem
898 415 1054 444 naturae
1078 408 1115 444 in
1139 408 1222 456 ipso
1238 413 1264 444 Υ.
1281 429 1305 436 —
1322 409 1407 446 Alio

352 464 469 500 modo
500 462 678 508 contingit
713 461 817 508 quod
846 461 1023 496 voluntas
1059 473 1128 509 per
1156 473 1196 497 se
1224 461 1342 498 tendit
1369 462 1408 499 in

351 516 502 564 aliquod
532 516 688 560 malum,
719 525 786 560 per
815 513 1070 550 remotionem
1097 513 1253 551 alicuius
1281 515 1407 563 prohi-

350 569 482 605 bentis.
513 569 607 604 Puta
632 567 661 602 si
688 565 821 612 aliquis
844 565 1091 613 prohibeatur
1109 564 1122 588 δ
1146 579 1305 615 peccare
1330 580 1408 604 non

350 621 437 669 quia
472 627 672 668 peccatum
702 618 736 653 ei
769 619 981 655 secundum
1010 631 1050 655 se
1089 619 1303 668 displiceat,
1340 621 1407 657 sed

348 681 500 721 propter
519 684 627 719 spem
646 671 745 707 vitae
773 678 948 708 aeternae
968 673 1031 708 vel
1055 680 1212 720 propter
1230 673 1406 709 timorem

347 727 561 773 gehennae;
586 731 732 760 remota
752 736 819 772 spe
847 736 916 772 per
945 724 1259 773 desperationem,
1285 727 1347 761 vel
1365 725 1408 761 ti-

347 790 454 814 more
470 790 537 826 per
551 776 917 825 praesumptionem,
939 777 1108 825 sequitur
1123 779 1227 826 quod
1244 790 1287 814 ex
1308 786 1408 814 certa

348 830 496 876 malitia,
527 830 635 877 quasi
664 830 808 877 absque
836 830 955 876 freno,
985 838 1125 878 peccet.

401 884 462 919 Sic
478 883 586 930 igitur
600 890 703 931 patet
718 884 823 929 quod
838 890 1037 931 peccatum
1054 882 1158 930 quod
1175 890 1230 918 est
1246 895 1290 918 ex
1307 890 1406 918 certa

346 935 498 983 malitia,
520 948 673 984 semper
699 935 973 984 praesupponit
999 935 1036 972 in
1057 934 1213 971 homine
1239 935 1406 983 aliquam

345 989 674 1035 inordinationem,
706 1000 803 1036 quae
823 996 950 1024 tamen
980 1000 1058 1024 non
1086 999 1239 1036 semper
1268 995 1323 1024 est
1340 988 1406 1025 ha-

344 1041 455 1078 bitus.
472 1042 583 1079 Unde
603 1054 680 1078 non
698 1049 751 1077 est
771 1040 1027 1076 necessarium
1048 1041 1152 1088 quod
1172 1041 1406 1089 quicumque

344 1102 475 1143 peccat
495 1107 539 1131 ex
559 1102 660 1131 certa
679 1093 832 1139 malitia,
853 1101 984 1142 peccet
1005 1105 1050 1130 ex
1069 1093 1211 1130 habitu.

984 174 1249 219 QUAESTIO
1279 173 1489 221 LXXVIII,
1518 174 1815 212 ARTICULUS
1844 177 1895 212 IV

1516 254 1574 288 An
1595 263 1732 289 PRIMUM
1751 264 1850 290 ERGO
1869 265 2053 292 mensuum
2072 257 2178 304 quod
2194 256 2343 306 operari
2362 256 2522 306 qualiter
2545 259 2547 261 ’

1464 304 1621 341 iniustus
1651 313 1840 353 operatur,
1866 318 1944 343 non
1973 308 2099 345 solum
2125 317 2184 346 est
2212 309 2359 358 operari
2388 310 2523 346 iniusta

1465 369 1509 393 ex
1539 365 1639 394 certa
1667 357 1818 404 malitia,
1840 359 1907 395 sed
1936 359 2048 396 etiam
2079 361 2357 409 delectabiliter,
2379 370 2415 399 et
2443 362 2524 399 sine

1463 410 1569 458 gravi
1592 410 1722 447 renisu
1751 411 1916 447 rationis.
1939 412 2055 458 Quod
2085 425 2163 450 non
2183 422 2241 451 est
2257 414 2329 451 nisi
2357 416 2436 451 eius
2460 414 2524 463 qui

1463 464 1578 499 habet
1606 463 1790 500 habitum.

1515 518 1575 552 An
1595 528 1785 553 SECUNDUM
1805 528 1989 553 DICENDUM
2009 518 2113 565 quod
2134 529 2212 554 non
2231 519 2363 556 statim
2380 519 2431 556 ad
2449 519 2523 556 hoc

1463 569 1595 617 aliquis
1622 569 1759 606 labitur
1787 570 1893 618 quod
1921 581 1972 606 ex
1995 578 2095 607 certa
2122 571 2261 607 malitia
2289 579 2430 620 peccet,
2451 572 2523 608 sed

1462 622 1782 670 praesupponitur
1808 622 1965 670 aliquid.
1985 624 2089 671 quod
2117 630 2246 660 tamen
2267 635 2346 660 non
2374 633 2525 703 semper

1465 681 1518 709 est
1546 674 1709 716 habitus,
1730 682 1771 711 ut
1799 674 1939 711 dictum
1970 685 2024 712 est
2050 676 2079 712 ³³.

1516 727 1575 762 An
1593 737 1753 763 ‘reru-nm
1781 738 1964 764 DICENDUM
1993 729 2097 777 quod
2116 729 2207 765 illud
2236 735 2390 777 propter
2418 729 2522 777 quod

1462 779 1640 814 voluntas
1659 778 1857 816 inclinatur
1883 781 1931 817 ad
1951 783 2110 829 malurn,
2131 794 2210 819 non
2239 793 2392 830 semper
2418 780 2523 817 habi-

1462 838 1521 866 tus
1551 838 1605 867 est
1632 832 1693 867 vel
1712 832 1852 879 passio,
1877 833 1944 869 sed
1964 835 2153 882 quaedam
2173 834 2245 871 alia
2263 839 2286 882 ⁸,
2313 841 2355 871 ut
2378 832 2521 870 dictum

1464 889 1518 919 est
1544 883 1575 919 ⁹¹⁸.

1515 937 1574 972 AD
1603 947 1775 978 QUARTUM
1796 937 1821 968 v*
1848 949 2033 975 mcENDUM
2061 940 2167 986 quod
2198 953 2277 977 non
2306 947 2361 976 est
2393 939 2522 976 similis

1463 989 1556 1025 ratio
1578 988 1624 1025 de
1646 988 1828 1026 electione
1849 990 1952 1037 boni,
1974 998 2011 1026 et
2030 991 2076 1027 de
2098 993 2279 1029 electione
2299 992 2400 1029 mali.
2422 991 2522 1038 Quia

1443 1038 1606 1078 ‘malum
1637 1053 1835 1090 nunquam
1865 1050 1920 1079 est
1948 1043 2028 1080 sine
2049 1044 2151 1080 bono
2173 1053 2346 1082 naturae:
2367 1045 2435 1082 sed
2455 1046 2521 1082 bo-

1462 1106 1556 1131 num
1583 1102 1708 1143 potest
1737 1107 1819 1131 esse
1848 1095 1928 1133 sine
1957 1097 2059 1133 malo
2088 1097 2222 1146 culpae
2250 1098 2442 1146 persenam
2507 1122 2513 1151 J

395 1209 421 1242 γ)
442 1209 506 1240 ipso.
525 1222 542 1227 -
561 1207 625 1239 ipsis
644 1207 912 1239 ACDEFGHIKLpB.

395 1244 419 1276 δ)
436 1243 620 1275 prohibeatur.
637 1256 656 1260 —
671 1242 813 1274 prohibeat
831 1242 877 1266 Ρα.

1011 1321 1345 1354 Commenta-ria
1368 1322 1619 1355 Cardjnalis
1641 1323 1842 1355 Caietani

372 1413 391 1432 N
407 1401 539 1432 articulo
559 1399 651 1431 tertio
676 1399 818 1430 eiusdem
842 1400 1222 1440 septuagesimaeoctavae
1246 1400 1404 1441 quaestio-

345 1414 430 1482 Inis,
447 1444 581 1475 dubium
599 1443 734 1474 occurrit
744 1445 911 1484 quomodo
926 1451 1008 1475 stant
1023 1444 1101 1474 haec
1114 1444 1179 1475 duo
1197 1444 1304 1481 simul,
1317 1445 1406 1485 quod

341 1500 469 1530 peccare
494 1499 529 1519 ex
553 1487 671 1518 malitia
696 1487 774 1517 nihil
798 1488 885 1518 aliud
908 1488 947 1518 sit
971 1498 1068 1528 quam
1091 1489 1288 1519 voluntatem
1303 1499 1340 1518 ex
1357 1499 1403 1519 se-

340 1535 407 1574 ipsa
431 1532 552 1563 moveri
575 1533 615 1562 ad
638 1532 773 1562 malum:
800 1539 829 1562 et
852 1533 940 1572 quod
964 1539 1071 1572 peccat
1095 1543 1131 1562 ex
1155 1532 1274 1563 malitia
1297 1533 1404 1573 quiex

340 1576 558 1618 aegritudinali
570 1576 753 1606 habitudine
766 1576 907 1615 corporis
920 1577 959 1605 ad
973 1577 1094 1606 malurn
1108 1584 1263 1607 movetur.
1277 1577 1404 1607 Utrum-

341 1632 402 1663 que
427 1621 511 1651 enim
539 1621 571 1650 in
600 1621 661 1650 hoc
686 1620 816 1650 articulo
842 1620 961 1652 dicitur.
987 1621 1028 1650 Et
1051 1630 1116 1650 non
1145 1630 1294 1651 consone.
1320 1621 1405 1658 Quia

341 1666 439 1705 magis
457 1665 548 1695 distat
565 1675 582 1694 a
598 1664 760 1694 voluntate
783 1663 948 1694 infirmitas
969 1665 1108 1705 corporis
1126 1675 1223 1704 quarn
1240 1664 1404 1695 infirmitas

341 1710 473 1744 animae,
494 1718 575 1749 quae
598 1708 630 1738 in
655 1707 894 1738 deordinatione
914 1708 1072 1749 appetitu-s
1089 1709 1227 1739 sensitivi
1252 1708 1402 1745 consistit,

340 1761 375 1784 ut
398 1754 430 1783 in
455 1752 639 1793 quaestione
659 1751 887 1792 praecedenti*
906 1753 1026 1782 dictum
1047 1760 1107 1783 est:
1129 1760 1159 1783 et
1178 1760 1300 1784 constat
1314 1754 1403 1795 quod

340 1807 471 1838 peccans
487 1807 523 1827 ex
541 1795 722 1826 infirmitate
745 1795 851 1831 animi,
876 1804 984 1836 peccat
1007 1807 1072 1827 non
1088 1807 1123 1827 ex
1143 1797 1271 1833 malitia,
1296 1798 1350 1827 sed
1367 1807 1403 1827 ex

340 1842 496 1882 passione.
521 1841 618 1881 Igitur
640 1850 773 1879 peccans
798 1850 834 1869 ex
858 1840 1075 1880 aegritudinali
1099 1841 1309 1881 dispositione
1333 1851 1402 1872 cor—

340 1885 435 1927 poris,
461 1895 527 1915 non
550 1891 658 1924 peccat
681 1894 718 1914 ex
740 1883 868 1914 malitia.

394 1930 435 1960 Et
458 1928 673 1961 confirmatur.
694 1928 778 1965 Quia
801 1935 911 1958 neutra
929 1928 1105 1959 infirmitas
1118 1929 1210 1969 ponit
1228 1928 1348 1971 aliquid
1369 1929 1403 1959 111

339 1974 502 2004 voluntate
525 1982 580 2012 per
597 1972 684 2013 quod
707 1972 874 2003 inclinetur
889 1972 991 2012 seipsa
1005 1973 1038 2003 in
1055 1973 1187 2003 malum.
1201 1990 1223 1996 -
1240 1973 1339 2010 Quod
1357 1979 1404 2004 est

339 2018 434 2058 igitur
455 2018 495 2047 ad
518 2017 658 2057 primum
682 2017 818 2047 modurn
833 2016 867 2047 in
885 2016 987 2048 littera
1003 2017 1154 2057 positum,
1173 2027 1239 2058 quo
1255 2017 1402 2049 voluntas

340 2072 376 2092 ex
399 2061 500 2102 seipsa
524 2067 670 2091 movetur
692 2060 725 2090 in
749 2061 880 2091 malum.

394 2106 430 2136 II.
448 2106 499 2136 Ad
514 2104 576 2135 hoc
592 2104 704 2135 dicitur
721 2105 819 2146 quod,
840 2105 915 2145 quia
938 2104 1019 2135 inter
1034 2105 1211 2145 appetitum
1232 2105 1402 2136 animalem

340 2157 370 2180 et
392 2149 568 2180 naturalem
591 2149 667 2179 haec
687 2155 733 2179 est
757 2148 937 2185 differentia,
955 2149 1043 2189 quod
1060 2149 1210 2180 naturalis
1235 2156 1280 2180 est
1296 2150 1400 2190 primo

339 2194 444 2234 partis,
462 2193 606 2223 animalis
625 2202 699 2223 vero
716 2199 762 2223 est
778 2193 882 2233 primo
899 2193 1011 2232 totiu5;
1029 2193 1188 2233 appetitus
1208 2193 1294 2224 enim
1316 2194 1401 2224 oculi

339 2239 378 2268 ad
401 2238 572 2268 videndum
597 2243 643 2268 est
674 2236 778 2277 primo
803 2237 907 2273 oculi,
929 2237 1077 2268 voluntas
1101 2245 1208 2268 autem
1239 2238 1401 2269 irascibilis

340 2289 370 2313 et
393 2278 646 2322 concupiscibilis
669 2288 744 2312 sunt
764 2281 869 2321 primo
890 2281 1004 2312 totius:
1028 2281 1101 2312 ideo
1129 2282 1286 2322 appetitus
1310 2289 1400 2313 natu-

340 2326 410 2356 ralis
434 2336 499 2356 non
523 2325 659 2356 variatur
682 2325 741 2355 nisi
765 2326 942 2356 secundum
959 2325 1202 2366 dispositionem
1225 2326 1308 2357 iuius
1331 2336 1401 2367 par-

341 2370 392 2407 tis;
410 2370 682 2411 qualitercumque
707 2370 791 2399 enim
815 2369 915 2399 homo
940 2369 979 2400 sit
1002 2369 1190 2410 dispositus,
1211 2371 1310 2401 modo
1335 2380 1400 2401 non

306 2427 309 2429 “
339 2415 494 2445 redundet
505 2414 538 2444 in
550 2414 691 2449 oculum,
708 2414 822 2444 eodem
837 2414 936 2444 modo
950 2424 982 2444 se
999 2413 1126 2445 habebit
1141 2414 1300 2455 appetitus
1317 2414 1400 2445 oculi

340 2459 379 2488 ad
398 2458 571 2489 videndum
590 2465 620 2488 et
644 2467 709 2488 non
728 2458 911 2489 videndum.
937 2458 1106 2498 Appetitus
1131 2465 1237 2489 autern
1258 2458 1401 2489 animalis

340 2507 406 2533 non
423 2503 529 2533 solum
547 2502 724 2533 secundum
743 2502 905 2542 propriam
925 2502 1167 2542 dispositionem
1184 2502 1330 2539 variatur,
1347 2503 1402 2534 sed

1512 1209 1534 1241 ε)
1553 1209 1683 1241 quaedam
1702 1209 1766 1234 alia.
1783 1223 1802 1228 —
1819 1209 1947 1241 quiddam
1966 1210 2042 1235 aliud
2061 1210 2107 1235 Pa.

1459 1401 1636 1432 secundum
1659 1401 1771 1437 totius,
1797 1411 1853 1432 seu
1877 1401 2049 1442 suppositi,
2074 1402 2331 1442 dispositionem:
2355 1388 2443 1441 115111
2447 1413 2524 1442 11911

1458 1445 1565 1476 50111111
1593 1445 1680 1476 aliter
1703 1455 1735 1475 se
1758 1445 1852 1476 habet
1874 1446 2022 1483 voluntas
2050 1446 2257 1486 dispositione
2277 1447 2327 1478 vel
2354 1446 2477 1486 habitu
2469 1447 2522 1495 [tq

1458 1489 1560 1530 seipsa
1579 1489 1696 1525 affecta,
1722 1496 1751 1519 et
1770 1499 1836 1519 non
1860 1489 1981 1526 affecta;
2007 1491 2061 1520 sed
2081 1490 2175 1521 etiam
2194 1488 2281 1521 aliter
2300 1501 2333 1521 se
2351 1491 2446 1522 habet
2463 1501 2519 1520 vo-

1456 1533 1561 1563 luntas
1577 1533 1716 1563 hominis
1733 1533 1832 1564 affecti
1849 1534 1954 1574 aliqua
1968 1534 2174 1574 dispositione
2189 1535 2239 1565 vel
2254 1535 2373 1566 habitu.
2390 1535 2431 1566 Et
2446 1535 2519 1566 inde

1457 1577 1603 1617 provenit
1618 1578 1706 1618 quod
1730 1577 1830 1607 homo
1852 1584 1918 1608 tam
1939 1579 2115 1608 secundum
2138 1579 2315 1619 appetitum
2334 1579 2520 1610 sensitivum

1457 1621 1637 1652 habituatus
1661 1622 1769 1662 aliquo
1789 1621 1876 1657 vitio,
1897 1631 1994 1662 quam
2011 1623 2188 1653 secundum
2211 1623 2409 1663 corporalem
2432 1633 2518 1654 com-

1457 1665 1636 1706 plexionem
1659 1665 1850 1695 inclinatus
1843 1675 1875 1695 111
1891 1666 2021 1706 aliquod
2045 1667 2225 1697 delectabile
2242 1667 2435 1698 contrarium
2455 1677 2519 1698 rec-

1457 1716 1506 1740 tae
1522 1709 1647 1747 rationi,
1670 1709 1758 1740 aliter
1781 1719 1813 1739 se
1834 1709 1928 1740 habet
1951 1708 2127 1741 secundum
2142 1711 2349 1748 voluntatem,
2367 1721 2465 1752 quam
2480 1711 2520 1742 sit

1457 1751 1522 1783 no'n
1535 1753 1714 1784 habituatus
1731 1761 1785 1784 aut
1801 1753 1977 1785 inclinatus.
1990 1755 2074 1791 Quia
2086 1754 2171 1784 enim
2187 1755 2288 1796 qualis
2299 1755 2519 1806 unusquisque

1457 1804 1513 1829 est.
1530 1797 1604 1828 talia
1621 1797 1648 1827 ei
1666 1804 1855 1833 consonant;
1877 1805 1907 1828 et
1922 1799 2062 1828 naturale
2079 1805 2125 1829 est
2139 1799 2295 1830 voluntati
2309 1799 2405 1830 ferri'
2397 1810 2430 1830 111
2444 1809 2519 1830 5011-

1457 1851 1574 1872 sonans
1585 1841 1645 1881 ipsi
1659 1841 1792 1872 volenti:
1809 1842 1882 1872 ideo
1900 1842 1994 1873 etiam
2008 1842 2034 1872 si
2048 1843 2219 1885 voluntas
2211 1854 2279 1884 ipsa
2294 1844 2471 1896 secundum

1456 1895 1522 1916 non
1539 1885 1578 1916 sit
1593 1885 1683 1916 aliter
1698 1885 1859 1926 disposita,
1876 1885 1951 1926 quia
1970 1893 2076 1917 tamen
2096 1887 2272 1919 secundum
2287 1888 2419 1926 stiffi-f

1456 1930 1553 1960 situm
1569 1935 1615 1960 est
1630 1929 1718 1961 aliter
1733 1930 1887 1969 disposita
1901 1929 2010 1961 habitu
2024 1931 2076 1961 vel
2087 1930 2163 1972 plus
2170 1935 2279 1971 quam
2289 1923 2414 2012 bithys
2413 1927 2427 1973 ζ’

1456 1974 1512 2004 1511
1535 1973 1653 2005 scilicet
1675 1974 1879 2014 aegritudine,
1899 1974 2012 2005 dicitur
2031 1984 2068 2005 ex
2081 1975 2183 2015 seipsa
2197 1975 2320 2007 moveri
2331 1928 2414 2018 {ff

1456 2017 1600 2058 Utroque
1624 2027 1762 2058 namque
1782 2018 1892 2055 mod0‚
1913 2018 2030 2057 scilicet
2052 2029 2089 2049 ex
2112 2019 2239 2060 propria
2480 2026 2482 2030 “

1457 2072 1493 2092 ex
1517 2061 1724 2112 dispositione
1747 2062 1918 2108 suppositi,
1945 2069 2026 2095 recte
2050 2062 2164 2105 dicitur
2186 2074 2223 2105 ex
2242 2058 2353 2109 seipsa
2370 2063 2523 2143 νῗέμῃῃῇ

1456 2106 1594 2136 moveri:
1620 2106 1786 2156 quoniam
1796 2103 1951 2138 voluntati
1975 2117 2042 2137 non
2065 2097 2170 2138 solum
2194 2107 2343 2159 ipsamet,
2366 2118 2399 2140 se

1456 2150 1607 2190 positum,
1631 2146 1837 2181 intrinsecum
1855 2150 1888 2181 in
1905 2149 2025 2181 ratione
2041 2151 2199 2182 moventis
2222 2155 2277 2189 est',
2279 2132 2474 2203 quamvis

1456 2194 1606 2231 ferenter;
1631 2194 1706 2235 quia
1728 2194 1871 2234 primum
1901 2195 2048 2226 convenit
2070 2195 2103 2226 ei
2118 2201 2173 2227 ut
2184 2196 2334 2228 'convenit
2363 2198 2438 2228 511111
2452 2193 2523 2237 ap?

1455 2238 1555 2278 petitu
1578 2238 1722 2275 naturali,
1747 2239 1924 2270 secundum
1949 2246 2057 2270 autem
2074 2246 2109 2270 ut
2127 2246 2176 2270 est
2187 2240 2346 2281 appetitus
2361 2241 2524 2279 animab?

1456 2282 1637 2322 praesertim
1660 2282 1889 2314 intellectualis
1914 2283 2006 2315 Unde
2022 2284 2056 2325 ly
2079 2294 2121 2315 ex
2136 2285 2205 2324 ipsa
2226 2294 2309 2320 non
2316 2285 2523 2326 distinguin'm

1456 2333 1564 2357 contra
1580 2326 1798 2367 suppositum:
1816 2327 1871 2357 sed
1885 2334 1995 2358 contra
2009 2327 2085 2359 alias
2100 2335 2213 2369 partes,
2227 2335 2263 2362 ut
2274 2328 2329 2366 515,
2344 2339 2428 2374 111155
2443 2335 2518 2379 sunt

1455 2370 1609 2411 principia
1631 2370 1848 2402 humanorum
1880 2368 2020 2408 a'ctuum,
2045 2371 2241 2403 intellectum
2269 2368 2385 2410 scilicet
2410 2379 2442 2407 et
2463 2382 2482 2404 a
2502 2405 2508 2423 γ

1457 2414 1592 2454 petitum
1616 2415 1810 2446 sensitivum.
1827 2415 1905 2446 —Et
1925 2414 1951 2446 si
1974 2425 2040 2446 non
2056 2415 2203 2456 intelligis
2226 2412 2445 2448 inclinationes
2459 2382 2523 2463 iffi«

1457 2459 1644 2498 corporales,
1661 2459 1733 2489 vide
1758 2459 1903 2499 superius
1925 2459 1959 2490 in
1982 2469 2038 2500 qu.
2052 2469 2133 2496 xxxx,
2153 2467 2210 2492 art.
2224 2471 2256 2502 7.

2354 2011 2378 2028 ἰ’

1119 2655 1436 2698 ARTICULUS
1467 2657 1740 2709 QUARTUS

702 2746 856 2777 UTRUM
882 2747 977 2777 ILLE
1002 2747 1076 2784 QUI
1102 2747 1273 2780 PECCAT
1297 2749 1354 2779 EX
1378 2748 1525 2780 CERTA
1548 2749 1745 2786 MALITIA,
1770 2749 1956 2781 GRAVIUS
1979 2748 2150 2781 PECCET

1163 2791 1289 2829 QUAM
1313 2793 1388 2830 QUI
1412 2793 1469 2824 EX
1491 2793 1696 2824 PASSIONE

853 2869 873 2892 II
893 2869 975 2898 Sent,
996 2869 1054 2894 dist.
1073 2877 1146 2901 xun,
1166 2875 1212 2895 art.
1232 2878 1261 2902 43
1282 2871 1324 2896 De
1341 2871 1425 2901 Malo,
1445 2879 1490 2904 qu.
1504 2879 1545 2901 111,
1565 2876 1611 2897 art.
1631 2871 1674 2902 13;
1693 2872 1738 2897 Vll
1759 2872 1854 2901 Ethic„
1874 2873 1930 2898 lect.
1948 2879 2004 2898 vm.
2207 2889 2215 2895 ‚
2444 2896 2445 2899 ,
2480 2883 2522 2903 η(

427 2963 432 2975 ¹
460 2966 528 2991 aa«
551 2960 573 2985 D
593 2959 766 2990 QUARTUM
786 2958 839 2984 s1c
858 2959 1097 2985 PROCEDITUR.
1118 2949 1277 2986 Videtur
1296 2950 1402 2999 quod

367 2971 529 3058 5,fo
551 3001 609 3037 ille
631 3001 694 3050 qui
711 3008 845 3060 peccat
865 3013 909 3037 ex
925 3009 1025 3038 certa
1045 3001 1194 3049 malitia,
1218 3015 1295 3039 non
1314 3015 1401 3051 pec-

359 3053 362 3059 '
379 3085 383 3099 2
420 3066 480 3093 v
491 3035 522 3091 (
553 3061 611 3090 cet
629 3053 781 3101 gravius
801 3066 917 3102 quam
939 3053 998 3090 ille
1018 3054 1082 3103 qui
1101 3063 1232 3103 peccat
1252 3067 1297 3092 ex
1315 3067 1401 3103 pas-

400 3071 520 3135 <³⁴⁹5
512 3095 672 3144 sione.
691 3107 903 3155 Ignorantia
918 3107 1020 3143 enim
1036 3115 1189 3144 excusat
1195 3115 1401 3167 peccatum

342 3159 403 3194 vel
432 3159 470 3196 in
493 3166 572 3196 toto
591 3161 653 3196 vel
677 3159 714 3196 in
733 3167 851 3209 parte.
882 3159 959 3197 Sed
978 3160 1102 3197 maior
1121 3167 1176 3197 est
1194 3160 1403 3209 ignorantia

344 3210 381 3247 in
411 3223 456 3248 eo
490 3212 553 3259 qui
579 3221 712 3261 peccat
746 3225 789 3249 ex
824 3220 923 3250 certa
956 3213 1115 3261 malitia,
1145 3225 1262 3262 quarn
1289 3214 1326 3250 in
1356 3226 1402 3250 eo

345 3263 408 3311 qui
436 3272 567 3312 peccat
596 3278 639 3302 ex
667 3266 865 3314 passione:
896 3278 986 3302 nam
1018 3266 1077 3303 ille
1107 3266 1171 3316 qui
1197 3274 1331 3316 peccat
1359 3278 1403 3303 ex

346 3323 445 3352 certa
473 3317 625 3364 malitia,
654 3318 791 3366 patitur
816 3318 1067 3366 ignorantiam
1096 3319 1280 3369 principii,
1305 3332 1403 3369 quae

293 3376 316 3396 4·
346 3376 400 3405 est
428 3369 605 3416 maxima,
626 3377 667 3406 ut
687 3371 941 3430 Philosophus
962 3372 1060 3420 dicit,
1081 3372 1119 3409 in
1138 3373 1206 3410 VII
1226 3373 1345 3410 Ethic.
1362 3372 1402 3419 *3

344 3422 458 3458 habet
474 3421 575 3458 enim
596 3423 735 3459 malam
757 3424 1070 3462 existimationem
1092 3426 1139 3462 de
1159 3426 1248 3474 fine,
1266 3426 1329 3475 qui
1350 3434 1404 3463 est

343 3474 570 3523 principium
597 3474 634 3511 in
660 3476 873 3524 operativis.
904 3478 1005 3524 Ergo
1026 3478 1145 3526 magis
1166 3487 1363 3516 excusatur
1382 3492 1405 3516 a

1456 2958 1615 2999 peccato
1635 2950 1699 3000 qui
1717 2958 1851 3000 peccat
1869 2963 1915 2988 ex
1935 2959 2036 2988 certa
2063 2951 2216 2999 malitia,
2238 2944 2352 3001 quam
2373 2947 2432 2989 ille
2452 2943 2522 3003 qui3

1457 3010 1589 3052 peccat
1617 3015 1662 3040 ex
1689 3003 1878 3052 passione.
2521 3049 2524 3052 Δ

1512 3068 1547 3093 2.
1568 3057 1800 3103 PRAETEREA,
1821 3064 1963 3105 quanto
1993 3057 2126 3107 aliquis
2154 3057 2270 3095 habet
2297 3048 2522 3118 maius-{1794

1457 3109 1601 3158 pellens
1629 3109 1678 3146 ad
1697 3109 1947 3169 peccandum,
1967 3117 2070 3147 tanto
2091 3110 2216 3149 minus
2240 3117 2393 3160 peccat:
2423 3110 2519 3154 sicut

1457 3169 1560 3221 patet
1588 3161 1634 3198 de
1655 3174 1701 3198 eo
1730 3161 1795 3211 qui
1815 3162 1949 3199 maiori
1977 3163 2123 3223 impetu
2141 3162 2327 3218 passionis
2349 3155 2520 3223 deiicitur

1458 3215 1497 3251 in
1523 3222 1736 3264 peccatum.
1760 3216 1835 3253 Sed
1855 3215 1914 3252 ille
1937 3216 2003 3265 qui
2023 3223 2154 3265 peccat
2173 3228 2218 3254 ex
2248 3224 2347 3254 certa
2365 3204 2520 3264 malitia,

1458 3267 1660 3316 impellitur
1691 3269 1738 3304 ab
1772 3268 1923 3316 habitu,
1955 3269 2060 3306 cuius
2094 3277 2148 3306 est
2175 3268 2308 3315 forti0r
2337 3266 2515 3327 impulsio

1459 3333 1575 3369 quam
1603 3321 1802 3370 passionis.
1833 3322 1935 3370 Ergo
1963 3322 2023 3359 ille
2052 3322 2116 3382 qui
2139 3329 2272 3372 peccat
2298 3333 2344 3360 ex
2371 3319 2514 3368 habitu,

1458 3373 1585 3411 minus
1613 3382 1745 3423 peccat
1772 3387 1887 3423 quarn
1918 3375 1978 3412 ille
2005 3375 2071 3423 qui
2097 3381 2231 3424 peccat
2257 3385 2302 3410 ex
2324 3373 2513 3422 passione.

1514 3428 1548 3464 3.
1570 3428 1801 3475 PRAETEREA,
1823 3440 1981 3476 peccare
2001 3439 2046 3464 ex
2067 3434 2167 3464 certa
2186 3426 2326 3463 malitia
2355 3434 2410 3477 est
2427 3439 2515 3476 pec-

1459 3492 1545 3517 care
1579 3492 1624 3517 ex
1657 3480 1839 3517 electione
1874 3480 1976 3518 mali.
2011 3479 2089 3518 Sed
2115 3479 2175 3517 ille
2210 3478 2274 3527 qui
2302 3474 2434 3528 peccat
2471 3492 2515 3517 ex

2549 678 2598 699 In
2613 682 2721 705 corpore·
2759 679 2763 682 ”

2549 888 2607 910 'Ibi
2611 888 2634 910 d.

2549 947 2626 973 'Ax-g.
2640 945 2691 968 Sed
2703 951 2760 968 con-
