2840 4010
110 1161 120 1171 ⁶
129 1161 161 1182 Ca
181 1176 185 1182 .
196 1166 229 1187 ut,
240 1166 322 1181 n.1o.-

110 1187 134 1208 S.
147 1167 193 1208 Tib.
208 1187 259 1208 lect.
275 1193 308 1208 ιιι.

111 1530 119 1538 ·
136 1528 182 1549 Ver
226 1534 238 1555 3

112 1844 119 1851 ·
137 1843 193 1871 Cap.

112 1870 187 1891 S.Th.
203 1870 208 1890 l
237 1873 245 1890 t

118 2710 126 2717 '
138 2707 172 2728 Cf.
184 2713 221 2734 qu.
236 2713 271 2734 nx,
286 2710 327 2728 art.

352 168 400 203 28

965 166 1229 212 QUAESTIO
1259 165 1433 211 LXXIII,

1464 165 1758 209 ARTicULUs
1789 167 1850 212 lv,
1879 167 1913 202 v

1127 287 1441 339 ARTICULUS
1473 287 1743 338 QUARTUS

558 379 711 409 UTRUM
736 378 949 409 GRAVITAS
973 375 1271 407 PECCATORUM
1295 375 1508 406 DIFFERAT
1533 375 1767 407 SECUNDUM
1791 375 2063 406 DIGNITATEM
2087 377 2316 408 VIRTUTUM

1200 419 1355 456 QUIBUS
1379 419 1675 450 OPPONUNTUR

1065 493 1095 517 11·
1116 493 1167 523 11⁸⁸,
1188 500 1232 525 qu.
1251 500 1291 523 xx,
1311 498 1356 517 art.
1378 492 1406 522 33
1427 493 1468 518 De
1486 492 1568 522 Malo,
1589 501 1632 525 qu.
1651 500 1678 522 11,
1698 498 1744 518 art.
1769 500 1806 517 10.

407 615 413 622 ,
439 592 445 615 ,-
536 593 542 604 2
562 586 584 611 n
605 584 776 615 QUARTUM
794 583 847 608 S1c
867 582 1106 608 PROCEDITUR.
1127 571 1285 608 Videtur
1305 571 1409 620 quod

381 622 435 684 ''J‘'
493 617 525 656 ’3³
563 626 723 673 gravitas
742 631 988 672 peccatorum
1007 636 1086 660 non
1110 623 1256 661 differat
1276 636 1409 660 secun-

367 667 654 725 ¹“quandum
687 677 903 725 dignitatem
930 676 1114 713 virtutum
1148 677 1284 725 quibus
1321 688 1408 724 pec-

355 704 499 766 §ffb—³²
522 720 644 767 &cata
672 737 928 778 opponuntur,
949 737 991 766 ut
1014 729 1152 766 scilicet
1181 729 1316 765 maiori
1334 728 1408 765 vir-

351 785 418 821 tuti
437 784 588 831 gravius
616 790 815 831 peccatum
840 790 1066 831 opponatur.
1089 781 1189 828 Quia
1217 789 1257 818 ut
1277 781 1409 817 dicitur

350 838 461 874 Prov.
482 849 530 873 xv
556 836 596 883 ³¹²,
625 836 662 872 in
691 835 897 872 abundanti
929 836 1063 872 iustitia
1091 835 1208 871 uirtus
1236 834 1407 870 maxima

229 903 242 918 0
258 903 268 918 ⁵
303 913 308 917 ·
350 896 413 926 est.
436 890 511 927 Sed
531 889 625 925 sicut
643 889 732 925 dicit
750 888 951 935 Dominus,
974 888 1141 924 Matth.v
1156 888 1188 933 ⁴,
1209 887 1407 923 abundans

350 942 486 979 iustitia
516 941 667 978 cohibet
694 941 811 986 irarn;
841 953 940 988 quae
971 948 1025 976 est
1053 939 1179 976 minus
1207 946 1407 987 peccatum

351 1008 467 1044 quam
494 994 763 1040 homicidium,
791 994 896 1040 quod
926 992 1077 1029 cohibet
1105 991 1230 1028 minor
1258 991 1405 1028 iustitia.

350 1049 452 1095 Ergo
481 1047 669 1084 maximae
698 1046 823 1083 virtuti
852 1045 1057 1094 opponitur
1089 1044 1291 1088 minimum
1320 1057 1406 1093 pec-

351 1108 486 1137 catum.

403 1165 437 1190 2.
468 1154 698 1198 PRAETEREA,
727 1151 765 1187 in
794 1152 825 1187 II
853 1151 973 1187 Ethic.
994 1149 1013 1171 *
1039 1149 1172 1187 dicitur
1198 1150 1302 1198 quod
1329 1150 1404 1186 vir-

349 1212 405 1251 tus
433 1211 487 1250 est
512 1206 615 1251 ,circa
648 1204 798 1252 difficile
829 1209 866 1241 et
891 1205 1052 1242 bonum:
1081 1215 1126 1239 ex
1154 1215 1230 1251 quo
1258 1202 1407 1240 videtur

349 1258 454 1307 quod
482 1257 604 1294 maior
635 1257 754 1298 virtus
783 1256 827 1295 sit
855 1255 951 1295 circa
988 1256 1113 1304 magis.
1137 1255 1299 1293 difficile.
1330 1255 1406 1292 Sed

350 1311 474 1357 minus
505 1317 559 1353 est
594 1317 796 1358 peccatum
825 1308 855 1347 si
882 1309 1001 1348 horno
1031 1307 1181 1346 deficiat
1213 1308 1252 1345 in
1287 1308 1406 1355 magis

349 1363 500 1410 difficili,
522 1375 638 1411 quam
667 1362 697 1403 Si
726 1361 877 1402 deficiat
904 1362 942 1399 in
971 1361 1096 1400 minus
1125 1360 1278 1398 difficili.
1303 1361 1405 1408 Ergo

350 1416 485 1460 maiori
511 1415 639 1459 virtuti
669 1415 793 1456 minus
820 1421 1020 1463 peccatum
1050 1413 1266 1463 opponitur.

405 1470 438 1516 3.
465 1470 703 1515 PRAETEREA,
740 1467 871 1507 caritas
901 1475 956 1504 est
983 1467 1106 1505 maior
1133 1467 1252 1504 virtus
1288 1478 1406 1514 quam

348 1522 445 1567 fides
475 1529 510 1564 et
537 1533 634 1569 spes,
664 1529 704 1562 ut
733 1520 866 1559 dicitur
894 1521 907 1557 I
937 1521 988 1557 ad
1019 1521 1106 1558 Cor.
1125 1519 1236 1557 xi11*.
1263 1519 1406 1556 Odium

349 1583 488 1621 autem,
511 1574 615 1622 quod
641 1573 845 1622 opponitur
874 1573 1024 1619 caritati,
1047 1581 1103 1610 est
1130 1572 1255 1610 minus
1274 1584 1407 1621 pecca-

349 1636 430 1673 tum
459 1639 575 1675 quam
609 1626 808 1667 infidelitas
826 1627 888 1665 vel
914 1625 1139 1674 desperatio,
1160 1638 1257 1674 quae
1286 1637 1407 1674 oppo-

349 1688 489 1725 nuntur
507 1679 598 1716 fidei
626 1687 663 1724 et
690 1679 782 1727 spei.
803 1679 905 1727 Ergo
931 1678 1066 1720 maiori
1091 1678 1218 1716 virtuti
1248 1677 1408 1727 opponi-

349 1741 408 1775 tur
436 1732 562 1775 minus
589 1739 798 1781 peccatum.

403 1786 477 1823 SED
498 1797 643 1822 CONTRA
662 1797 727 1823 EST
746 1784 850 1832 quod
870 1784 1125 1832 Philosophus
1146 1783 1246 1830 dicit,
1266 1783 1305 1829 in
1319 1783 1406 1820 VIII

209 1849 323 1890 {gn-„²⁸
349 1839 469 1883 Ethic.
489 1838 521 1885 ²¹⁸,
551 1837 656 1886 quod
679 1838 884 1886 pessimum
913 1837 1052 1885 optimo
1081 1837 1313 1881 contrarium
1342 1842 1405 1873 est.

350 1891 552 1940 Optimum
571 1898 699 1933 autem
719 1890 757 1928 in
777 1889 985 1929 moralibus
1006 1897 1061 1927 est
1084 1889 1251 1927 maxima
1269 1889 1407 1935 virtus;

349 1943 560 1993 pessimum
589 1950 737 1991 autem,
768 1942 1034 1990 gravissimum
1062 1949 1273 1990 peceatum.
1303 1942 1405 1989 Ergo

350 1997 540 2041 maximae
576 1996 703 2038 virtuti
737 1995 942 2045 opponitur
974 1995 1241 2043 gravissimum
1275 2007 1408 2043 pecca-

350 2058 444 2087 tum.

404 2104 628 2145 RESPONDEO
671 2113 854 2141 D1CENDUM
891 2101 996 2150 quod
1036 2100 1162 2138 virtuti
1205 2100 1410 2149 opponitur

352 2155 504 2204 aliquod
532 2163 742 2206 peecatum,
763 2167 842 2193 uno
871 2154 1027 2202 quidem
1052 2154 1170 2191 modo
1199 2153 1410 2202 principali.-

351 2216 407 2251 ter-
435 2216 470 2255 et
499 2208 649 2255 directe,
671 2208 773 2256 quod
802 2207 940 2247 scilicet
969 2214 1024 2244 est
1049 2206 1146 2244 circa
1173 2206 1277 2244 idem
1306 2206 1410 2253 obie-

353 2269 475 2297 ctum:
505 2273 594 2298 nam
634 2260 821 2301 contraria
859 2260 956 2299 eirca
988 2259 1091 2297 idem
1124 2266 1221 2296 sunt.
1252 2260 1301 2296 Et
1336 2260 1410 2295 hoc

353 2315 470 2358 modo
501 2321 650 2362 oportet
669 2314 772 2362 quod
792 2313 928 2353 maior-*i
946 2312 1074 2350 virtuti
1093 2319 1309 2361 opponatur
1328 2323 1408 2359 gra-

407 2428 434 2459 οι)
454 2426 694 2461 distemperantia&
713 2440 730 2444 —
749 2426 943 2459 discrepantias
963 2426 1008 2452 Pa.

1462 571 1546 607 vius
1584 578 1796 619 peccatum.
1826 571 1929 607 Sicut
1957 571 2058 608 enim
2087 583 2131 607 ex
2160 579 2265 620 parte
2303 573 2439 610 obiecti
2467 581 2520 610 at-

1463 623 1627 660 tenditur
1654 623 1776 660 maior
1803 623 1965 671 gravitas
1994 624 2150 672 peccati,
2179 624 2230 661 ita
2259 624 2371 661 etiam
2398 626 2521 662 maior

1464 675 1622 723 dignitas
1640 675 1808 712 virtutist
1836 683 2040 725 utrumque
2066 677 2166 713 enim
2196 688 2240 713 ex
2268 677 2418 714 obiecto
2438 690 2520 727 spe-

1463 728 1562 764 ciem
1599 727 1769 775 sortitur,
1801 736 1844 765 ut
1880 741 1926 765 ex
1962 729 2183 778 supradictis
2220 730 2240 751 *
2266 737 2380 778 patet.
2410 730 2520 767 Unde

1463 787 1612 829 oportet
1645 780 1749 828 quod
1777 781 1963 818 maximae
1991 782 2119 818 virtuti
2149 782 2286 819 directe
2320 782 2520 819 contrarie-

1462 840 1521 869 tur
1549 832 1759 869 maximum
1787 841 1987 881 peecatum
2014 834 2045 882 ²¹²,
2072 835 2178 883 quasi
2202 836 2366 872 maxime
2396 836 2444 872 ab
2473 847 2519 872 eo

1462 885 1603 922 distans
1631 885 1670 922 in
1699 884 1837 921 eodem
1866 897 2015 933 genere.

1515 938 1600 975 Alio
1630 938 1748 975 modo
1774 945 1898 987 potest
1917 938 2147 976 considerari
2167 940 2354 988 oppositio
2374 940 2520 978 virtutis

1462 991 1511 1028 ad
1538 998 1758 1040 peccatum,
1789 990 1999 1027 secundum
2027 992 2220 1039 quandam
2260 993 2518 1030 extensionem

1460 1043 1607 1081 virtutis
1636 1043 1844 1081 cohibentis
1872 1051 2087 1091 peccatum:
2117 1052 2257 1092 quanto
2286 1045 2387 1082 enim
2411 1045 2520 1082 fuerit

1460 1096 1579 1143 virtus
1595 1096 1729 1143 maior,
1746 1103 1848 1138 tanto
1869 1096 1989 1144 magis
2009 1096 2158 1144 elongat
2175 1097 2373 1135 hominem
2393 1111 2415 1135 a
2433 1110 2520 1146 pec-

1462 1157 1545 1186 cato
1574 1149 1645 1186 sibi
1678 1149 1885 1195 contrario,
1915 1147 1965 1185 ita
1993 1148 2098 1196 quod
2130 1161 2209 1186 non
2236 1151 2360 1187 solum
2393 1151 2519 1200 ipsum

1461 1209 1673 1250 peccatum,
1695 1202 1763 1238 sed
1783 1201 1897 1238 etiam
1916 1201 2133 1238 inducentia
2160 1202 2209 1239 ad
2236 1210 2437 1250 peccatum
2455 1215 2518 1250 ep-

1460 1254 1575 1301 hibet.
1606 1255 1654 1291 Et
1681 1255 1734 1291 sic
1761 1254 2004 1294 manifestum
2026 1261 2082 1290 est
2099 1254 2204 1302 quod
2223 1262 2375 1304 quanto·
2394 1248 2519 1312 eliqua

1459 1307 1580 1345 virtus
1607 1307 1716 1344 fuerit
1742 1306 1882 1354 maior,
1912 1313 2015 1343 tanto
2048 1306 2160 1344 etiarn
2189 1307 2340 1351 minora,
2364 1315 2520 1362 fflssfflta

1461 1360 1628 1405 cohibetz
1657 1360 1752 1397 sicut
1780 1359 1892 1406 etiam
1920 1359 2069 1407 sanitas,
2089 1367 2232 1408 quanto
2253 1360 2364 1405 fixerit
2381 1359 2516 1409 mainz,

1459 1420 1563 1450 tanto
1597 1412 1710 1459 etiarn
1745 1412 1912 1449 minores
1950 1412 2276 1461 distemperantias
2299 1418 2317 1435 α
2346 1413 2519 1450 excludit.

1461 1467 1510 1503 Et
1535 1478 1605 1514 per
1631 1466 1734 1502 hunc
1766 1465 1928 1502 modum
1956 1465 2092 1502 maiori
2118 1465 2244 1503 virtuti
2278 1465 2403 1503 minus
2431 1478 2518 1515 pec-

1462 1526 1587 1555 catum
1615 1518 1820 1567 opponitur
1849 1530 1893 1554 ex
1920 1525 2026 1566 parte
2055 1517 2222 1555 effectus.

1514 1573 1572 1608 An
1600 1583 1736 1608 Palmum
1764 1582 1862 1607 ERGO
1890 1582 2074 1608 memnon
2092 1571 2199 1619 quod
2226 1571 2320 1607 ratio
2344 1571 2404 1608 illa
2430 1583 2517 1620 pro-

1462 1624 1560 1661 cedit
1593 1625 1641 1662 de
1669 1623 1911 1672 oppositione
1940 1636 2037 1672 quae
2070 1623 2273 1661 attenditur
2307 1624 2519 1661 secundum

1462 1676 1732 1725 cohibitionem
1760 1676 1924 1726 peccati:
1954 1676 2008 1713 sic
2031 1676 2134 1714 enim
2162 1676 2362 1714 abundans
2384 1676 2520 1714 iustitia

1463 1730 1576 1766 etiam
1603 1729 1752 1777 minora
1780 1736 1936 1778 peccata
1963 1729 2126 1774 cohibet.

1513 1784 1573 1830 An
1589 1794 1778 1820 secunnum
1794 1794 1978 1819 montinum
1993 1783 2099 1830 quod
2113 1781 2246 1818 maiori
2266 1781 2407 1829 virtuti,
2422 1793 2520 1830 quae

1463 1842 1518 1872 est
1537 1835 1634 1872 circa
1653 1836 1798 1872 bonurn
1827 1835 1948 1883 magis
1969 1834 2132 1882 difficile,
2154 1834 2402 1872 contrariatur
2424 1833 2519 1872 dire·

1462 1896 1519 1926 cte
1534 1895 1733 1937 peccatum
1748 1887 1852 1936 quod
1873 1895 1929 1925 est
1948 1887 2044 1925 circa
2059 1888 2203 1933 malum
2219 1887 2340 1935 magis
2359 1887 2519 1924 difficile.

1462 1941 1670 1990 Utrobique
1704 1941 1805 1978 enirn
1838 1940 2027 1978 invenitur
2063 1941 2255 1988 quaedam
2293 1939 2519 1987 eminentia,

1463 2006 1508 2031 ex
1526 1995 1601 2031 hoc
1620 1994 1724 2042 quod
1753 1993 1962 2030 ostenditur
1978 1994 2154 2031 voluntas
2174 1992 2378 2043 proclivior
2395 1992 2436 2030 in
2453 1993 2520 2030 bo*

1463 2059 1556 2084 num
1575 2047 1637 2084 vel
1655 2046 1694 2094 in
1715 2047 1872 2094 malurn,
1895 2058 1939 2089 ex
1962 2047 2038 2083 hoc
2065 2046 2170 2095 quod
2199 2045 2415 2083 difficultate
2443 2057 2521 2083 non

1463 2099 1637 2137 vineitun.

1516 2155 1574 2190 An
1603 2163 1762 2189 TERTmM
1781 2163 1964 2189 nicENDUM
1993 2151 2096 2200 quod
2117 2151 2250 2188 caritas
2268 2163 2348 2188 non
2367 2158 2423 2188 est
2442 2150 2521 2200 qui·

1465 2218 1630 2254 cumque
1659 2217 1780 2251 amor,
1805 2205 1872 2242 sed
1901 2216 2010 2241 amor
2036 2203 2121 2241 Dei.
2151 2204 2264 2242 Unde
2295 2216 2373 2241 non
2401 2215 2521 2254 oppo-

1465 2258 1564 2296 nitur
1591 2258 1626 2295 ei
1653 2257 1924 2307 quodcumque
1954 2257 2086 2297 odium
2116 2256 2267 2304 directe,
2292 2257 2360 2294 sed
2381 2256 2520 2294 odium

1464 2311 1548 2359 nei,
1569 2311 1675 2360 quod
1704 2318 1758 2347 est
1785 2309 2053 2358 gravissimum
2081 2317 2338 2358 peccatorum.

1030 2497 1361 2541 Commentario.
1383 2497 1632 2541 Cardinalis
1653 2496 1854 2539 Caietam

358 2579 404 2642 IN
429 2568 611 2609 quaestione
635 2568 965 2609 septuagesimatertia,
986 2578 1087 2610 usque
1111 2569 1150 2609 ad
1174 2568 1347 2609 septimum
1370 2578 1415 2606 ar-
1439 2567 1443 2594 Ι
1470 2567 1657 2609 habentibus
1681 2567 1889 2598 contrarium:
1914 2566 1947 2597 in
1971 2566 2145 2608 carentibus
2169 2573 2276 2607 autern
2299 2565 2523 2606 contrarietate,

385 2612 519 2654 ticulum
533 2612 694 2654 inclusive,
711 2612 789 2642 nihil
804 2612 1004 2653 scribendum
1024 2612 1171 2652 occurrit:
1194 2612 1252 2654 nisi
1274 2613 1361 2654 quod
1382 2612 1415 2642 in

355 2663 468 2697 quarto
492 2656 634 2698 arficulo,
659 2656 823 2696 responsio
840 2657 879 2686 ad
893 2656 1021 2687 tertium
1043 2666 1109 2687 non
1125 2663 1155 2687 te
1170 2656 1256 2687 fallat
1270 2657 1302 2686 in
1319 2666 1414 2699 quae-

354 2701 457 2732 stione
469 2701 507 2731 de
519 2700 674 2738 felicitate,
687 2711 727 2730 an
741 2700 889 2731 consistat
904 2700 936 2730 in
953 2708 1023 2732 actu
1039 2700 1211 2731 voluntatis
1221 2700 1252 2736 *;
1265 2710 1303 2731 eo
1316 2700 1413 2742 quod,

355 2745 494 2785 pessimo
519 2754 592 2775 cum
616 2751 798 2785 opponatur
821 2745 991 2785 optimum,
1018 2751 1048 2775 et
1071 2745 1184 2775 odium
1207 2744 1266 2774 Dei
1285 2744 1325 2775 sit
1344 2753 1415 2786 pes-

356 2789 474 2830 simum
497 2795 528 2819 et
551 2798 640 2819 amor-
664 2789 797 2829 caritatis
821 2788 991 2828 optimum,
1017 2795 1047 2819 et
1066 2788 1194 2820 felicitas
1217 2788 1413 2823 consistatin

355 2833 488 2874 optimo,
514 2832 547 2874 in
569 2842 677 2869 amore
697 2833 753 2864 erit
776 2832 915 2865 felicitas.
940 2833 1122 2875 Propositio
1146 2842 1284 2873 namque
1307 2832 1413 2873 dicens

356 2877 444 2918 quod
456 2878 630 2918 pessimum
652 2878 767 2918 optimo
786 2878 984 2907 contrarium
1002 2882 1058 2914 est,
1075 2876 1257 2917 intelligitur
1271 2875 1304 2909 in
1320 2876 1412 2918 rebus

1469 2607 1535 2645 non
1547 2611 1641 2651 habet
1655 2606 1773 2642 locum.
1785 2611 1877 2642 Unde
1889 2611 1998 2650 lumen
2014 2609 2140 2651 gloriae,
2154 2609 2242 2651 quod
2258 2616 2340 2651 caret
2356 2609 2522 2647 contrario,

1469 2666 1535 2696 non
1557 2661 1722 2696 propterea
1741 2655 1855 2685 desinit
1870 2664 1936 2696 esse
1953 2653 2066 2695 melior
2081 2653 2205 2693 habitus
2227 2663 2325 2695 quem
2347 2653 2386 2683 sit
2405 2653 2523 2694 caritas.

1469 2700 1573 2730 Immo
1596 2699 1658 2729 hoc
1680 2699 1787 2739 ipsum
1810 2698 1899 2739 quod
1921 2705 1968 2728 est
1991 2707 2058 2728 esse
2079 2697 2173 2728 talem
2194 2695 2339 2727 habitum
2356 2697 2524 2737 disponen-

1468 2751 1533 2774 tem
1556 2744 1596 2773 ad
1620 2743 1767 2774 deitatem
1790 2743 1908 2783 absque
1932 2741 2158 2777 contrarietate,
2182 2741 2306 2771 videtur
2329 2751 2404 2771 suae
2427 2741 2525 2772 excel»

1468 2787 1581 2821 lentiae
1604 2787 1750 2823 attestari,
1775 2786 1865 2828 quasi
1888 2785 2157 2826 propinquissime
2181 2795 2214 2817 se
2236 2785 2350 2818 habeat
2371 2785 2411 2816 ad
2434 2785 2527 2817 deita-

1469 2838 1543 2873 tem,
1568 2831 1619 2873 cui
1643 2841 1707 2863 non
1731 2837 1777 2865 est
1800 2830 1845 2863 fas
1869 2830 2006 2871 cogitare
2028 2829 2229 2869 contrarium.

1138 3028 1454 3081 Ammonis
1486 3026 1739 3086 Qmes

654 3118 810 3149 UTRUM
832 3117 1034 3148 PECCATA
1059 3116 1278 3148 CARNALIA
1301 3116 1398 3147 SINT
1422 3114 1598 3149 MINORIS
1621 3114 1789 3149 CULPAE
1815 3114 1939 3151 QUAM
1964 3113 2232 3144 SPIRITUALIA

870 3191 900 3215 11·
921 3190 972 3221 11··‚

992 3198 1036 3223 qu.
1055 3197 1126 3219 οων,
1146 3195 1191 3214 art.
1213 3189 1239 3219 3;
1260 3189 1293 3216 IV
1313 3189 1400 3218 Sent„
1420 3189 1479 3214 dist.
1497 3196 1586 3224 mni,
1601 3196 1645 3224 qu.
1664 3196 1686 3217 1,
1705 3193 1752 3212 art.
1773 3187 1800 3218 3,
1821 3188 1867 3219 qu*
1889 3194 1916 3216 2,
1937 3187 1968 3211 ad
1988 3186 2015 3215 3;

1048 3226 1090 3250 De
1113 3225 1201 3254 Verit„
1221 3232 1265 3257 qu.
1283 3232 1339 3255 xxv,
1359 3229 1404 3249 art.
1424 3223 1447 3254 6,
1467 3224 1499 3248 ad
1519 3222 1599 3254 23‘In
1621 3223 1726 3252 Isa1'am,
1746 3220 1801 3255 cap.
1820 3230 1837 3247 ι.

2548 737 2558 747 ’
2574 736 2621 764 Qu.
2631 743 2668 763 Lx.
2683 740 2725 759 nrt.
2733 743 2755 765 5?

2566 769 2579 784 u
2602 769 2673 789 uxu,
2689 767 2730 785 art.
2742 769 2758 785 ι.

2549 842 2557 849 ·
2573 840 2601 861 D.
2625 846 2679 868 29².
2694 846 2758 868 1003,

2549 866 2610 893 1028,
2626 872 2683 894 ¹¹70·

427 3320 452 3335 κ’
491 3324 547 3365 r125<
568 3318 590 3342 1)
620 3317 779 3347 QmNTtJM
799 3318 851 3342 sm
871 3317 1108 3342 moenum-un.
1129 3304 1287 3342 Videtur
1305 3304 1409 3352 quod
1471 3304 1629 3340 furtum:
1659 3302 1793 3340 dicitur
1818 3302 1917 3339 enirn
1943 3303 2054 3338 Prov.
2075 3314 2110 3338 vi
2129 3301 2164 3346 *ς
2192 3301 2283 3345 Non
2300 3299 2458 3350 grandis
2476 3305 2530 3340 est
2554 3313 2564 3323 ·
2579 3312 2691 3340 Vem30,
2705 3316 2739 3340 μ.

392 3315 421 3350 ὶε
479 3341 487 3350 .,
511 3346 520 3352 ,

385 3344 724 3415 ‘'JRApeccata
753 3359 913 3395 carnalia
943 3371 1020 3395 non
1049 3358 1120 3394 sint
1148 3357 1304 3394 minoris
1333 3358 1409 3394 cul-

378 3410 381 3415 '
409 3408 413 3412 ⁴
476 3427 494 3462 ἑ
515 3412 541 3446 'ff
570 3422 642 3458 pae
676 3422 789 3458 quam
820 3419 974 3459 peccata
1007 3410 1224 3459 spiritualia.
1254 3411 1409 3447 Adulte-

1472 3357 1603 3405 culpae
1631 3368 1716 3392 cum
1745 3356 1825 3413 quis
1841 3356 1998 3404 furatus
2008 3354 2143 3402 suerit.
2177 3353 2252 3395 Qui
2275 3358 2398 3389 autem
2421 3352 2526 3389 adul-

1473 3415 1528 3446 ter
1560 3415 1631 3454 est,
1657 3414 1811 3457 propter
1845 3408 1966 3444 cordis
2000 3407 2164 3454 inopiam
2194 3405 2326 3453 perdet
2358 3405 2525 3450 animam

380 3437 401 3455 ,V
439 3441 450 3445 ,,

419 3475 428 3485 “
452 3451 669 3516 ”χχ,ιτίι1,ῐῐ1
690 3463 789 3500 enim
809 3464 958 3510 gravius
986 3471 1186 3512 peccatum
1214 3470 1269 3500 est
1293 3475 1409 3512 quarn
1471 3474 1591 3500 suam.
1623 3461 1699 3498 Sed
1719 3462 1856 3498 furtum
1877 3459 2037 3508 pertinet
2059 3458 2107 3495 ad
2126 3457 2334 3505 avaritiam,
2355 3470 2452 3506 quae
2474 3466 2527 3495 est
