2840 4010
0 479 3 490 =
59 455 210 504 actitata:
220 461 268 503 1¹12?

53 1899 67 1911 ·
80 1897 137 1924 ub.
152 1897 197 1925 m,
215 1903 267 1926 etp.

33 2114 69 2142 ’,ιε
79 2115 139 2145 οφ.
149 2102 194 2144 ‘'xn,
208 2121 262 2139 xm.

944 188 1208 234 QUAESTIO
1238 191 1411 239 LXXIV,
1440 192 1734 230 ARTICULUS
1764 195 1813 230 111

297 262 400 299 unde
421 270 458 299 et
477 272 744 312 comparantur
763 266 810 303 ad
831 266 998 303 animam
1020 276 1240 305 moventem
1261 269 1355 305 sicut

298 327 450 361 servus,
482 316 545 364 qui
574 318 694 364 agitur
722 325 757 354 et
786 331 863 355 non
889 320 973 367 agit.
1003 320 1198 356 Potentiae
1227 328 1352 357 autem

297 367 522 417 appetitivae
560 369 755 407 interiores
793 380 1061 420 comparantur
1094 373 1142 409 ad
1171 373 1353 410 rationem

297 419 404 469 quasi
432 421 587 458 liberae:
617 422 706 471 quia
730 432 845 471 agunt
872 425 1161 472 quodammodo
1183 432 1219 461 et
1237 436 1353 471 agun-

296 480 375 520 tur,
415 481 455 511 ut
489 482 592 522 patet
623 487 693 523 per
728 476 767 513 id
803 476 908 525 quod
941 477 1076 514 dicitur
1104 478 1116 512 1
1146 477 1252 512 Polit.
1280 477 1300 498 ²⁸
1327 498 1351 505 -

1407 271 1456 306 Et
1483 279 1676 320 praeterea
1704 280 1808 309 actus
1834 272 2060 309 exteriorum
2089 272 2351 308 membrorum
2375 279 2462 308 sunt

1408 330 1574 360 actlones
1589 336 1626 360 in
1643 324 1863 361 exteriorem
1880 324 2078 361 materiam
2094 332 2345 361 transeuntes:
2367 324 2461 361 sicut

1406 383 1507 421 patet
1523 376 1569 413 de
1590 377 1834 425 percussione
1853 377 1890 414 in
1909 385 2064 426 peccato
2084 377 2288 414 homicidii.
2310 378 2358 414 Et
2371 389 2461 427 pro-

1406 434 1488 474 pter
1516 428 1589 465 hoc
1617 441 1695 466 non
1724 438 1779 467 est
1806 429 1934 467 similis
1963 429 2067 467 ratio.

972 561 1300 596 commentaria
1324 563 1571 598 Car-ainans
1594 566 1790 601 Caietani

299 642 346 703 IN
370 632 501 663 articulo
525 634 664 664 secundo
694 633 836 664 eiusdem
859 633 1238 674 septuagesimaequartae
1261 644 1355 674 quae-

327 675 456 712 stionis,
481 677 606 707 adverte
635 677 724 718 quod
751 676 824 706 hinc
847 683 933 716 patet
956 677 1041 716 apud
1067 679 1240 707 Auctorem
1268 685 1355 708 actus

295 719 427 750 aliarum
451 720 664 761 potentiarum
689 730 769 761 quae
794 727 868 750 sunt
897 720 1049 760 principia
1079 728 1208 751 actuum
1241 721 1354 751 volun-

295 763 448 795 tariorum
477 771 512 794 ut
542 764 601 800 sic,
625 773 691 794 esse
723 764 916 805 quandoque
947 771 1073 804 peccata
1101 764 1287 795 formaliter:
1312 765 1353 795 ita

295 807 384 848 quod
407 815 495 838 actus
524 806 694 838 voluntatis
719 814 765 838 est
793 808 897 848 primo
922 809 1024 838 malus
1053 808 1239 844 formaliter;
1265 815 1352 839 actus

295 858 402 882 autem
426 851 558 882 aliarum
573 850 689 881 virium
712 851 884 882 formaliter
899 852 984 888 mali,
1000 853 1054 882 sed
1078 862 1143 882 non
1166 852 1280 892 primo,
1298 853 1352 885 sed

295 894 489 925 secundario.
510 895 551 926 Et
564 895 625 925 hoc
640 904 676 925 ex
699 895 819 926 ratione
835 896 954 926 litterae
977 897 1142 936 probatur:
1167 895 1242 936 quia
1265 903 1352 926 actus

294 937 471 968 immanens
494 938 692 969 voluntarius
715 939 911 970 inordinatus
928 947 974 970 est
997 940 1169 970 formaliter
1191 940 1294 970 malus
1322 947 1352 970 et

295 991 332 1012 ex
354 981 496 1012 subiecto
513 982 609 1013 simul
632 990 662 1013 et
684 983 850 1023 principio,
876 984 950 1025 quia
972 983 1162 1024 principium
1178 983 1247 1014 talis
1263 991 1350 1014 actus

295 1031 342 1057 est
357 1025 534 1057 subiectum
556 1027 675 1067 peccati
696 1027 876 1058 formaliter.
902 1030 999 1058 Actus
1019 1035 1124 1058 autern
1144 1034 1349 1063 transeuntes,

1409 642 1444 664 ut
1467 635 1518 670 sic,
1537 646 1602 665 non
1626 637 1684 666 nisi
1708 638 1905 669 materialiter
1928 639 2002 669 mali
2025 647 2112 676 sunt,
2137 646 2167 670 et
2189 640 2228 669 ad
2252 639 2458 670 substantiam

1408 678 1526 718 peccati
1550 679 1705 718 pertinent
1723 681 1755 710 in
1772 689 1842 712 actu
1866 683 2014 714 exercito:
2035 683 2110 724 quia
2132 693 2198 713 non
2221 683 2281 713 nisi
2301 683 2458 714 mediante

1408 729 1478 752 actu
1503 722 1710 760 immanente,
1734 724 1790 764 qui
1818 734 1863 755 est
1886 726 2062 757 subiectum
2092 727 2240 758 bonitatis
2263 733 2294 758 et
2319 726 2457 759 malitiae

1407 766 1544 802 moralis,
1563 773 1598 797 ut
1620 773 1705 807 patet
1728 778 1764 798 ex
1787 768 1876 798 dictis
1890 769 1916 800 *.

1459 809 1551 840 Unde
1575 810 1696 846 Scotus,
1714 811 1746 841 in
1767 811 1792 841 11
1808 812 1906 850 Sem„
1925 813 1994 844 dist.
2011 824 2082 849 x1.11,
2099 814 2216 854 absque
2239 814 2359 844 ratione
2373 814 2457 845 intu-

1405 852 1440 883 lit
1464 861 1627 893 peccatum
1652 864 1718 884 esse
1742 855 1913 886 formaliter
1935 856 1967 885 in
1991 857 2057 886 sola
2080 857 2250 888 voluntate.
2278 858 2349 888 Hoc
2372 858 2457 888 enim

1406 906 1470 926 non
1495 897 1599 927 minus
1620 905 1666 928 est
1689 897 1802 928 falsum
1827 909 1924 939 quam
1943 900 2096 930 actualem
2119 901 2278 938 iustitiam,
2298 901 2378 932 idest
2399 902 2456 932 bo-

1405 940 1544 976 nitatem,
1570 948 1605 972 ut
1628 941 1829 982 distinguitur
1852 950 1959 974 contra
1982 944 2102 974 actuale
2130 952 2310 984 peccatum,
2334 955 2399 975 esse
2422 945 2455 975 in

1404 984 1471 1034 ‚⁵⁰1³
1493 985 1672 1034 voluntate:
1703 986 1847 1026 quamvis
1878 994 2048 1027 utrumque
2071 987 2111 1018 sit
2133 987 2303 1019 formaliter
2330 989 2363 1019 in
2389 989 2458 1019 sola

1403 1038 1470 1067 1psa
1493 1038 1609 1068 primo.

1093 1168 1408 1211 ARTICULUS
1437 1170 1663 1213 TERTIUS

818 1263 972 1294 UTRUM
996 1263 1038 1293 lN
1062 1261 1385 1294 SENsuALITATE
1407 1262 1554 1294 Possrr
1577 1263 1676 1295 ESSE
1699 1264 1935 1296 PECCATUM

519 1341 540 1365 11
560 1341 643 1369 Sent„
664 1340 722 1366 dist.
735 1348 800 1372 xxiv,
819 1348 863 1373 qu.
877 1348 919 1371 m,
938 1345 985 1366 art.
1000 1347 1028 1371 23
1048 1340 1090 1365 De
1112 1339 1201 1368 Verit..
1221 1347 1265 1372 qu.
1277 1347 1332 1368 xxV,
1352 1344 1398 1365 art.
1413 1339 1441 1371 5;
1461 1341 1503 1366 De
1520 1340 1602 1370 Malo,
1623 1349 1666 1374 qu.
1681 1349 1729 1371 vn,
1749 1347 1795 1367 art.
1808 1341 1838 1373 6;
1860 1342 1954 1372 Quodl.
1973 1343 2014 1374 IV,
2035 1351 2078 1376 qu.
2091 1352 2130 1373 xi.
2150 1350 2196 1370 art.
2212 1353 2233 1370 1.

340 1439 390 1464 ,θ’
416 1449 453 1466 „1”

329 1436 356 1469 2„-
505 1434 528 1459 n
547 1433 706 1458 TERTmM
735 1434 788 1458 SIC
816 1433 1053 1459 PRocEnin.
1070 1420 1229 1457 Videtur
1248 1419 1351 1468 quod

324 1469 385 1524 9ζῖ
406 1463 477 1533 ’ἰῇ
507 1475 545 1511 in
582 1474 820 1511 sensualitate
848 1487 927 1511 non
961 1474 1080 1523 possit
1108 1485 1190 1510 esse
1218 1485 1351 1521 pecca-

315 1519 432 1579 ἱλξ,
448 1517 474 1567 ’ὃ
506 1531 598 1564 tum.
620 1528 825 1564 Peccatum
854 1527 956 1564 enim
985 1534 1041 1564 est
1066 1525 1263 1575 proprium
1283 1526 1351 1562 ho-

316 1549 444 1613 deff
464 1571 612 1626 Xmini,
646 1579 711 1627 qui
741 1592 785 1616 ex
813 1580 889 1616 suis
916 1579 1061 1616 actibus
1088 1578 1262 1616 laudatur
1288 1578 1350 1615 vel

291 1631 541 1680 vituperatur.
564 1632 639 1669 Sed
669 1632 889 1669 sensualitas
918 1640 973 1669 est
997 1631 1212 1669 communis
1240 1631 1350 1667 nobis

295 1691 331 1722 et
357 1684 486 1722 brutis.
516 1686 618 1733 Ergo
647 1684 686 1721 in
718 1686 956 1722 sensualitate
993 1697 1071 1722 non
1107 1691 1232 1733 potest
1269 1696 1350 1720 esse

291 1741 504 1789 peccatum.

313 1806 318 1810 ·
348 1802 384 1828 2.
403 1791 636 1837 PRAETEREA,
664 1790 786 1828 nullus
808 1797 943 1839 peccat
967 1791 1004 1828 in
1033 1802 1076 1827 eo
1105 1789 1206 1838 quod
1231 1789 1350 1825 vitare

293 1854 368 1880 non
383 1849 525 1892 potest;
543 1843 638 1880 sicut
657 1844 889 1891 Augustinus
910 1844 1009 1889 dicit,
1030 1843 1068 1880 in
1092 1843 1187 1880 libro
1202 1842 1248 1878 de
1266 1842 1347 1878 Lib.

292 1897 385 1933 Arb.
407 1896 428 1917 ¹¹
449 1896 525 1933 Sed
552 1897 672 1933 homo
709 1909 788 1933 non
816 1904 940 1945 potest
964 1897 1085 1933 vitare
1117 1895 1208 1946 quin
1245 1902 1349 1931 actus

292 1949 542 1987 sensualitatis
570 1949 615 1986 sit
642 1949 895 1986 inordinatus:
926 1957 981 1987 est
999 1949 1101 1986 enim
1129 1947 1349 1986 sensualitas

291 2010 500 2052 perpetuae
530 2002 795 2050 corruptionis,
826 2002 994 2050 quandiu
1030 2002 1068 2039 in
1099 2003 1172 2039 hac
1201 2001 1348 2037 mortali

293 2055 372 2092 vita
389 2055 578 2101 vivimus;
607 2055 708 2092 unde
734 2063 770 2092 et
788 2067 857 2103 per
875 2062 1089 2103 serpentem
1110 2054 1348 2102 significatur,

293 2115 336 2145 ut
353 2108 584 2156 Augustinus
608 2107 707 2154 dicit,
737 2108 806 2144 XII
836 2108 882 2144 de
912 2109 948 2145 T
943 2108 1014 2145 rin.
1033 2107 1054 2129 ¹²
1081 2108 1183 2155 Ergo
1212 2106 1351 2143 inordi—

292 2161 396 2199 natio
425 2167 553 2198 motus
581 2160 829 2198 sensualitatis
857 2173 935 2197 non
964 2168 1020 2197 est
1045 2168 1256 2209 peccatum.

350 2214 385 2251 3.
405 2214 640 2260 PRAmEREA,
662 2213 752 2250 illud
773 2213 877 2262 quod
899 2214 1018 2250 homo
1047 2213 1127 2262 ipse
1155 2225 1234 2249 non
1253 2212 1351 2260 facit,

292 2279 374 2305 non
391 2266 600 2315 imputatur
616 2265 652 2303 ei
672 2266 721 2303 ad
739 2274 952 2314 peccatum.
981 2267 1057 2304 Sed
1075 2267 1146 2302 hoc
1163 2265 1283 2302 solum
1298 2265 1352 2302 vi-

293 2319 429 2361 demur
446 2331 514 2356 nos
535 2319 605 2367 ipsi
618 2320 767 2367 facere,
788 2319 890 2367 quod
905 2331 990 2356 cum
1010 2318 1274 2357 deliberatione
1290 2329 1352 2354 ra-

182 2394 188 2406 ι
213 2393 220 2400 -
244 2389 267 2401 -·
295 2373 404 2410 tionis
421 2373 606 2420 facimus:
624 2379 666 2408 ut
683 2372 940 2420 Philosophus
960 2371 1058 2418 dicit,
1079 2372 1116 2408 in
1137 2371 1189 2407 IX
1202 2370 1352 2407 Ethic.*

243 2421 250 2427 ”
294 2426 397 2474 Ergo
425 2432 554 2462 motus
592 2424 838 2461 sensualitatis
867 2424 931 2473 qui
969 2431 1025 2461 est
1051 2424 1132 2461 sine
1169 2423 1351 2460 delibera—

26 2871 29 2874 ·
55 2857 69 2870 ⁸
80 2858 133 2881 Art.
146 2858 252 2886 praeced.

291 2478 396 2516 tione
414 2477 581 2524 rationis,
597 2489 676 2514 non
691 2477 897 2526 imputatur
910 2476 1057 2514 homini
1072 2477 1120 2514 ad
1139 2483 1350 2526 peccatum.

349 2532 423 2568 SED
453 2543 599 2568 CONTRA
626 2542 691 2567 EST
718 2530 823 2578 quod
843 2529 976 2567 dicitur
993 2531 1105 2567 Rom.
1124 2541 1173 2566 vu
1192 2529 1232 2566 *ε
1259 2530 1350 2566 Νοη

294 2585 394 2622 enim
422 2584 524 2633 quod
549 2584 634 2620 volo
663 2583 820 2628 honum,
850 2584 921 2620 hoc
947 2595 1023 2633 ago
1034 2596 1047 2626 ,·
1073 2582 1139 2619 sed
1165 2582 1266 2630 quod
1291 2583 1355 2619 odi

261 2662 268 2668 ·
292 2637 459 2682 malum,
488 2636 582 2673 illud
600 2636 734 2684 facio.-
765 2636 869 2684 quod
904 2635 1056 2684 exponit
1082 2635 1314 2682 Augustinus
1333 2635 1353 2657 ’¹‘

260 2689 268 2720 ἶ
296 2690 343 2727 de
378 2691 482 2727 malo
518 2688 865 2737 concupiscentiae,
899 2701 1015 2736 quam
1041 2693 1058 2709 α
1087 2695 1233 2724 constat
1270 2700 1351 2724 esse

261 2767 267 2779 ‚
294 2750 444 2779 motum
472 2741 666 2790 quendam
695 2741 955 2778 sensualitatis.
985 2742 1087 2788 Ergo
1110 2740 1149 2777 in
1173 2741 1352 2777 sensuali-

295 2802 370 2832 tate
400 2802 455 2831 est
482 2793 637 2842 aliquod
665 2802 877 2842 peccatum.

345 2848 574 2885 Rnsvomzo
588 2858 773 2884 monimum
792 2847 907 2895 quod,
931 2846 1024 2883 sicut
1044 2845 1192 2895 supra*
1211 2845 1351 2883 dictum

296 2908 363 2947 est,
380 2907 584 2949 peceatum
601 2907 728 2948 potest
746 2899 906 2937 inveniri
932 2899 972 2936 in
1001 2899 1168 2947 qualibet
1183 2899 1354 2946 potentia

297 2953 402 2991 cuius
421 2960 527 2990 actus
550 2958 675 3000 potest
693 2964 774 2989 esse
793 2952 1031 2990 voluntarius
1051 2959 1088 2988 et
1105 2951 1352 2998 inordinatus,

294 3007 334 3044 in
362 3018 439 3055 quo
461 3003 628 3042 consistit
645 3004 741 3041 ratio
761 3005 916 3053 peccati.
946 3005 1194 3042 Manifestum
1214 3012 1270 3041 est
1288 3017 1354 3041 au-

294 3067 373 3096 tem
403 3058 509 3106 quod
541 3064 646 3094 actus
674 3058 922 3095 sensualitatis
953 3064 1079 3106 potest
1107 3069 1189 3094 esse
1216 3058 1353 3094 volun—

293 3112 421 3158 tarius,
438 3111 667 3158 inquantum
687 3110 919 3157 sensualitas,
949 3110 1045 3148 idest
1064 3109 1250 3159 appetitus
1270 3122 1354 3146 sen-

296 3165 440 3211 sitivus,
469 3170 558 3200 nata
586 3169 640 3199 est
667 3174 690 3198 a
711 3163 906 3200 voluntate
925 3163 1083 3199 moveri.
1113 3162 1224 3200 Unde
1244 3162 1353 3199 relin-

296 3217 421 3267 quitur
440 3215 545 3264 quod
573 3215 612 3252 in
639 3215 878 3251 sensualitate
897 3215 1017 3263 possit
1036 3227 1119 3251 esse
1137 3222 1349 3263 peccatum.

347 3271 406 3307 An
435 3280 571 3306 Palmum
603 3279 701 3304 ERGO
733 3279 917 3304 mmmmm
945 3267 1050 3315 quod
1078 3266 1224 3315 aliquae
1251 3267 1352 3303 vires

296 3322 496 3360 sensitivae
515 3320 643 3369 partis,
660 3319 726 3356 etsi
747 3320 819 3356 sint
837 3331 1063 3356 communes
1083 3319 1193 3356 nobis
1209 3326 1244 3355 et
1263 3320 1351 3356 bru-

1404 1419 1460 1467 tis,
1482 1427 1609 1457 tamen
1637 1421 1676 1457 in
1703 1421 1813 1458 nobis
1841 1422 1982 1459 habent
2003 1423 2170 1471 aliquam
2199 1426 2454 1464 excellentiam

1406 1484 1450 1508 ex
1477 1473 1551 1508 hoc
1581 1475 1683 1521 quod
1712 1474 1845 1510 rationi
1873 1475 2094 1522 iunguntur:
2126 1477 2220 1513 sicut
2247 1489 2335 1526 nos,
2363 1492 2454 1528 prae

1404 1525 1482 1561 aliis
1511 1525 1748 1573 animalibus,
1777 1527 1963 1564 habemus
1990 1527 2027 1564 in
2055 1536 2160 1576 parte
2189 1531 2365 1568 sensitiva
2393 1544 2454 1569 co-

1403 1577 1596 1625 gitativam
1632 1585 1668 1615 et
1695 1579 2033 1627 reminiscentiam,
2062 1588 2104 1617 ut
2130 1581 2169 1618 in
2196 1583 2325 1621 Primo
2352 1583 2372 1605 ’¹‘
2401 1584 2453 1622 di-

1405 1639 1505 1667 ctum
1536 1639 1601 1667 est.
1622 1632 1671 1668 Et
1697 1643 1764 1680 per
1801 1632 1902 1669 hunc
1930 1633 2089 1669 modum
2128 1634 2239 1670 etiam
2268 1635 2454 1685 appetitus

1404 1683 1603 1720 sensitivus
1639 1683 1678 1720 in
1706 1684 1816 1721 nobis
1850 1697 1940 1732 prae
1974 1685 2051 1722 aliis
2085 1686 2310 1725 animalibus
2341 1689 2455 1726 habet

1404 1737 1594 1784 quandam
1633 1737 1910 1784 excellentiam,
1940 1738 2078 1774 scilicet
2113 1740 2215 1787 quod
2253 1747 2362 1778 natus
2399 1749 2454 1778 est

1404 1789 1557 1826 obedire
1587 1789 1732 1826 rationi.
1761 1790 1810 1826 Et
1834 1797 2016 1838 quantum
2045 1791 2094 1828 ad
2120 1792 2206 1840 hoc,
2225 1801 2350 1841 potest
2372 1806 2453 1830 esse

1402 1841 1627 1890 principium
1665 1850 1770 1879 actus
1796 1843 2017 1889 voluntarii;
2047 1851 2084 1880 et
2114 1856 2182 1892 per
2218 1857 2454 1895 consequens

1404 1894 1613 1931 subiectum
1639 1894 1794 1943 peccati.

1456 1949 1514 1983 AD
1542 1959 1730 1984 SECUNDUM
1757 1959 1940 1984 DICENDUM
1973 1948 2078 1995 quod
2108 1957 2291 1998 perpetua
2328 1963 2455 1988 corru-

1403 1999 1481 2048 ptio
1511 1999 1757 2036 sensualitatis
1777 2007 1832 2036 est
1858 2000 2097 2048 intelligenda
2125 2010 2308 2050 quantum
2328 2003 2376 2040 ad
2399 2004 2455 2040 fo-

1404 2053 1547 2099 mitem,
1567 2052 1631 2100 qui
1650 2064 1848 2100 nunquam
1868 2053 2029 2090 totaliter
2055 2054 2193 2091 tollitur
2212 2055 2250 2091 in
2268 2056 2340 2095 hac
2356 2055 2451 2093 vita:

1404 2105 1533 2142 transit
1561 2106 1662 2142 enim
1690 2113 1888 2154 peccatum
1915 2105 2093 2153 originale
2122 2114 2239 2154 reatu,
2269 2115 2305 2144 et
2332 2120 2454 2146 rema-

1405 2166 1468 2194 net
1487 2165 1582 2195 actu.
1613 2158 1691 2194 Sed
1708 2158 1791 2194 talis
1815 2158 2005 2207 corruptio
2029 2159 2167 2196 fomitis
2194 2172 2272 2197 non
2299 2160 2455 2209 impedit

1405 2211 1496 2258 quin
1524 2211 1642 2247 homo
1663 2210 1872 2247 rationabili
1898 2211 2092 2248 voluntate
2110 2213 2228 2260 possit
2248 2213 2454 2264 reprimere

1406 2264 1570 2311 singulos
1599 2270 1726 2300 motus
1754 2263 1986 2300 inordinatos
2014 2265 2273 2309 sensualitatis,
2294 2266 2324 2302 si
2346 2278 2455 2318 prae-

1406 2317 1556 2353 sentiat:
1575 2324 1667 2364 puta
1686 2316 1910 2353 divertendo
1932 2316 2196 2364 cogitationem
2212 2318 2260 2355 ad
2275 2318 2357 2363 alia.
2379 2318 2456 2358 Sed

1406 2370 1497 2406 dum
1517 2370 1635 2406 homo
1657 2369 1705 2406 ad
1725 2368 1826 2406 aliud
1841 2369 2107 2417 cogitationem
2120 2368 2136 2399 Ρ
2155 2370 2314 2419 divertit,
2333 2378 2457 2419 potest

1406 2422 1518 2459 etiam
1548 2422 1645 2458 circa
1663 2421 1754 2458 illud
1782 2421 1914 2470 aliquis
1934 2422 2165 2459 inordinatus
2191 2431 2319 2460 motus
2338 2424 2456 2460 insur-

1406 2487 1511 2523 gere:
1548 2475 1642 2511 sicut
1676 2486 1764 2510 cum
1805 2474 1938 2522 aliquis
1979 2475 2152 2512 transfert
2189 2476 2455 2524 cogitationem

1407 2540 1515 2565 suam
1544 2540 1567 2564 a
1595 2526 1874 2564 delectabilibus
1898 2532 1914 2555 Ὺ
1942 2527 2083 2574 carnis,
2109 2529 2246 2565 votens
2281 2530 2456 2578 concupi-

1406 2580 1568 2618 scentiae
1587 2587 1714 2616 motus
1732 2579 1863 2626 vitare,
1884 2579 1931 2617 ad
1952 2581 2248 2628 speculationem
2269 2581 2454 2629 scientiae,

1405 2633 1560 2680 insurgit
1591 2632 1820 2681 quandoque
1848 2632 1980 2680 aliquis
2016 2640 2143 2670 motus
2171 2633 2290 2670 inanis
2317 2634 2455 2681 gloriae

1406 2685 1764 2735 impraemeditatus.
1787 2685 1837 2721 Et
1854 2685 1942 2722 ideo
1960 2697 2040 2722 non
2057 2693 2182 2734 potest
2200 2687 2319 2723 homo
2337 2687 2456 2726 vitare

1407 2751 1541 2776 omnes
1568 2737 1788 2774 huiusmodi
1814 2745 1963 2784 motus,
1990 2746 2147 2787 propter
2175 2738 2455 2787 corruptionem

1405 2791 1636 2841 praedictam
1655 2790 1692 2827 *ε
1722 2790 1789 2827 sed
1805 2791 1882 2827 hoc
1901 2791 2024 2827 solum
2049 2791 2185 2827 sufficit
2203 2791 2250 2828 ad
2271 2791 2455 2828 rationem
2481 2802 2492 2812 ⁶

1405 2844 1548 2893 peccati
1575 2843 1789 2889 voluntarii,
1818 2843 1922 2892 quod
1948 2843 2068 2892 possit
2093 2844 2211 2880 vitare
2240 2843 2415 2891 singulos.

1459 2899 1517 2934 Ao
1531 2908 1691 2933 TER-rium
1706 2907 1888 2933 mcx-:unum
1900 2896 2004 2944 quod
2019 2896 2108 2932 illud
2120 2896 2223 2945 quod
2238 2897 2354 2932 homo
2369 2895 2457 2933 facit

1407 2950 1487 2987 sine
1507 2949 1776 2987 deliberatione
1795 2948 1962 2995 rationis,
1978 2961 2054 2985 non
2068 2949 2232 2997 perfecte
2253 2948 2332 2996 ipse
2351 2948 2455 2986 facit:

1407 3002 1495 3052 quia
1522 3002 1612 3038 nihil
1632 3009 1810 3050 operatur
1836 3001 1887 3038 ibi
1914 3001 1952 3038 id
1972 3001 2075 3051 quod
2105 3009 2159 3037 est
2185 3000 2390 3049 principale
2416 3000 2456 3037 in

1406 3055 1572 3092 homine.
1602 3054 1712 3091 Unde
1741 3066 1820 3091 non
1850 3061 1904 3090 est
1929 3054 2093 3102 perfecte
2122 3061 2225 3090 actus
2252 3054 2456 3090 humanus.

1407 3109 1455 3145 Et
1473 3120 1542 3156 per
1561 3119 1797 3155 consequens
1825 3119 1902 3143 non
1922 3113 2045 3154 potest
2064 3118 2145 3143 esse
2169 3106 2334 3154 perfecte
2351 3114 2458 3143 actus

1404 3160 1550 3198 virtutis
1578 3160 1640 3196 vel
1667 3158 1827 3207 peceati,
1861 3158 1927 3195 sed
1956 3158 2096 3205 aliquid
2129 3158 2392 3207 imperfectum
2418 3158 2459 3199 in

1406 3225 1544 3260 genere
1571 3213 1721 3248 horum.
1747 3211 1858 3247 Unde
1884 3211 1968 3247 talis
1986 3218 2114 3247 motus
2134 3210 2383 3248 sensualitatis
2402 3223 2459 3248 ra-

1405 3266 1548 3302 tionem
1577 3263 1837 3312 praeveniens,
1863 3270 1918 3299 est
1945 3271 2144 3311 peccatum
2171 3263 2332 3310 veniale,
2353 3263 2460 3312 quod

1407 3325 1462 3354 est
1482 3317 1662 3365 quiddam
1683 3315 1944 3363 imperfectum
1965 3315 2003 3352 in
2022 3327 2159 3364 genere
2174 3316 2334 3365 peccati.

349 3436 376 3467 α)
396 3442 484 3467 quam.
501 3448 520 3454 -
538 3434 609 3467 quod
627 3434 673 3458 Pa.

349 3469 374 3503 β)
393 3471 430 3495 ad
448 3470 523 3495 aliud
540 3469 736 3502 cogitationem.
755 3482 771 3487 -
791 3467 979 3500 cogitationem
998 3466 1035 3491 ad
1053 3466 1107 3490 alia
1127 3466 1171 3495 Pa,
1191 3466 1228 3490 ad
1241 3465 1295 3490 alia
1308 3472 1350 3489 co-

294 3506 451 3539 gitationem
471 3505 502 3530 K.

1457 3431 1483 3463 γ)
1504 3429 1708 3454 delectabilibus.
1725 3442 1744 3447 -
1763 3428 1978 3453 delectationibus
1997 3428 2081 3453 PCDl.

2484 768 2494 777 '
2507 767 2558 788 Art.
2573 767 2681 794 praeced.

2481 1588 2490 1597 ·
2495 1586 2687 1615 Qu.1.xxvm‚art.
