2840 4010
113 380 122 388 ·
137 378 162 399 In
178 382 282 404 corpore.

112 685 121 694 ·
136 683 194 705 Dist.
209 689 267 709 xxx,
282 688 320 710 qu.

112 717 128 738 ι,
143 714 184 732 art.
199 716 218 737 2,
234 709 261 731 ad
271 715 291 737 3,
302 715 321 736 5.

113 1923 123 1933 ⁸
139 1921 205 1943 Vers.
220 1927 248 1943 12.

114 2348 122 2356 ¹
138 2346 172 2368 Ca

113 2373 152 2394 lib.

113 2405 161 2420 XXX.

192 2362 196 2367 .
214 2352 245 2367 iv.
262 2357 272 2362 -
288 2345 325 2367 Cf.

186 2389 192 2400 ,
212 2378 264 2400 cap.
285 2378 324 2399 xx,

114 2668 123 2678 ⁸⁸
132 2667 167 2688 De
178 2666 235 2688 Fide
246 2666 323 2693 Orth„

114 2693 152 2714 lib.
168 2693 207 2720 111,
223 2699 272 2720 cap.
287 2699 310 2714 ιι.

117 3144 125 3152 ·
141 3141 207 3163 Vers.
222 3147 251 3163 12.

355 194 403 229 92

406 263 464 298 AD
493 274 681 299 SECUNDUM
714 273 896 298 DICENDUM
927 259 1031 308 quod
1070 271 1158 295 caro
1187 269 1265 294 non
1294 256 1411 294 inficit

352 314 520 351 animam
549 314 618 351 nisi
645 314 868 362 inquantum
899 320 952 348 est
980 310 1209 360 principium
1243 309 1409 346 activum

351 367 390 404 in
419 367 671 415 generatione,
693 373 735 402 ut
764 365 904 402 dictum
935 371 990 400 est
1020 364 1049 401 ⁹²².

404 422 463 457 An
492 431 649 456 TERTtUM
674 430 856 455 DICENDUM
886 416 991 466 quod
1010 416 1069 453 ille
1100 415 1164 465 qui
1183 415 1412 452 formaretur

1010 179 1275 226 QUAESTIO
1305 179 1484 225 LXXXI,
1513 177 1808 214 ARTiCULUs
1834 178 1872 214 v

1466 268 1511 292 ex
1532 268 1644 293 carne
1662 257 1844 303 humana,
1863 256 1992 292 fuisset
2010 256 2047 292 in
2067 257 2190 293 Adam
2214 257 2417 293 secundum
2441 267 2522 292 cor-

1460 309 1654 357 pulentam
1682 309 1945 353 substantiam;
1969 308 2036 345 sed
2065 321 2142 345 non
2171 309 2381 347 secundum
2410 308 2525 345 serni-

1467 363 1592 398 nalem
1627 361 1830 407 rationem,
1864 368 1905 398 ut
1939 361 2082 398 dictum
2111 367 2166 398 est
2192 356 2223 398 ³¹⁴.
2253 360 2303 409 Et
2328 357 2416 399 ideo
2446 372 2524 399 non

1467 416 1705 454 contraheret
1732 413 1910 462 originale
1939 421 2151 462 peccatum.

1023 508 1353 542 Commenta-ia
1377 508 1626 541 Cardinalis
1649 508 1848 541 Caietam*

381 602 400 622 N
417 590 548 621 articulo
566 595 678 630 quarto
695 588 837 618 eiusdem
854 586 1189 628 octogesimaeprimae
1206 586 1409 628 quaestioni5‚

354 604 412 665 Iin
436 633 642 674 responsione
666 633 704 662 ad
728 631 915 668 secundum,
934 631 1068 663 dubium
1085 631 1229 667 occurrit,
1254 631 1329 671 quia
1345 633 1410 661 Au-

350 686 416 710 ctor
431 678 462 708 in
479 678 505 707 11
521 677 606 707 Sent.
624 676 652 713 ⁴¹¹,
673 683 702 708 et
718 673 768 706 hic
787 675 818 706 in
836 682 891 706 art.
914 686 939 712 1,
957 676 997 706 ad
1012 685 1043 716 4,
1067 682 1152 706 tenet
1173 675 1311 705 animam
1327 673 1411 704 infici

350 733 386 753 ex
409 732 500 752 carne
523 731 604 762 quae
629 727 675 751 est
689 730 760 760 pars
779 719 885 760 geniti,
902 730 999 760 quam
1016 726 1138 750 constat
1154 729 1219 748 non
1236 728 1302 748 esse
1325 717 1411 758 prin-

349 766 468 806 cipium
492 765 630 796 activum
648 765 681 794 in
705 763 921 804 generatione:
947 774 1032 794 nunc
1048 773 1122 794 vero
1138 762 1211 793 dicit
1234 762 1321 802 quod
1338 771 1410 792 caro

348 821 414 840 non
438 809 536 840 inficit
558 809 618 839 nisi
640 808 832 850 inquantum
855 815 902 839 est
923 807 1116 848 principium
1140 806 1278 836 activum
1300 805 1337 836 in
1355 815 1409 844 ge-

348 854 519 884 neratione.
544 854 620 883 Non
643 852 727 883 enirn
751 859 834 883 stant
855 853 932 883 haec
956 852 1021 882 duo
1044 851 1149 881 simul.

404 898 441 928 Π.
457 897 508 928 Ad
523 897 586 928 hoc
602 897 715 928 dicitur
731 897 819 937 quod
835 897 943 927 carnis
966 895 1098 926 nomine
1118 901 1257 934 quatuor
1271 891 1411 933 accipere

349 950 535 982 possumus:
553 951 668 981 corpus
681 948 858 981 paternum,
871 949 906 970 ex
920 950 985 980 quo
1001 938 1154 969 deciditur
1166 947 1273 968 semen
1287 937 1410 978 ipsum;

349 996 471 1023 semen,
501 986 677 1016 secundum
699 985 849 1015 virtutem
879 984 1012 1014 activam
1034 983 1067 1013 in
1095 981 1206 1022 spiritu
1238 989 1410 1022 spumoso;

349 1040 475 1061 carnem
503 1039 584 1071 quae
607 1029 643 1059 fit
672 1039 743 1069 pars
774 1027 870 1069 prolis
898 1027 930 1057 in
959 1027 1028 1067 ipsa
1052 1026 1170 1056 unione
1194 1025 1233 1056 ad
1257 1025 1410 1061 animam3

350 1080 380 1104 et
403 1084 528 1104 carnem
551 1081 587 1104 ut
605 1079 855 1113 perseverantem
871 1071 903 1101 in
923 1071 1022 1111 prole.
1046 1070 1087 1101 Et
1104 1070 1284 1110 retrogrado
1302 1068 1412 1100 ordine

349 1118 562 1158 procedendo,
581 1127 652 1148 caro
669 1126 869 1156 perseverans
885 1114 984 1146 inficit
1000 1114 1139 1145 animam
1162 1113 1320 1144 mediante
1339 1113 1412 1153 pro-

349 1162 419 1202 prio
444 1172 613 1197 consensu,
642 1161 719 1191 dum
743 1160 935 1200 concupiscit
961 1159 1117 1191 adversus
1143 1159 1301 1199 spiritum.
1328 1156 1411 1189 Caro

1465 596 1539 617 vero
1563 586 1596 616 in
1620 586 1748 623 unione,
1771 594 1806 618 ut
1829 593 1890 617 stat
1911 587 1972 617 sub
1987 585 2109 617 actione
2133 583 2261 615 seminis
2277 585 2470 624 generando,
2481 585 2526 616 vi·

1465 629 1576 667 ventis,
1593 629 1718 661 inficere
1737 629 1800 661 dici
1821 637 1927 670 potest
1946 638 1982 661 ut
2005 628 2144 665 materia,
2169 627 2219 658 cui
2236 635 2400 669 coaptatur
2423 622 2528 671 sonna

1465 673 1498 703 in
1521 673 1676 714 principio
1699 673 1732 704 in
1756 673 1981 706 constitutione
2005 680 2144 704 naturae.
2161 672 2260 712 Magis
2284 679 2401 707 tamen,
2425 679 2457 703 et
2474 681 2528 713 νᾳ

1465 717 1539 753 rius,
1560 716 1674 748 dicitur
1688 717 1776 758 quod
1796 727 1903 748 semen
1926 717 2034 754 inficit,
2051 716 2102 748 cui
2124 716 2252 756 proprie
2275 714 2423 747 convenit
2445 713 2526 750 actio

1465 768 1608 792 naturae:
1635 767 1665 791 et
1688 760 1798 791 eadem
1820 761 1953 801 ratione,
1967 762 2040 794 licet
2054 767 2185 796 remote,
2210 767 2378 800 paternum
2401 769 2526 801 corpus,

1464 805 1655 846 inquantum
1671 804 1830 836 mediante
1845 804 1964 837 semine
1980 806 2078 838 active
2088 812 2229 846 generat.
2249 803 2296 834 Ex
2311 803 2427 844 quibus
2441 809 2529 845 patet

1465 849 1554 890 quod
1569 848 1771 891 verissimum
1787 855 1833 880 est
1848 849 2024 890 quod.caro
2043 860 2111 881 non
2129 847 2229 879 inficit
2244 848 2312 878 sola
2335 846 2439 890 (quod
2455 842 2526 879 dico

1465 900 1595 933 propter
1610 902 1734 924 carnem
1752 899 1787 924 ut
1801 891 2078 936 perseverantem),
2093 893 2153 925 nisi
2167 903 2227 933 pro
2243 898 2364 933 quanto
2381 898 2428 923 est
2442 891 2526 932 prin-

1466 936 1585 977 cipium
1609 937 1763 968 activum:
1788 936 1863 977 quia
1886 936 1912 967 si
1937 947 2008 968 caro
2031 937 2064 968 in
2081 937 2199 969 unione
2221 935 2329 974 inficit,
2352 936 2414 966 hoc
2433 935 2528 976 habet

1465 988 1502 1013 ut
1525 987 1585 1024 stat
1607 980 1665 1012 sub
1690 980 1844 1022 principio
1865 979 1978 1012 activo.
2002 980 2044 1012 Et
2066 980 2111 1013 sic
2132 978 2308 1012 verificatur
2330 980 2426 1011 etiam
2446 979 2527 1010 illud

1466 1025 1719 1066 comparativum
1735 1026 1850 1066 magis,
1866 1025 1900 1057 in
1916 1024 2020 1065 primo
2045 1024 2176 1056 articulo
2200 1023 2351 1065 positum,
2376 1024 2415 1055 ad
2434 1033 2526 1065 quar-

1467 1077 1552 1101 tum:
1578 1069 1678 1110 magis
1702 1079 1840 1110 namque
1863 1067 1962 1100 inficit
1985 1079 2093 1099 semen
2117 1078 2215 1109 quam
2239 1078 2310 1100 caro
2332 1066 2365 1099 in
2390 1068 2526 1104 unione,

1467 1113 1542 1155 quia
1562 1120 1695 1154 propter
1721 1113 1817 1149 illud;
1843 1119 1873 1144 et
1896 1122 1995 1154 quam
2023 1122 2094 1144 caro
2122 1121 2339 1153 perseveram,
2363 1111 2437 1152 quia
2460 1121 2527 1142 non

1466 1156 1527 1188 nisi
1549 1156 1704 1188 diminute
1727 1156 1833 1193 inficit,
1859 1163 1894 1188 ut
1918 1156 2038 1188 dictum
2061 1163 2119 1193 est,
2142 1154 2407 1195 concupiscendo.

978 1373 979 1377 Ἰ
1138 1309 1454 1368 ARTICULUS
1485 1318 1740 1371 QUINTUS
2390 1368 2414 1372 ,μ

540 1409 709 1444 UTRUM,
735 1408 770 1438 Sl
794 1407 918 1438 ADAM
940 1406 1032 1437 NON
1057 1404 1312 1440 FECCASSET,
1337 1404 1425 1434 EVA
1447 1403 1694 1440 PECCANTE,
1719 1402 1815 1433 FILII
1839 1402 2075 1434 ORlGINALE
2098 1401 2338 1434 PECCATUM

1259 1448 1619 1479 CONTRAHERENT

2503 1486 2529 1503 ‚¹12

561 1531 582 1555 Il
602 1530 684 1559 Sene„
705 1530 763 1555 dist.
781 1537 852 1561 xxxi,
871 1536 950 1562 qu.1‚
971 1534 1018 1554 art.
1039 1535 1067 1558 2,
1087 1528 1119 1552 ad
1137 1534 1168 1558 4;
1188 1527 1230 1557 IV,
1250 1527 1309 1551 dist.
1322 1533 1344 1557 1,
1364 1532 1409 1558 qu.
1427 1533 1460 1557 11,
1479 1530 1526 1551 art.
1543 1532 1567 1555 2,
1585 1527 1632 1558 qu·
1653 1533 1682 1556 2,
1701 1525 1732 1549 ad
1757 1532 1784 1555 ¹5
1805 1525 1846 1550 Dc
1863 1525 1948 1554 Malo,
1967 1532 2058 1558 quan,
2077 1530 2123 1550 art.
2138 1533 2164 1558 7,
2183 1525 2216 1550 ad
2232 1533 2264 1557 4,
2285 1524 2316 1556 53

1040 1563 1085 1588 Ad
1102 1563 1188 1591 Rom„
1209 1570 1265 1595 cap.
1284 1569 1308 1593 v,
1328 1562 1386 1586 lect.
1404 1568 1447 1592 ως
1466 1561 1477 1586 1
1498 1561 1568 1592 Cor„
1588 1568 1643 1593 cap.
1662 1568 1702 1590 xv.
1722 1561 1779 1585 lect.
1799 1568 1837 1585 ω.

385 1656 422 1694 „⁴
438 1660 462 1673 v
501 1663 540 1693 μ
561 1659 584 1683 D
605 1658 766 1688 QUINTUM
787 1657 839 1684 s1c
859 1656 1100 1682 PRocemrua.
1114 1642 1274 1680 Videtur
1293 1641 1410 1691 quod,

367 1693 433 1755 θῇ“
482 1685 542 1756 {⁵53
563 1699 593 1736 si
617 1699 748 1738 Adam
766 1711 845 1736 non
872 1704 1080 1747 peccasset,
1101 1697 1187 1733 Eva
1214 1702 1409 1745 peccante,

365 1748 491 1804 ,Ὺνξ
511 1753 533 1792 '6
562 1752 629 1789 filii
671 1751 848 1799 originale
891 1758 1090 1799 peccatum
1134 1750 1410 1786 contraherent.

356 1808 360 1813 ”
409 1777 507 1835 §²²⁹9
522 1793 767 1842 Peccatum
798 1804 899 1841 enim
929 1803 1108 1851 originale
1138 1815 1160 1839 a
1192 1801 1412 1850 parentibus

353 1859 610 1897 contrahimus
631 1864 659 1905 α,
689 1858 912 1906 inquantum
941 1857 980 1893 in
1009 1856 1062 1893 eis
1091 1855 1250 1892 fuimus:
1281 1867 1414 1891 secun-

353 1915 445 1952 dum
466 1913 556 1950 illud
575 1911 759 1961 Apostoli,
780 1912 891 1947 Rom.
912 1922 936 1946 v
954 1909 991 1946 *τ
1021 1911 1066 1946 In
1087 1920 1161 1957 quo
1180 1920 1310 1945 omnes
1326 1919 1414 1956 pec·-

352 1972 542 2004 caverunt.
565 1966 640 2003 Sed
661 1965 753 2002 sicut
771 1965 891 2002 homo
912 1962 1128 2012 praeexistit
1147 1961 1185 1999 in
1203 1969 1310 2010 patre
1330 1973 1413 2008 suo,

351 2021 401 2058 ita
429 2020 467 2057 in
496 2026 626 2056 matre.
658 2019 760 2066 Ergo
781 2029 827 2053 ex
846 2024 1003 2065 peccato
1031 2014 1162 2053 matris
1178 2014 1299 2052 homo
1327 2027 1416 2064 peo-

352 2081 478 2110 catum
508 2072 686 2120 originale
716 2071 964 2116 contraheret,
996 2069 1091 2106 sicut
1119 2075 1155 2105 et
1183 2080 1228 2104 ex
1257 2074 1414 2116 peccato

350 2126 476 2176 patris.
1342 2135 1345 2138 ’
1409 2136 1411 2138 ·

407 2192 441 2216 2.
471 2180 712 2223 PRAETEREA‚
748 2177 778 2213 si
811 2177 895 2213 Eva
928 2182 1142 2224 peccasset,
1172 2174 1299 2211 Adam
1338 2186 1416 2211 non

352 2239 545 2282 peccante,
574 2230 639 2268 filii
667 2230 864 2279 passibiles
893 2236 929 2265 et
950 2228 1128 2266 mortales
1153 2234 1414 2265 nasceremur:

352 2292 473 2324 mater
501 2284 604 2322 enim
629 2284 695 2321 dat
717 2283 915 2320 materiam
936 2281 974 2318 in
992 2281 1248 2330 generatione,
1269 2287 1310 2317 ut
1322 2279 1417 2318 dicit

352 2339 626 2387 Philosophus,
656 2337 695 2374 in
725 2337 756 2374 ΙΙ
786 2336 832 2374 de
862 2335 1038 2373 Generat.
1057 2334 1224 2372 Animal.
1245 2333 1283 2377 *;
1309 2345 1416 2371 mors

353 2399 494 2438 autem,
523 2398 560 2427 et
587 2389 714 2427 omnis
739 2388 980 2438 passibilitas,
1007 2387 1185 2436 provenit
1214 2399 1259 2424 ex
1285 2399 1416 2438 neces-

353 2445 459 2483 sitate
478 2443 671 2482 materiae.
699 2442 779 2480 Sed
801 2441 1024 2491 passibilitas
1049 2448 1084 2478 et
1103 2440 1305 2479 necessitas
1331 2452 1416 2478 mo-

352 2497 472 2536 riendi
491 2504 578 2534 sunt
591 2502 721 2544 'poena
741 2494 889 2544 *peccati
913 2493 1115 2542 originalia.
1145 2494 1260 2541 Ergo,
1280 2493 1311 2531 si
1331 2494 1417 2532 Eva

351 2557 559 2601 peccasset,
577 2549 703 2586 Adam
728 2561 806 2586 non
834 2555 1027 2597 peccante,
1055 2547 1123 2584 filii
1151 2547 1417 2584 comraherem

354 2604 538 2652 originale
561 2609 774 2651 peccatum.

408 2658 442 2694 3.
463 2657 698 2701 PRAETEREA,
727 2656 991 2691 Damascems
1020 2652 1123 2700 dicit,
1139 2653 1178 2690 in
1198 2652 1294 2690 libro
1314 2654 1365 2690 11}
1383 2653 1415 2701 ³²,

353 2709 459 2759 quod
487 2709 645 2758 Spiritus
672 2709 830 2745 sanctus
852 2707 1052 2755 praevenit
1076 2706 1115 2743 in
1142 2706 1342 2756 virginem,
1369 2707 1417 2743 de

353 2775 431 2811 quas
449 2762 621 2800 Christus
650 2768 728 2799 erat
747 2761 891 2808 absque
921 2767 1081 2808 pecca-to
1099 2759 1268 2807 originali
1295 2758 1416 2796 nasci·

351 2824 469 2862 turus,
483 2825 660 2864 purgans
686 2825 784 2851 eam.
814 2813 891 2850 Sed
910 2813 972 2850 illa
991 2812 1163 2861 purgatio
1181 2825 1262 2850 non
1287 2812 1418 2849 fuisset

353 2868 583 2914 necessaria,
610 2867 642 2904 si
668 2866 820 2904 infectio
849 2865 1036 2913 original-is
1064 2865 1210 2914 peccati
1238 2877 1316 2903 non
1344 2872 1419 2902 tra,-

353 2923 506 2960 heretur
533 2933 578 2958 ex
607 2927 739 2958 matre.
770 2919 872 2966 Ergo
893 2918 1048 2956 infectio
1064 2918 1255 2966 originalis
1272 2918 1418 2967 peccati

355 2987 401 3013 ex
428 2982 551 3012 matre
577 2973 744 3011 trahitur.
774 2973 824 3009 Et
847 2971 911 3018 sic,
932 2971 1018 3008 Eva
1035 2979 1229 3019 peccante,
1251 2972 1335 3008 eius
1352 2971 1417 3008 filii

353 3035 553 3076 peccatum
576 3025 753 3074 originale
783 3025 1058 3071 contraherent,
1090 3024 1205 3062 etiam
1231 3024 1261 3061 si
1290 3025 1416 3061 Adam

354 3093 431 3118 non
460 3087 665 3129 peccasset.

409 3135 482 3171 SED
503 3145 649 3170 CONTRA
666 3143 733 3169 EST
752 3130 859 3180 quod
876 3130 1084 3178 Apostolus
1106 3129 1205 3177 dicit,
1221 3131 1333 3167 Rom.
1345 3129 1419 3166 v*::

354 3187 428 3222 Per
455 3199 571 3223 unum
603 3185 791 3223 hominem
815 3189 1012 3232 pecc-amm
1041 3183 1083 3220 in
1107 3184 1213 3220 hum·
1234 3183 1417 3220 mundum

355 3239 517 3275 intravit.
548 3238 674 3286 Magis.
698 3245 827 3275 autem
851 3237 983 3274 fuisset
999 3236 1209 3274 dicendum
1226 3235 1330 3284 quod
1349 3247 1420 3284 per

357 3291 454 3328 duos
472 3291 654 3338 intrasset,
677 3303 764 3328 cum
785 3290 902 3327 ambo
922 3289 1180 3338 pectava-inu
1209 3289 1272 3326 vel
1291 3288 1419 3337 potius

355 3356 423 3392 per
450 3343 668 3390 mulierem,
698 3355 796 3391 quae
830 3342 954 3391 primo
993 3342 1184 3391 peccavi&
1215 3342 1244 3379 si
1277 3341 1421 3379 femina

409 3465 436 3496 α)
455 3464 644 3489 contrahimus.
663 3477 682 3482 -
699 3465 884 3489 contraximus
904 3465 954 3489 EF.

409 3498 434 3533 β)
451 3502 594 3531 peccasset.
612 3513 630 3517 -
649 3499 710 3523 Om.
730 3499 759 3523 P.

1464 1648 1664 1690 peccatum
1692 1641 1871 1688 originale
1899 1641 1939 1678 in
1961 1637 2111 1690 prolem
2130 1642 2407 1679 transmitteret.
2430 1642 2531 1688 Non

1467 1706 1556 1742 ergo
1585 1702 1786 1743 peccatum
1814 1694 1994 1742 originale
2023 1694 2216 1732 derivatur
2234 1694 2273 1731 in
2291 1694 2454 1732 filios-a?
2507 1696 2530 1723 '-

1466 1755 1534 1794 tre,
1565 1747 1633 1784 sed
1661 1759 1683 1784 a
1709 1755 1827 1795 patre.
2504 1751 2531 1769 “⁷

1521 1802 1746 1838 RESPONDEO
1779 1812 1962 1838 mcaNDUM
1997 1801 2104 1848 quod
2138 1800 2251 1837 huius
2288 1799 2531 1837 dubitationis

1468 1854 1606 1890 solutio
1635 1866 1680 1890 ex
1708 1853 1926 1902 praemissis
1959 1861 2126 1902 apparet.
2161 1853 2314 1891 Dictum
2345 1860 2400 1890 est
2427 1852 2530 1890 enim

1468 1917 1582 1955 supra
1596 1906 1617 1928 ‘¹‘
1634 1907 1740 1954 quod
1762 1915 1963 1955 peccatum
1989 1906 2170 1954 originale
2189 1919 2212 1943 a
2230 1906 2355 1955 primo
2374 1913 2530 1955 parente

1468 1959 1676 1998 traducitur
1703 1960 1927 2008 inquantum
1960 1959 2041 2008 ipse
2069 1967 2202 1999 movet
2235 1959 2284 1996 ad
2321 1959 2531 2007 generatio-

1469 2025 1559 2051 nem
1579 2019 1775 2050 natorum:
1795 2013 1898 2050 unde
1914 2012 2055 2050 dictum
2071 2020 2127 2050 est
2140 2012 2161 2035 ’¹‘
2180 2013 2296 2061 quod,
2311 2012 2342 2049 si
2357 2012 2531 2050 materia—

1469 2065 1551 2103 liter
1569 2064 1715 2119 tantum
1740 2065 1873 2115 aliquis
1894 2063 1939 2102 ex
1959 2077 2071 2102 carne
2090 2066 2260 2102 humana
2277 2072 2530 2114 generaretur,

1468 2119 1650 2168 originale
1668 2127 1868 2168 peccatum
1896 2131 1974 2156 non
2004 2119 2253 2156 contraheret.
2284 2118 2531 2156 Manifestum

1471 2180 1526 2209 est
1554 2180 1681 2210 autem
1700 2173 1912 2209 secundum
1937 2171 2146 2209 doctrinam
2165 2171 2484 2221 philosophorum
2497 2171 2530 2219 ¹⁸,

1469 2226 1577 2274 quod
1607 2225 1835 2274 principium
1869 2225 2037 2262 activum
2070 2225 2108 2262 in
2128 2224 2385 2272 >generatione
2420 2232 2532 2282 estc?

1469 2286 1597 2327 patre,
1635 2278 1832 2316 materiam
1869 2285 2001 2315 autem
2034 2285 2159 2315 mater
2187 2277 2390 2316 nfinistrat.
2418 2272 2532 2322 Utis&

1468 2339 1670 2380 peccatum
1697 2331 1878 2379 originale
1906 2343 1986 2368 non
2014 2331 2250 2369 contrahimur
2265 2343 2292 2368 a
2306 2318 2547 2383 muts-„a

2507 2382 2530 2395 Ἥ,

1469 2397 1492 2427 a
1519 2392 1636 2434 patre.
1667 2386 1716 2422 Et
1743 2386 1953 2422 secundum
1981 2385 2080 2431 hoc,
2107 2384 2157 2431 si,
2183 2384 2311 2422 Adam
2338 2394 2423 2422 mm
2443 2386 2537 2432 μᾶ

1470 2446 1590 2485 cante,
1611 2439 1700 2475 Eva
1721 2445 1928 2486 peccasset,
1947 2437 2015 2475 filii
2034 2437 2218 2485 originale
2233 2444 2434 2486 peccatum
2452 2435 2535 2474 fron

1470 2492 1744 2528 contraherent.
1774 2491 1807 2527 E
1837 2502 2024 2528 converso
2051 2498 2179 2527 autem
2208 2497 2320 2537 esset,
2346 2490 2381 2527 six
2404 2489 2537 2527 Adum

1468 2552 1673 2593 peccasset,
1703 2551 1740 2581 et
1767 2545 1852 2581 Eva
1879 2555 1959 2581 non
1986 2551 2185 2592 peccasset
2198 2541 2224 2580 β.
2503 2559 2505 2562 ·

1522 2599 1582 2635 An
1610 2609 1746 2634 PmMUM
1765 2609 1864 2634 aneo
1892 2608 2076 2634 mesanum
2099 2596 2206 2646 quod
2231 2596 2271 2632 in
2291 2599 2407 2644 patre
2420 2606 2534 2644 prae)-

1470 2650 1591 2689 existit
1608 2650 1709 2687 filius
1729 2650 1824 2687 sicut
1842 2650 1880 2687 in
1899 2649 2083 2699 principio
2102 2649 2250 2686 activo:
2270 2649 2341 2686 sed
2356 2648 2395 2685 in
2413 2655 2535 2685 mure

1469 2704 1566 2742 sicut
1592 2704 1630 2740 in
1659 2702 1843 2752 principio
1872 2702 2056 2740 materiali·
2073 2710 2110 2739 et
2127 2702 2296 2751 passivo.
2324 2701 2435 2739 Unde
2451 2712 2533 2738 non

1469 2764 1526 2795 est
1553 2756 1684 2794 similis
1712 2756 1818 2793 ratio,
2436 2775 2438 2777 ·
2463 2764 2482 2780 ’ὲ
2508 2766 2535 2785 »ι

1523 2811 1582 2847 AD
1601 2821 1791 2847 SECUNDUM
1811 2820 1994 2860 memnon
2015 2808 2119 2857 quod
2140 2807 2374 2856 quibusdam
2384 2806 2537 2844 videtne

1470 2863 1588 2911 quod,
1618 2863 1704 2899 Eva
1723 2869 1918 2911 peccante,
1939 2862 1972 2899 si
1987 2861 2116 2899 Adam
2135 2873 2218 2898 nous
2233 2867 2438 2910 peccasset,
2466 2858 2538 2904 ἢῆ

1471 2923 1597 2953 essent
1629 2915 1822 2952 immunes
1851 2927 1873 2951 a
1901 2915 2032 2964 culpa,
2061 2921 2283 2963 paterentur
2312 2921 2443 2950 tamn
2466 2923 2536 2949 mu·-

1472 2969 1685 3006 cessita‘uem
1713 2967 1914 3015 moriendi,
1944 2975 1981 3004 et
2005 2967 2097 3004 alias
2123 2966 2423 3016 passibilitmes*
2446 2975 2533 3014 pro-

1470 3022 1667 3060 venientes
1700 3033 1745 3058 ex
1777 3020 1998 3058 necessitate
2034 3021 2234 3066 materiae,
2264 3030 2380 3069 quam
2413 3025 2543 3056 matu!

1472 3075 1668 3123 ministrat,
1683 3086 1763 3112 ηοω
1782 3075 1858 3111 sub*
1874 3074 2018 3111 ratione
2037 3085 2203 3122 poenae,¹
2219 3073 2288 3110 sed
2306 3072 2407 3109 sictut
2421 3081 2538 3121 qm

1473 3129 1562 3166 dam
1589 3128 1778 3165 naturales
1811 3127 1991 3164 defectus.
2012 3147 2035 3154 -
2058 3127 2135 3164 Sed
2166 3127 2242 3163 hoc
2274 3136 2356 3162 non
2384 3124 2536 3162 Μ

1472 3180 1715 3218 conveniens.
1755 3180 2020 3217 Immortalitas
2054 3179 2158 3217 enim
2188 3187 2229 3216 et
2255 3175 2535 3227 impauffias

1470 3234 1585 3283 primi
1598 3241 1715 3271 status
1735 3246 1814 3270 non
1834 3241 1913 3270 erat
1929 3245 1974 3270 ex
1990 3232 2208 3270 conditione
2226 3231 2419 3276 materiae,
2433 3236 2477 3266 ut
2493 3229 2530 3265 in

1471 3288 1601 3325 Primo
1621 3287 1642 3309 *
1670 3287 1812 3324 dictum
1838 3294 1913 3332 est3
1943 3286 2012 3323 sed
2040 3298 2085 3323 ex
2105 3284 2277 3334 originali
2297 3281 2534 3331 iudam-per

1472 3352 1588 3390 quam
1618 3351 1756 3389 corpus
1776 3339 2009 3377 subdebatur
2033 3339 2198 3386 anirnae,
2215 3335 2389 3387 quandiu
2404 3334 2533 3372 anima

1524 3465 1550 3497 γ)
1567 3463 1766 3495 passibilitates.
1785 3477 1802 3481 —
1816 3462 1956 3494 passiones
1974 3461 2025 3486 EF.

2552 376 2562 386 ⁸
2577 374 2636 397 Ibid.

2559 1925 2567 1933 ·
2581 1923 2632 1946 Art.
2646 1929 2661 1946 t.

2558 2031 2566 2039 ·
2580 2028 2632 2052 An.
2647 2027 2754 2058 praeced.

2559 2189 2568 2198 ·
2583 2187 2620 2211 Cf.
2634 2193 2681 2216 urg.
2696 2193 2718 2209 ι.

2559 3303 2570 3315 ’
2585 3303 2634 3331 Qu.
2647 3309 2717 3328 κω,
2728 3306 2771 3327 ιη.

2560 3329 2754 3358 1;nrt.2‚ed4.
