2840 4010
99 738 110 749 ”
126 734 193 761 Vera.
208 744 238 760 ει.

97 944 110 956 ’
122 943 190 966 Vm.
204 950 226 972 3.

93 1153 172 1177 ’Am
187 1159 203 1176 ε.

93 1843 216 1880 mg„

1017 123 1282 169 QUAEs‘rlo
1311 124 1448 171 cxiv,
1476 125 1771 162 ARTICULUS
1799 125 1835 162 v

337 203 440 250 Ergo
469 199 602 237 caritas
621 213 700 238 non
721 209 776 238 est
798 201 1040 251 principalius
1060 202 1288 251 principium
1315 214 1395 238 me-

337 253 446 291 rendi
473 264 592 301 quam
620 254 692 291 alia
719 254 850 291 virtus.

392 307 428 343 3.
456 307 696 354 Pasa-ream,
725 307 786 344 illa
818 307 938 344 virtus
969 307 1121 344 videtur
1152 306 1394 354 principalius

338 371 421 396 esse
448 359 678 408 principium
711 359 901 406 merendi,
932 359 1038 396 cuius
1066 367 1170 395 actus
1198 366 1284 395 sunt
1316 371 1395 395 ma—

337 411 439 448 xime
474 412 666 449 meritorii.
701 413 779 449 Sed
812 412 978 449 maxime
1010 410 1191 448 meritorii
1218 411 1396 447 videntur

339 477 422 502 esse
458 472 564 502 actus
594 465 686 502 fidei
718 473 754 502 et
787 465 1006 514 patientiae,
1036 463 1115 500 sive
1149 462 1394 500 fortitudinis:

338 518 432 555 sicut
458 525 562 566 patet
587 517 628 555 in
654 518 900 565 martyribus,
925 515 990 564 qui
1016 528 1087 564 pro
1115 516 1192 552 fide
1211 515 1396 564 patienter

339 578 376 607 et
401 570 547 607 fortiter
576 582 699 619 usque
732 570 782 607 ad
811 576 976 606 mortem
1011 576 1262 606 certaverunt.
1292 569 1394 615 Ergo

338 622 433 660 aliae
460 622 617 659 virtutes
652 621 893 671 principalius
930 627 1017 658 sunt
1052 621 1279 670 principium
1317 633 1395 657 me-

339 675 447 713 rendi
474 687 592 724 quam
620 675 763 712 caritas.

393 729 468 765 SED
487 739 633 765 CONTRA
652 739 719 764 EST
737 726 842 776 quod
860 725 1063 774 Dominus,
1085 727 1189 763 Ioan.
1209 737 1270 762 xiv
1290 727 1321 772 *,
1343 726 1396 762 di-

339 781 408 818 cit:
438 781 480 817 Si
506 781 588 828 quis
615 779 738 829 diligit
762 791 834 824 me,
854 779 1031 828 diligetur
1052 791 1076 815 a
1095 780 1208 816 Patre
1233 790 1336 815 meo:
1363 785 1397 815 el

337 845 410 883 ego
428 833 585 882 diligam
605 844 703 877 eum,
723 837 759 868 et
775 832 1022 880 manifestabo
1042 832 1077 868 ei
1094 831 1288 881 meipsum.
1318 832 1395 868 Sed

336 886 377 924 in
395 885 593 923 manifesta
611 884 684 921 Dei
704 884 917 932 cognitione
938 884 1107 921 consistit
1123 884 1202 922 vita
1221 891 1394 930 aeterna;

336 939 551 976 secundum
568 937 660 974 illud
680 937 919 974 loan.xvi1*:
938 939 1052 974 Haec
1069 943 1122 974 est
1134 937 1210 974 vita
1229 942 1395 982 aeterna,

337 997 380 1029 ut
395 996 628 1042 cognoscant
644 995 678 1026 te
694 990 816 1027 solum
844 992 969 1027 Deum
996 1002 1128 1027 uerum
1157 995 1192 1026 et
1216 989 1344 1026 vivum
1365 994 1393 1026 ¹².

337 1045 440 1092 Ergo
465 1042 644 1080 meritum
663 1043 763 1080 vitae
792 1050 968 1080 aeternae
988 1042 1154 1079 maxime
1173 1041 1311 1079 residet
1329 1054 1395 1090 pe-

336 1108 404 1134 nes
433 1095 639 1133 caritatem.

389 1150 616 1186 REsponzo
635 1160 819 1185 Diei-:Nouii
840 1148 956 1197 quod,
979 1147 1074 1184 sicut
1097 1160 1142 1184 ex
1162 1146 1268 1184 dictis
1286 1146 1307 1168 '¹‘
1335 1159 1395 1183 ac-

338 1201 411 1252 cipi
438 1210 576 1251 potest‚
605 1202 798 1238 humanus
827 1209 932 1238 actus
959 1201 1075 1237 habet
1102 1199 1287 1237 rationem
1317 1212 1396 1236 me-

335 1254 443 1293 rendi
472 1253 518 1291 ex
543 1255 712 1292 duobus:
741 1254 867 1303 primo
888 1253 1043 1302 quidem
1070 1261 1105 1290 et
1127 1252 1394 1302 principaliter,

336 1320 382 1345 ex
411 1307 540 1345 divina
568 1307 818 1354 ordinatione,
848 1307 1059 1343 secundum
1089 1306 1194 1355 quod
1217 1313 1322 1342 actus
1343 1305 1396 1342 di-

336 1361 431 1398 citur
458 1373 542 1397 esse
570 1359 786 1397 meritorius
818 1359 916 1396 illius
944 1359 1035 1396 boni
1065 1359 1114 1396 ad
1142 1358 1248 1407 quod
1275 1359 1395 1395 homo

336 1413 514 1451 divinitus
534 1412 749 1459 ordinatur3
780 1412 948 1449 secundo
968 1424 1074 1458 vero,
1097 1424 1142 1448 ex
1165 1418 1271 1460 parte
1291 1411 1397 1448 liberi

334 1466 492 1513 arbitrii,
521 1465 748 1514 inquantum
777 1465 917 1502 scilicet
944 1465 1064 1502 homo
1093 1465 1208 1502 habet
1225 1476 1318 1513 prae
1338 1476 1396 1500 ce-

333 1519 422 1557 teris
451 1518 628 1556 creaturis
660 1525 702 1556 ut
728 1530 797 1567 per
825 1530 865 1555 se
894 1525 995 1566 agat,
1023 1517 1235 1555 voluntarie
1267 1529 1395 1564 agenS.

334 1572 384 1609 Et
402 1579 589 1621 quantum
613 1573 661 1608 ad
681 1579 897 1620 utrumque,
913 1570 1168 1620 principalitas
1186 1569 1310 1608 meriti
1328 1583 1394 1619 pe-

332 1636 402 1663 nes
431 1626 624 1662 caritatem
654 1624 832 1661 consistit.

387 1677 519 1715 Primo
540 1669 651 1715 'enim
681 1676 1001 1714 considerandum
1022 1683 1078 1713 est
1105 1675 1210 1725 quod
1229 1675 1308 1714 vita
1336 1688 1397 1712 ae-

334 1738 442 1768 terna
460 1731 500 1768 in
526 1730 600 1768 Dei
624 1730 801 1768 fruitione
822 1729 1000 1766 consistit.
1030 1730 1161 1766 Motus
1181 1736 1308 1766 autem
1329 1729 1397 1765 hu-

299 1828 301 1830 ,
331 1796 472 1821 manae
501 1783 639 1820 mentis
667 1783 716 1820 ad
735 1782 952 1819 fruitionem
972 1781 1089 1819 divini
1113 1781 1216 1830 boni,
1236 1789 1293 1818 est
1310 1793 1398 1830 pro-

333 1836 440 1886 prius
473 1843 578 1874 actus
613 1836 774 1873 caritatis
798 1835 838 1882 ³¹²,
872 1848 941 1884 per
974 1847 1088 1883 quern
1124 1846 1259 1872 omnes
1293 1842 1398 1871 actus

334 1889 495 1929 aliarum
522 1889 707 1937 virtutum
736 1888 959 1926 ordinantur
985 1888 1023 1924 in
1050 1888 1151 1924 hunc
1179 1888 1312 1935 finem,
1343 1899 1399 1924 se-

388 2003 416 2039 α)
435 2004 562 2029 solum...
580 2003 678 2029 viuum.
696 2016 716 2021 —
734 2002 820 2027 Deum
841 2009 932 2032 verum
951 2005 979 2027 et
997 2009 1079 2026 unum
1092 2001 1121 2034 F,
1139 2002 1226 2027 Deum
1245 2008 1337 2027 uerum
1352 2002 1396 2033 sB,

335 2039 422 2065 Deum
441 2046 533 2064 verum
553 2046 634 2063 unum
654 2037 741 2063 ceteri.

2430 127 2505 174 349

1450 204 1618 240 cundum
1638 203 1743 251 quod
1762 204 1856 240 aliae
1875 203 2032 241 virtutes
2051 204 2285 253 imperantur
2304 217 2325 242 a
2341 205 2503 242 caritate.

1449 256 1497 291 Et
1515 255 1602 292 ideo
1622 255 1798 292 meritum
1817 257 1916 293 vitae
1935 264 2110 294 aeternae
2130 258 2253 306 primo
2273 258 2434 307 pertinet
2457 258 2506 296 ad

1449 308 1661 345 caritatem:
1685 308 1734 346 ad
1753 309 1844 345 alias
1863 317 1990 346 autem
2009 310 2165 347 virtutes
2191 310 2428 358 secundario,
2449 323 2505 347 se-

1450 361 1618 397 cundum
1638 362 1743 410 quod
1763 374 1896 398 eorum
1918 370 2022 399 actus
2042 375 2064 399 a
2084 363 2234 399 caritate
2257 363 2501 412 imperantur.

1503 413 1681 450 Similiter
1709 414 1822 450 etiam
1846 415 2088 452 manifestum
2113 423 2168 452 est
2195 416 2301 463 quod
2329 416 2368 452 id
2401 416 2505 464 quod

1450 477 1494 501 ex
1523 478 1653 502 amore
1686 466 1864 514 facimus,
1894 468 2059 504 maxime
2085 468 2297 505 voluntarie
2335 469 2503 506 facimus.

1449 518 1560 554 Unde
1589 518 1702 555 etiam
1731 519 1941 556 secundum
1967 521 2068 568 quod
2093 521 2141 558 ad
2169 521 2353 558 rationem
2383 521 2506 558 meriti

1450 570 1649 618 requiritur
1668 571 1771 619 quod
1791 572 1836 608 sit
1862 573 2132 616 voluntarium,
2157 573 2408 622 principaliter
2426 586 2505 610 me·

1450 622 1568 659 ritum.
1592 623 1733 660 caritati
1762 624 1981 662 attribuitur.

1502 678 1560 711 AD
1581 688 1716 712 PRIMUM
1736 688 1834 713 ERGO
1854 689 2036 714 mCENDuM
2055 680 2160 726 quod
2181 679 2324 725 caritas,
2345 679 2505 727 inquan-

1449 735 1530 764 tum
1558 729 1672 764 habet
1709 729 1883 765 ultimum
1921 731 2037 767 finem
2073 744 2143 779 pro
2173 731 2342 778 obiecto,
2373 739 2505 768 movet

1450 780 1541 816 alias
1562 781 1717 817 virtutes
1736 781 1786 818 ad
1810 784 2047 830 operandum
2068 784 2099 820 ³¹².
2130 785 2291 832 Semper
2320 784 2420 820 enirn
2440 785 2505 820 ha-

1450 833 1548 869 bitus
1576 834 1768 881 aci-quem
1802 835 1962 882 pertinet
1994 836 2099 882 finis,
2129 836 2290 884 imperat
2316 837 2504 873 habitibus

1449 885 1498 921 ad
1527 898 1624 934 quos
1652 886 1840 934 pertinent
1868 899 1913 923 ea
1939 900 2037 935 quae
2066 897 2153 925 sunt
2171 889 2219 925 ad
2237 890 2372 934 finem;
2397 897 2439 926 ut
2458 901 2503 926 ex

1450 938 1672 986 supradictis
1691 938 1711 959 ²¹⁶
1738 946 1850 986 patet.

1502 993 1561 1026 AD
1581 1002 1769 1028 SECUNDUM
1793 1002 1976 1028 DicENDuM
1995 993 2100 1040 quod
2129 1005 2226 1041 opus
2254 993 2406 1040 aliquod
2434 1006 2503 1042 po-

1449 1049 1519 1079 test
1557 1055 1640 1079 esse
1676 1044 1909 1080 laboriosum
1939 1052 1974 1080 et
2002 1045 2152 1082 difficile
2181 1046 2388 1094 dupliciter.
2417 1047 2503 1083 Uno

1450 1095 1581 1142 modo,
1603 1108 1647 1132 ex
1676 1097 1934 1144 magnitudine
1964 1098 2100 1145 operis.
2126 1099 2175 1134 Et
2203 1098 2255 1134 sic
2283 1098 2504 1146 magnitudo

1447 1148 1587 1184 laboris
1614 1149 1774 1197 pertinet
1801 1150 1849 1186 ad
1878 1157 2124 1197 augmentum
2151 1151 2284 1188 meriti.
2306 1152 2354 1187 Et
2373 1150 2426 1187 sic
2447 1164 2506 1188 ca-

1451 1201 1536 1238 ritas
1556 1213 1634 1237 non
1655 1201 1830 1238 diminuit
1857 1202 2049 1239 laborem:
2078 1204 2198 1240 immo
2219 1204 2305 1240 facit
2324 1204 2474 1251 aggredi
2490 1202 2505 1233 β

1451 1266 1566 1302 opera
1595 1254 1781 1300 maxima;
1811 1267 1954 1303 magna
1984 1256 2085 1292 enim
2114 1262 2302 1303 operatur,
2331 1257 2365 1292 si
2382 1262 2444 1302 est,
2464 1263 2506 1292 ut

1451 1306 1655 1354 Gregorius
1676 1306 1763 1343 dicit
1781 1306 1819 1343 in
1839 1308 2004 1355 quadam
2025 1308 2181 1345 homilia
2194 1309 2225 1345 *.
2242 1330 2265 1336 -
2282 1308 2366 1345 Alio
2386 1309 2503 1346 modo
2532 1322 2542 1333 ·

1451 1371 1495 1395 ex
1525 1360 1673 1396 defectu
1700 1359 1817 1408 ipsius
1846 1361 2057 1408 operantis:
2086 1361 2290 1410 unicuique
2319 1361 2420 1398 enirn
2450 1369 2505 1398 est

1450 1412 1684 1448 laboriosum
1719 1420 1755 1449 et
1787 1413 1936 1449 difficile
1975 1413 2079 1461 quod
2114 1426 2192 1450 non
2224 1422 2402 1462 prompta
2437 1427 2506 1450 vo-

1450 1466 1590 1501 luntate
1619 1465 1715 1502 facit.
1737 1466 1786 1501 Et
1813 1465 1894 1502 talis
1913 1466 2020 1502 labor
2048 1466 2221 1503 diminuit
2241 1466 2440 1503 meritum:
2470 1474 2506 1503 et

1451 1530 1472 1554 a
1501 1518 1652 1554 caritate
1680 1518 1829 1554 tollitur.

1502 1574 1561 1607 An
1580 1582 1740 1608 TERTmM
1763 1583 1946 1608 monimum
1970 1572 2074 1619 quod
2101 1571 2193 1608 fidei
2220 1578 2326 1608 actus
2354 1583 2432 1608 non
2453 1579 2507 1608 est

1451 1623 1664 1660 meritorius
1693 1623 1763 1660 nisi
1789 1623 1886 1660 fides
1907 1636 1980 1672 per
2002 1624 2233 1660 dilectionem
2261 1630 2445 1672 operetur,
2465 1631 2508 1660 ut

1452 1676 1585 1713 dicitur
1598 1677 1649 1713 ad
1661 1676 1743 1713 Gal.
1755 1676 1819 1713 v*.
1831 1697 1855 1704 -
1869 1676 2046 1713 Similiter
2061 1676 2171 1713 etiam
2187 1684 2292 1713 actus
2305 1676 2506 1725 patientiae

1452 1736 1488 1765 et
1519 1729 1744 1766 fortitudinis
1771 1741 1850 1766 non
1879 1737 1934 1766 est
1961 1729 2174 1766 meritorius
2203 1730 2272 1766 nisi
2300 1729 2433 1778 aliquis
2461 1741 2507 1766 ex

1453 1782 1603 1818 caritate
1623 1783 1717 1818 haec
1738 1789 1915 1830 operetur
1927 1781 1965 1828 *3
1981 1782 2192 1819 secundum
2211 1782 2304 1819 illud
2320 1783 2333 1818 Ι
2349 1783 2401 1819 ad
2417 1783 2507 1819 Cor.

1452 1834 1565 1871 xl11²¹‘:
1591 1835 1633 1871 Si
1658 1834 1846 1871 tradidero
1875 1847 2011 1882 corpus
2038 1847 2163 1871 meum
2192 1835 2242 1871 ita
2271 1841 2312 1871 ut
2334 1835 2508 1882 ardeam,

1452 1888 1644 1924 caritatem
1673 1893 1796 1924 autem
1817 1899 1891 1924 non
1916 1889 2094 1934 habuero,
2120 1888 2211 1925 nihil
2233 1888 2326 1924 mihi
2345 1888 2508 1936 prodest.

1504 2000 1530 2035 β)
1549 2002 1672 2035 aggredi.
1690 2015 1709 2020 -
1727 2002 1790 2027 Om.
1809 2002 1838 2027 E.

1124 2171 1440 2234 ARTICULUS
1470 2191 1726 2243 QUINTUS

836 2285 995 2316 UTRUM
1018 2284 1148 2316 HOMO
1171 2284 1319 2316 POSSIT
1343 2285 1418 2316 SIBI
1442 2285 1603 2315 MERERl
1628 2285 1796 2315 PRIMAM
1820 2284 2018 2315 GRATIAM

479 2365 499 2390 11
519 2365 601 2394 Sent„
622 2364 681 2389 dist.
699 2371 775 2393 xxvu,
796 2369 842 2388 art.
861 2371 892 2394 43
911 2368 958 2388 art.
978 2362 1001 2392 5,
1021 2363 1054 2388 ad
1075 2362 1102 2394 35
1122 2363 1162 2394 111,
1181 2363 1240 2388 dist.
1258 2371 1328 2393 xvm,
1348 2368 1393 2388 art.
1412 2371 1437 2394 4,
1457 2363 1505 2395 qua
1529 2370 1556 2393 13
1577 2363 1634 2388 dist.
1647 2371 1703 2397 inx,
1723 2368 1770 2388 art.
1793 2371 1814 2392 1,
1835 2363 1884 2395 qu⁸
1907 2371 1934 2394 1;
1954 2363 1985 2388 Ill
2007 2363 2095 2397 Contu
2105 2364 2192 2391 Gent„
2213 2371 2268 2396 cap.
2285 2355 2374 2393 'cunm

802 2399 844 2424 De
866 2398 957 2430 Verit„
977 2407 1022 2431 qu.
1040 2405 1104 2428 xxxx.
1124 2402 1170 2423 art.
1189 2398 1218 2430 6;
1238 2399 1268 2423 In
1290 2399 1373 2428 Ioan„
1393 2407 1450 2431 cap.
1468 2406 1490 2430 x,
1511 2399 1569 2423 lect.
1587 2406 1626 2430 1v;
1645 2399 1690 2423 Ad
1704 2398 1808 2430 Ephes„
1829 2406 1884 2431 cap.
1898 2406 1930 2429 11,
1950 2399 2057 2423 lect.111.

458 2508 526 2548 “ff
550 2500 574 2525 ῐ)
601 2498 764 2530 QumTUM
786 2498 840 2523 εις
860 2498 1100 2524 PRoci-:Di-run.
1120 2486 1279 2524 Videtur
1298 2487 1403 2535 quod

366 2532 412 2558 '⁹'
468 2528 521 2599 ’γρ
552 2542 672 2578 homo
701 2540 822 2588 possit
857 2539 926 2580 sibi
963 2539 1101 2576 mereri
1129 2539 1293 2589 primam
1323 2552 1403 2588 gra—

375 2628 378 2638 ,
468 2590 656 2642 Jt‘tiam.
688 2593 790 2639 Quia
817 2600 859 2629 ut
882 2593 1117 2640 Augustinus
1146 2592 1234 2630 dicit
1252 2593 1284 2640 ²¹⁶,
1302 2594 1403 2641 fides

398 2663 406 2670 =
429 2638 484 2681 ’ἶν’
508 2636 719 2683 meretur
746 2646 1056 2690 iustificationem.
1087 2646 1313 2683 iustificatur
1338 2658 1403 2682 au-

340 2706 418 2735 tem
447 2698 567 2735 homo
595 2711 664 2747 per
687 2698 852 2747 primam
873 2698 1043 2746 gratiam.
1073 2699 1175 2747 Ergo
1195 2699 1314 2735 horno
1334 2711 1403 2748 po-

340 2758 414 2788 test
439 2750 511 2787 sibi
538 2751 676 2788 mereri
704 2751 870 2799 primam
899 2751 1070 2798 gratiam.

397 2815 432 2840 2.
458 2804 700 2851 PRAETEREA,
729 2805 834 2840 Deus
862 2816 941 2840 non
970 2804 1034 2840 dat
1060 2803 1217 2852 gratiam
1249 2804 1321 2841 nisi
1350 2804 1403 2841 di-

342 2856 435 2904 gniS.
467 2857 544 2894 Sed
573 2869 651 2894 non
678 2857 812 2894 dicitur
831 2856 963 2904 aliquis
983 2857 1118 2905 dignus
1137 2857 1264 2906 aliquo
1285 2857 1401 2904 dono,

343 2908 415 2946 nisi
442 2909 506 2957 qui
534 2909 659 2958 ipsum
687 2909 897 2958 promeruit
921 2921 966 2945 ex
985 2909 1187 2957 condigno.
1217 2911 1318 2957 Ergo
1339 2910 1404 2946 ali-

344 2961 428 3009 quis
452 2974 499 2998 ex
527 2962 717 3010 condigno
746 2969 871 3011 potest
890 2962 1028 2999 mereri
1047 2963 1212 3011 primam
1232 2962 1402 3010 gratiam.

399 3015 434 3051 3.
455 3015 690 3062 PRAETEREA,
707 3016 808 3064 apud
824 3015 1002 3052 homines
1021 3015 1155 3064 aliquis
1174 3022 1300 3064 potest
1317 3027 1406 3064 pro-

344 3067 483 3104 mereri
516 3068 661 3105 donum
690 3068 767 3105 iarn
797 3074 1017 3116 acceptum:
1046 3068 1142 3104 sicut
1169 3068 1234 3116 qui
1261 3069 1406 3117 accepit

344 3131 488 3168 equum
517 3133 539 3157 a
569 3121 747 3168 domino,
778 3127 944 3158 meretur
971 3120 1098 3169 ipsum
1127 3121 1224 3157 bene
1261 3122 1404 3158 utendo

345 3185 392 3209 eo
425 3173 464 3210 in
498 3173 652 3212 servitio
689 3174 847 3211 domini.
887 3173 965 3210 Sed
998 3174 1104 3210 Deus
1133 3181 1188 3210 est
1219 3173 1407 3211 liberalior

344 3238 461 3274 quam
482 3227 614 3264 homo.
644 3228 746 3275 Ergo
777 3227 897 3264 multo
923 3227 1043 3274 magis
1062 3226 1226 3275 primam
1247 3227 1404 3274 gratiam

345 3279 421 3316 iam
442 3287 660 3329 susceptam
677 3287 805 3329 potest
823 3281 943 3316 homo
963 3279 1171 3328 promereri
1191 3292 1213 3316 a
1232 3280 1317 3316 Deo
1337 3291 1405 3328 per

345 3334 616 3382 subsequentia
645 3345 773 3382 opera.

1511 2487 1585 2523 SED
1620 2498 1765 2523 con-rim
1797 2498 1863 2523 EST
1898 2486 2003 2534 quod
2036 2486 2130 2523 ratio
2164 2486 2304 2533 gratiae
2332 2493 2517 2534 repugnat

1455 2539 1623 2576 mercedi
1652 2551 1830 2588 operum;
1861 2539 2071 2576 secundum
2100 2539 2191 2575 illud
2218 2540 2329 2576 Rom.
2349 2550 2384 2575 iv
2402 2538 2437 2575 *t
2465 2539 2515 2575 Ei

1457 2593 1522 2640 qui
1555 2598 1752 2640 operatur,
1781 2604 1923 2629 merces
1960 2604 2033 2629 non
2071 2592 2275 2640 imputatur
2309 2591 2512 2628 secundum

1455 2645 1633 2694 gratiam,
1662 2645 1728 2681 sed
1752 2645 1956 2681 secundum
1981 2645 2153 2681 debitum.
2184 2645 2260 2681 Sed
2280 2644 2370 2681 illud
2391 2656 2512 2680 mere-

1456 2696 1515 2734 tur
1538 2699 1658 2734 homo
1687 2697 1792 2747 quod
1821 2697 2025 2746 imputatur
2041 2703 2058 2718 ‘²
2082 2698 2188 2746 quasi
2217 2709 2362 2733 merces
2387 2697 2512 2745 operis

1457 2751 1548 2787 eius.
1588 2752 1690 2798 Ergo
1727 2750 1892 2799 primam
1927 2751 2084 2798 gratiam
2122 2763 2199 2787 non
2236 2757 2360 2798 potest
2391 2750 2510 2786 homo

1457 2804 1607 2841 mereri.

1511 2857 1736 2907 RESPQNDEO
1765 2867 1948 2893 DICENDUM
1973 2855 2076 2904 quod
2097 2855 2242 2892 donum
2262 2855 2401 2903 gratiae
2422 2866 2514 2891 con-

1459 2909 1613 2946 siderari
1646 2915 1772 2957 potest
1798 2909 2004 2958 dupliciter.
2025 2909 2111 2946 Uno
2140 2909 2271 2955 modo,
2301 2908 2513 2944 secundum

1459 2962 1645 2999 rationem
1665 2962 1811 3009 gratuiti
1828 2961 1929 2998 doni.
1947 2963 1996 2998 Et
2010 2962 2062 2998 sic
2077 2961 2320 2998 manifestum
2337 2967 2393 2997 est
2408 2959 2513 3009 quod

1459 3027 1576 3052 omne
1613 3014 1790 3051 meritum
1827 3022 2010 3062 repugnat
2046 3014 2211 3062 gratiae:
2255 3013 2343 3062 quia
2383 3020 2425 3050 ut
2465 3012 2516 3049 ad

1458 3070 1570 3105 Rom.
1600 3080 1634 3103 XI
1660 3067 1680 3088 '³‘
1707 3068 1914 3115 Apostolus
1944 3067 2051 3114 dicit,
2080 3067 2114 3103 si
2139 3079 2189 3103 ex
2215 3067 2405 3115 operibus,
2435 3066 2512 3102 iam

1459 3133 1532 3157 non
1559 3132 1609 3156 ex
1625 3120 1763 3169 gratia.
1780 3141 1804 3147 -
1820 3120 1905 3156 Alio
1926 3120 2044 3156 modo
2064 3127 2189 3168 potest
2208 3118 2438 3156 considerari
2457 3131 2514 3155 se-

1459 3173 1627 3209 cundum
1656 3180 1829 3209 naturam
1851 3172 1967 3221 ipsius
1996 3173 2049 3209 rei
2073 3184 2170 3222 quae
2198 3172 2372 3209 donatur.
2394 3173 2443 3208 Et
2461 3171 2514 3208 sic

1460 3226 1572 3262 etiam
1597 3238 1674 3262 non
1694 3233 1818 3274 potest
1843 3226 1978 3262 cadere
1998 3226 2068 3262 sub
2088 3225 2223 3262 merito
2243 3237 2322 3262 non
2341 3224 2514 3261 habentis

1459 3279 1631 3327 gratiam:
1656 3286 1737 3315 tum
1758 3278 1848 3327 quia
1867 3278 2012 3315 excedit
2030 3278 2319 3327 proportionem
2338 3285 2513 3322 naturae;

1458 3340 1540 3368 tum
1578 3331 1691 3368 etiam
1725 3331 1814 3379 quia
1842 3339 1927 3368 ante
1955 3331 2133 3379 gratiam,
2162 3331 2201 3368 in
2234 3338 2331 3368 statu
2358 3330 2514 3380 peccati,

397 3446 425 3482 α)
445 3448 595 3481 imputatur
611 3461 630 3467 —
647 3448 673 3473 ei
691 3448 841 3480 imputatur
859 3447 887 3478 F,
908 3447 1058 3479 imputatur
1076 3447 1126 3471 sibi
1144 3447 1194 3477 sH3
1215 3447 1364 3478 imputatur
1379 3446 1430 3471 sibi
1446 3447 1590 3471 secundum
1611 3446 1729 3479 gratiam
1750 3444 1877 3479 (debitum
1899 3444 1930 3479 Ρ)
1949 3445 1996 3470 Pa.
2009 3457 2028 3464 —-
2046 3445 2097 3469 Pro
2116 3445 2216 3477 operis,
2236 3452 2344 3477 operum
2365 3444 2410 3468 Pa.

2532 798 2540 806 ·
2554 795 2584 817 D.
2598 801 2652 823 ¹175·

2531 949 2540 957 ·
2555 948 2602 975 Qu.
2618 954 2649 974 ix,
2665 952 2707 970 art.
2725 953 2742 970 ι.

2565 1322 2652 1343 Ηοιηίῐ.
2675 1321 2740 1343 XXX

2531 1349 2555 1369 in
2569 1348 2662 1376 Evang.

2534 1690 2543 1699 ·
2558 1690 2624 1711 Vers.
2657 1705 2663 1711 .

2534 1795 2545 1805 ⁸
2559 1794 2587 1815 D.
2603 1793 2654 1816 882.

2535 1848 2543 1857 ·
2560 1846 2627 1868 Vei-s.
2641 1852 2663 1874 3.

2542 2554 2550 2562 ·
2565 2552 2631 2575 Vei-s.
2646 2560 2669 2580 4.

2541 3081 2549 3089 ·
2565 3080 2631 3101 vers.
2647 3079 2669 3100 6.
