2840 4010
95 916 104 926 ·
120 915 176 942 Cap.
192 921 239 936 xlv.

100 2840 109 2850 ’
124 2841 174 2860 Art.
192 2839 295 2866 praeced.

101 3030 111 3039 '¹
126 3028 174 3055 Qu.
188 3034 254 3055 uui,
269 3031 310 3049 art.

101 3061 117 3082 1,
132 3061 152 3082 2,
167 3061 186 3083 3.

201 3213 217 3228 1.
233 3213 255 3228 n.
271 3213 290 3228 2.
303 3219 312 3223 -

202 3234 255 3255 lect.
271 3240 285 3255 1.

101 3207 188 3256 {fitz

333 212 359 246 4
1014 194 1279 242 QUAESTIO
1309 194 1449 239 LXXI,
1478 193 1773 230 ARTICULUS
1803 196 1834 230 11

389 279 608 315 Secundum
638 278 712 313 hoc
739 276 847 324 igitur
875 275 943 312 tria
976 272 1220 310 inveniuntur
1248 270 1392 318 opponi

334 331 470 368 virtuti.
502 331 678 376 Quorum
696 341 817 365 unum
838 336 893 364 est
912 333 1123 375 peccatum,
1145 323 1251 370 quod
1271 335 1394 372 oppo-

335 384 434 421 nitur
462 383 531 420 sibi
552 395 595 418 ex
613 389 719 430 parte
740 381 820 418 eius
840 381 888 417 acl
910 378 1013 427 quod
1031 377 1151 414 virtus
1180 376 1393 413 ordinatur:

334 448 424 473 narn
452 442 652 484 peccatum
681 433 835 482 proprie
854 431 1026 468 nominat
1054 436 1181 466 actum
1206 429 1396 466 inordina-

334 497 436 535 tum,
468 488 562 524 sicut
594 494 698 523 actus
726 484 872 522 virtutis
907 491 962 519 est
995 490 1100 519 actus
1135 481 1330 519 ordinatus
1359 490 1396 519 et

334 541 494 578 debitus.
526 539 746 576 Secundum
771 544 898 573 autern
919 535 1025 583 quod
1045 535 1092 572 ad
1113 534 1300 572 rationem
1319 535 1394 572 vir-

334 594 421 630 tutis
451 591 693 639 consequitur
721 589 826 637 quod
856 588 900 625 sit
933 588 1082 625 bonitas
1102 587 1305 636 quaedam,
1327 601 1395 637 op-

334 646 487 695 ponitur
514 643 640 682 virtuti
671 642 824 679 malitia.
861 641 939 678 Sed
973 641 1186 678 secundum
1222 641 1258 678 id
1292 642 1395 690 quod

336 699 473 736 directe
504 704 557 733 est
587 697 634 733 de
668 695 812 732 ratione
840 694 1007 741 virtutis,
1037 693 1243 743 opponitur
1269 694 1396 731 virtuti

332 751 488 788 vitium:
517 748 652 785 vitium
691 748 792 785 enim
821 747 1119 796 uniuscuiusque
1148 747 1202 783 rei
1230 758 1312 783 esse
1339 747 1396 783 vi-

334 803 443 840 detur
461 802 566 850 quod
586 813 665 838 non
685 801 730 838 sit
750 801 931 850 disposita
952 801 1162 837 secundum
1182 800 1286 847 quod
1307 812 1396 836 con-

332 856 436 893 venit
455 867 546 891 suae
575 862 743 891 naturae.
774 854 884 891 Unde
914 853 1147 901 Augustinus
1168 852 1265 898 dicit,
1288 852 1325 889 in
1346 854 1395 889 III

333 910 378 945 de
406 909 486 945 Lib.
508 908 601 944 Arb.
622 907 662 944 *ε
696 908 806 949 Quod
830 906 1055 955 perfectioni
1086 911 1245 943 naturae
1272 906 1397 942 deesse

326 960 577 1010 perspexeris,
608 960 647 997 id
671 972 765 997 voca
793 960 936 996 vitium.

386 1017 444 1051 AD
474 1025 610 1050 PR1MUM
639 1025 737 1050 ERGO
771 1024 955 1049 DICENDUM
991 1012 1096 1059 quod
1130 1010 1192 1047 illa
1219 1011 1290 1047 tria
1318 1023 1397 1047 non

333 1067 607 1104 contrariantur
634 1066 759 1103 virtuti
779 1065 991 1102 secundum
1023 1064 1243 1101 idem:.sed
1262 1076 1396 1112 pecca-

332 1128 414 1157 tum
443 1120 598 1168 quidem
628 1119 876 1155 contrariatur
904 1117 1115 1154 secundum
1144 1117 1249 1164 quod
1276 1117 1396 1154 virtus

335 1181 389 1210 est
405 1173 599 1221 operativa
619 1172 728 1217 boni;
750 1171 891 1208 malitia
911 1178 1039 1207 autem
1060 1169 1271 1206 secundum
1291 1170 1397 1217 quod

334 1234 389 1263 est
417 1226 566 1262 bonitas
595 1224 805 1272 quaedam
835 1223 971 1260 vitium
1002 1230 1131 1259 autem
1159 1222 1310 1270 proprie
1340 1235 1396 1258 se-

333 1278 504 1316 cundum
534 1278 638 1326 quod
668 1285 722 1313 est
749 1277 878 1313 virtus.

386 1333 444 1367 AD
465 1343 654 1368 SECUNDUM
670 1341 852 1366 DICENDUM
883 1328 987 1376 quod
1015 1327 1134 1364 virtus
1163 1339 1241 1363 non
1271 1328 1396 1364 solum

332 1385 512 1433 importat
538 1383 812 1432 perfectionem
841 1381 1031 1430 potentiae
1065 1392 1165 1429 quae
1187 1387 1242 1416 est
1260 1380 1397 1429 princi-

331 1437 438 1485 pium
468 1436 624 1484 agendi,
655 1436 722 1473 sed
742 1435 856 1472 etiarn
881 1435 1062 1483 importat
1081 1432 1248 1470 debitam
1270 1433 1396 1482 dispo-

332 1490 509 1526 sitionem
539 1490 617 1526 eius
647 1489 751 1526 cuius
777 1495 832 1525 est
850 1487 990 1524 virtus:
1021 1494 1057 1523 et
1089 1487 1164 1523 hoc
1196 1485 1284 1523 ideo
1309 1486 1397 1535 quia

331 1543 636 1592 unumquodque
666 1549 846 1590 operatur
867 1540 1079 1577 secundum
1099 1539 1204 1588 quod
1224 1547 1309 1576 actu
1329 1547 1395 1576 est.

334 1596 552 1644 Requiritur
572 1608 661 1643 ergo
691 1595 794 1644 quod
824 1593 965 1642 aliquid
994 1593 1040 1629 sit
1068 1592 1106 1629 in
1134 1605 1174 1629 se
1203 1592 1302 1629 bene
1324 1592 1396 1629 dis-

332 1650 513 1697 positum,
543 1650 648 1698 quod
682 1649 794 1685 debet
824 1659 905 1683 esse
934 1646 1026 1682 boni
1062 1645 1316 1694 operativum.
1347 1646 1396 1682 Et

333 1703 545 1739 secundum
573 1703 647 1739 hoc
675 1701 802 1738 virtuti
830 1700 966 1737 vitium
996 1698 1213 1748 opponitur.

1504 271 1562 306 AD
1586 281 1746 307 TERTmM
1766 282 1950 309 DlCENDUM
1974 273 2090 320 quod,
2112 273 2206 310 sicut
2234 273 2382 310 Tullius
2412 272 2514 320 dicit,

1451 321 1490 358 in
1511 323 1561 359 IV
1579 323 1624 359 de
1656 323 1874 360 Tusculanis
1898 325 2044 365 Quaest.
2065 326 2096 373 ⁹¹²,
2125 326 2249 362 morbi
2276 332 2312 362 et
2337 331 2514 375 aegrota·
2542 337 2752 365 ·Loc.cit.inars.

1450 375 1566 412 tiones
1580 381 1707 424 partes
1734 381 1820 412 sunt
1845 375 2071 413 vitiositatis.-
2100 378 2139 415 in
2166 378 2389 427 corporibus
2411 378 2512 415 enim

1450 430 1625 465 morbum
1653 428 1843 476 appellant
1859 426 1875 458 θ
1903 428 2011 465 totius
2034 431 2202 476 corporis
2221 431 2511 479 corruptionem,
2639 425 2653 459 β

1450 489 1542 529 puta
1574 482 1720 519 febrem
1748 482 1810 518 vel
1840 480 1982 530 aliquid
2014 481 2255 528 huiusmodi;
2284 483 2512 533 aegrotatio-

1451 546 1535 571 nem
1555 547 1661 581 vero,
1688 535 1861 571 morbum
1891 546 1976 570 cum
2006 534 2270 579 imbecillitate,·
2296 537 2427 572 vitium
2447 548 2513 572 au-

1450 594 1547 634 tem⁷
1577 599 1662 624 cum
1690 593 1819 635 partes
1852 587 2021 635 corporis
2053 587 2148 623 inter
2179 599 2219 622 se
2250 587 2434 625 dissident.
2464 589 2513 625 Et

1451 640 1628 688 quamvis
1656 640 1694 676 in
1724 652 1883 688 corpore
1912 640 2145 688 quandoque
2175 639 2221 675 sit
2249 640 2407 677 morbus
2431 640 2512 677 sine

1451 691 1726 740 aegrotatione,
1755 700 1847 742 puta
1876 705 1963 730 cum
1990 692 2124 741 aliquis
2148 699 2204 728 est
2231 691 2385 729 interius
2413 693 2512 729 male

1452 744 1666 793 dispositus,
1697 757 1775 782 non
1803 753 1933 782 tamen
1962 746 2122 782 exterius
2150 744 2392 794 praepeditur
2410 757 2433 781 a
2452 757 2513 781 so-

1451 797 1522 834 litis
1547 797 1850 846 operationibus;
1881 799 1917 835 in
1946 799 2074 835 animo
2094 804 2231 844 tamen,
2252 805 2294 834 ut
2312 797 2393 846 ipse
2414 797 2513 844 dicit,

1450 851 1543 887 haec
1561 851 1634 887 duo
1655 862 1729 886 non
1741 857 1901 898 possunt
1920 852 1991 888 nisi
2008 851 2233 901 cogitatione
2250 850 2405 887 secerni.
2435 850 2515 886 Ne—

1453 915 1557 940 cesse
1587 910 1642 940 est
1670 902 1772 939 enim
1792 903 1897 951 quod
1916 904 2239 951 quandocumque
2260 903 2393 951 aliquis
2422 902 2514 939 inte-

1452 956 1527 993 rius
1548 964 1604 992 est
1623 956 1722 992 male
1744 955 1959 1003 dispositus,
1980 957 2126 993 habens
2146 956 2402 993 inordinatum
2423 955 2514 992 affe-

1452 1016 1567 1056 ctum,
1589 1009 1694 1057 quod
1719 1021 1764 1044 ex
1783 1008 1858 1044 hoc
1877 1008 2073 1046 imbecillis
2102 1009 2280 1046 reddatur
2299 1010 2348 1046 ad
2369 1008 2513 1045 debitas

1452 1062 1692 1111 operationes
1726 1060 1976 1098 exercendas:
2005 1061 2093 1109 quia
2122 1073 2369 1110 unaquaeque
2396 1061 2513 1098 arbor

1451 1127 1500 1151 ex
1526 1127 1594 1152 suo
1611 1116 1747 1163 fructu
1777 1114 2027 1163 cognoscitur,
2056 1113 2152 1151 idest
2174 1115 2293 1151 homo
2319 1126 2364 1150 ex
2384 1125 2512 1162 opere,

1451 1175 1491 1204 ut
1511 1168 1645 1205 dicitur
1664 1167 1798 1204 Matth.
1818 1179 1865 1203 xil
1887 1166 1917 1202 ³⁸.
1950 1167 2026 1203 Sed
2053 1167 2183 1203 vitium
2211 1167 2341 1213 animi,
2361 1174 2402 1203 ut
2421 1167 2512 1203 Tul·
2539 1173 2632 1222 Lgeg·
2644 1179 2679 1222 ³3}
2690 1173 2751 1222 ‘vg'

1451 1221 1522 1257 lius
1551 1220 1694 1257 ibidem
1729 1220 1834 1266 dicit,
1865 1225 1917 1256 est
1944 1219 2090 1256 habitus
2122 1225 2188 1255 aut
2218 1219 2366 1269 affectio
2394 1219 2514 1256 animi
2538 1215 2596 1252 44·'
2630 1206 2654 1228 ¹³⁸
2681 1216 2687 1228 ’
2747 1216 2753 1222 ”

1452 1274 1488 1310 in
1525 1279 1599 1310 tota
1631 1274 1707 1310 vita
1746 1274 1978 1318 inconstans,
2012 1278 2047 1308 et
2082 1283 2105 1308 a
2133 1272 2253 1320 seipsa
2286 1272 2511 1309 dissentiens.

1453 1326 1569 1373 Quod
1590 1326 1744 1374 quidem
1773 1325 1962 1362 invenitur
1990 1324 2103 1361 etiam
2128 1325 2273 1372 absque
2293 1325 2430 1361 morbo
2449 1324 2512 1361 vel

1452 1379 1722 1427 aegrotatione,
1743 1386 1784 1414 ut
1811 1386 1902 1427 puta
1921 1383 1937 1405 Υ
1966 1390 2053 1414 cum
2074 1377 2206 1425 aliquis
2227 1389 2272 1413 ex
2299 1376 2514 1414 infirmitate
2638 1381 2655 1406 Υ

1450 1433 1513 1469 vel
1543 1444 1588 1469 ex
1605 1432 1782 1481 passione
1803 1438 1948 1479 peccat.
1977 1430 2089 1468 Unde
2107 1430 2147 1467 in
2165 1431 2249 1478 plus
2269 1442 2309 1466 se
2329 1430 2443 1466 habet
2460 1429 2514 1466 vi-

1451 1485 1547 1522 tium
1581 1497 1698 1533 quam
1732 1483 1938 1532 aegrotatio
1966 1484 2028 1520 vel
2061 1483 2239 1520 morbus:
2274 1482 2369 1519 sicut
2401 1481 2515 1519 etiam

1451 1538 1571 1575 virtus
1589 1538 1628 1574 in
1645 1539 1732 1586 plus
1751 1550 1792 1574 se
1810 1538 1927 1574 habet
1951 1548 2067 1586 quam
2089 1536 2245 1582 sanitas;
2267 1547 2357 1572 nam
2377 1534 2516 1571 sanitas

1454 1591 1566 1628 etiam
1595 1591 1786 1639 quaedam
1806 1590 1925 1626 virtus
1945 1589 2099 1638 ponitur
2118 1589 2243 1626 in.V11
2263 1588 2412 1636 Physic.
2428 1587 2449 1609 ’¹‘
2467 1588 2517 1624 Et
2541 1593 2755 1648 {gamm-:cor-

1453 1644 1539 1681 ideo
1558 1644 1686 1681 virtuti
1708 1643 1997 1680 convenientius
2017 1642 2222 1692 opponitur
2240 1641 2376 1678 vitium
2398 1652 2515 1689 quam
2601 1635 2607 1642 ’

1452 1697 1658 1745 aegrotatio
1687 1697 1748 1733 vel
1778 1697 1947 1732 morbus.

386 1821 410 1854 β)
430 1821 574 1853 appellant.
593 1834 611 1839 -—
629 1820 745 1852 appellat
766 1820 834 1844 ΡΕα.

1505 1817 1532 1850 γ)
1553 1820 1582 1841 ut
1596 1820 1674 1848 puta.
1692 1830 1710 1835 -
1731 1819 1820 1847 utpote
1839 1815 1885 1843 Pa,
1901 1817 1970 1846 puta
1989 1815 2020 1839 K.

1012 1888 1343 1921 Commentaria
1367 1888 1616 1920 Cardinalis
1639 1886 1839 1919 Caietam

363 1982 383 2002 N
407 1971 500 2003 titulo
524 1969 717 2011 quaestionis
739 1967 1108 2009 septuagesimaeprimae
1129 1974 1158 1997 et
1181 1966 1396 2003 articulorum,

336 1984 498 2052 Iadverte‚
519 2014 645 2051 novitie‚
671 2014 759 2054 quod
779 2013 860 2050 licet,
886 2012 1047 2043 tractando
1072 2012 1109 2042 de
1132 2011 1310 2047 virtutibus,
1331 2021 1396 2041 non

334 2060 428 2091 fuerit
452 2059 636 2090 distinctum
660 2059 698 2088 de
720 2057 843 2088 virtutis
871 2057 980 2088 habitu
1010 2062 1040 2087 et
1063 2063 1133 2087 actu
1158 2056 1225 2086 eius
1248 2055 1281 2086 in
1304 2065 1396 2086 voca-

334 2104 427 2140 bulis,
452 2104 527 2145 quia
543 2113 684 2134 caremus
699 2102 760 2133 illis
777 2101 977 2142 nominibus;
1001 2107 1108 2132 tamen
1132 2099 1165 2130 in
1187 2100 1250 2130 hoc
1265 2105 1397 2130 tractatu

334 2149 487 2179 habemus
511 2147 651 2184 nomina,
677 2153 707 2178 et
723 2146 793 2178 vitii
803 2146 937 2188 ¹quidem
952 2145 1082 2176 nomine
1108 2144 1253 2175 habitum
1275 2143 1342 2174 vitii
1359 2143 1397 2173 si-

335 2192 530 2232 gnificamus,
551 2193 677 2232 peccati
700 2198 807 2222 autern
831 2190 960 2221 nomine
977 2195 1083 2220 actum
1100 2189 1207 2229 ipsum
1221 2187 1298 2218 vitii.
1323 2188 1398 2217 Pro-

335 2244 403 2277 pter
426 2237 515 2278 quod
538 2239 659 2267 Auctor
687 2242 859 2276 utrumque
888 2233 1040 2275 proponit
1067 2233 1099 2263 in
1123 2231 1280 2273 principio
1303 2241 1398 2272 quae-

336 2281 462 2317 stionis,
492 2288 523 2311 et
550 2281 583 2311 in
611 2280 748 2311 articulis
778 2279 921 2310 distincte
952 2277 1074 2318 quaerit
1101 2277 1139 2307 de
1168 2277 1222 2307 eis.
1250 2278 1399 2307 Attentus

335 2335 409 2365 ergo
430 2332 496 2356 esto
517 2325 645 2366 quando
663 2325 701 2355 de
717 2324 804 2360 vitio,
823 2330 852 2354 et
869 2323 999 2364 quando
1017 2323 1055 2352 de
1072 2329 1201 2362 peccato
1222 2327 1268 2352 est
1282 2329 1399 2350 sermo.

1293 2406 1354 2413 xm

1482 1972 1502 1997 u
1519 1965 1624 2006 primo
1641 1965 1784 2002 articulo,
1801 1974 1927 1995 memor
1942 1970 2009 1995 esto
2026 1963 2185 1995 doctrinae
2197 1962 2462 1994 Posterioristicae
2477 1961 2516 1992 de

1455 1978 1541 2051 Iper
1558 2020 1593 2041 se
1607 2011 1716 2050 primo
1740 2016 1771 2039 et
1786 2019 1850 2050 per
1872 2018 1906 2039 se
1928 2008 2067 2040 secundo
2081 2008 2099 2027 *
2121 2007 2217 2038 etiam
2241 2006 2461 2038 essentialiter:
2486 2012 2517 2036 et
2543 2009 2756 2041 ‘Mutet-Poner-

1452 2054 1557 2084 videre
1581 2054 1698 2094 poteris
1722 2053 1820 2094 quod,
1846 2053 1926 2084 sicut
1941 2052 2065 2084 homini
2081 2052 2228 2084 convenit
2243 2051 2349 2092 primo
2363 2050 2515 2082 rationale
2541 2035 2755 2111 ,Ανῗαὲζζῖζῗὲ

1453 2105 1483 2129 et
1507 2105 1736 2138 consequenter
1759 2097 1884 2134 animal,
1908 2097 1952 2128 ita
1973 2096 2081 2128 virtuti
2097 2107 2154 2128 sua
2168 2095 2341 2127 differentia
2363 2094 2515 2126 constitu*
2541 2086 2755 2138 ffiffflgtcffij

1453 2143 1525 2178 tiva,
1550 2149 1580 2173 et
1604 2148 1832 2182 consequenter
1848 2151 2020 2172 commune
2036 2140 2252 2182 praedicatum
2268 2138 2440 2175 essentiale,
2457 2138 2515 2169 sci-
2542 2147 2583 2171 per
2596 2141 2664 2164 eund.
2681 2130 2727 2164 ¹2³⁶·

1452 2187 1525 2217 licet
1548 2196 1614 2216 esse
1637 2186 1821 2216 bonitatem.

1509 2231 1625 2261 Manda
1640 2240 1771 2271 quoque
1787 2229 1960 2260 memoriae
1983 2228 2220 2269 oppositionem
2237 2231 2267 2259 e't
2282 2226 2516 2258 distinctionem

1453 2275 1571 2305 horum
1585 2274 1692 2311 trium,
1712 2274 1788 2311 vitii,
1805 2274 1924 2314 peccati
1941 2280 1971 2304 et
1986 2273 2136 2309 malitiae;
2162 2279 2197 2304 ut
2220 2271 2321 2312 possis
2344 2270 2515 2310 intelligere

1455 2319 1628 2359 sequentia.

1106 2472 1423 2515 ARTICULUS
1453 2471 1752 2514 SECUNDUS

929 2565 1104 2596 UTRUM
1135 2564 1314 2596 VITIUM
1343 2564 1424 2595 SIT
1452 2562 1656 2595 CONTRA
1683 2562 1925 2593 NATURAM

991 2641 1034 2665 Ad
1048 2641 1140 2670 Rom„
1160 2648 1215 2672 cap.
1234 2647 1256 2669 ι,
1275 2640 1334 2664 lect.
1351 2646 1408 2669 v1113
1427 2639 1471 2663 Aa
1493 2639 1596 2668 Galat„
1616 2646 1670 2670 cap.
1690 2646 1719 2667 v,
1741 2638 1799 2662 lect.
1817 2645 1852 2663 vr.

377 2758 421 2782 ,ἢ
484 2770 493 2773 Α,
549 2736 571 2760 D
586 2735 776 2760 SECUNDUM
791 2734 844 2759 Sic
860 2733 1100 2759 euoenon-ua.
1121 2719 1281 2757 Videtur
1295 2719 1400 2769 quod

360 2771 521 2836 ςιὲνᾼξ
548 2776 682 2813 vitium
703 2788 781 2812 non
806 2776 850 2812 sit
879 2782 1010 2812 contra
1039 2781 1226 2812 naturam.
1256 2772 1400 2810 Vitium

354 2830 390 2889 δ’
411 2847 473 2874 ¹⁷4
489 2821 516 2870 ἦ
530 2827 536 2832 “
551 2829 652 2866 enim
669 2828 917 2866 contrariatur
930 2827 1070 2875 virtuti,
1087 2835 1129 2864 ut
1145 2826 1288 2864 dictum
1304 2833 1360 2862 est
1368 2825 1401 2862 ²²².

393 2860 482 2912 5⁴2²!
507 2878 630 2919 &Sed
656 2881 813 2919 virtutes
846 2894 925 2918 non
961 2887 1047 2918 sunt
1080 2880 1119 2917 in
1147 2879 1257 2917 nobis
1286 2891 1308 2916 a
1336 2891 1401 2916 na-

339 2945 432 2984 tura,
463 2935 530 2972 sed
560 2942 762 2972 causantur
780 2934 819 2972 in
838 2934 948 2971 nobis
976 2946 1045 2982 per
1074 2933 1304 2970 infusionem
1338 2939 1403 2969 aut

339 2990 386 3026 ab
408 2988 649 3026 assuetudine
670 2993 698 3035 α,
728 2995 770 3024 ut
794 2987 936 3025 dictum
957 2994 1012 3024 est
1030 2986 1061 3023 ²¹⁶.
1092 2987 1194 3034 Ergo
1214 2985 1309 3023 vitia
1324 2997 1402 3023 non

339 3050 424 3078 sunt
453 3049 583 3078 contra
612 3048 799 3078 naturam.

395 3107 429 3131 2.
459 3095 701 3142 PRAETEREA‚
733 3106 778 3131 ea
806 3105 905 3141 quae
934 3099 1020 3129 sunt
1050 3099 1181 3128 contra
1209 3098 1401 3138 naturam,

341 3160 419 3184 non
445 3154 605 3196 possunt
633 3146 828 3184 assuefieri
847 3144 874 3194 β,
905 3145 999 3182 sicut
1018 3145 1112 3193 lapis
1132 3155 1325 3192 nunquam
1346 3155 1404 3180 as-

340 3200 473 3237 suescit
488 3201 593 3248 ferri
618 3213 780 3246 sursum,
809 3207 851 3236 ut
875 3198 1009 3236 dicitur
1027 3197 1067 3235 in
1086 3198 1118 3234 ΙΙ
1138 3197 1258 3234 Ethic.
1278 3196 1298 3218 ’¹‘
1327 3195 1404 3233 Sed

342 3252 456 3301 aliqui
489 3254 696 3290 assuefiunt
733 3253 781 3290 ad
815 3252 918 3290 vitia.
953 3252 1055 3300 Ergo
1088 3250 1179 3288 vitia
1211 3262 1290 3287 non
1318 3256 1405 3287 sunt

343 3312 474 3343 contra
502 3313 687 3342 naturam.

399 3359 432 3395 3.
462 3359 694 3404 ΡκΑΕτΕκΕΑ,
725 3358 815 3395 nihil
843 3358 948 3407 quod
975 3365 1030 3394 est
1060 3363 1189 3394 contra
1217 3363 1402 3403 naturam,

343 3410 531 3448 invenitur
559 3410 596 3447 in
625 3411 849 3448 habentibus
878 3411 979 3448 illam
1000 3418 1175 3447 naturam
1199 3409 1296 3447 utin
1322 3409 1404 3458 plu-

364 2741 426 2770 i
448 2742 492 2768 ιω

398 3524 425 3558 α)
446 3525 478 3549 ab
497 3524 674 3549 assuetudine.
693 3538 711 3542 -
726 3531 777 3555 per
795 3525 989 3549 assuetudinem
1010 3525 1061 3548 EF.

1455 2718 1570 2756 ribus.
1603 2719 1680 2756 Sed
1707 2718 1799 2755 vitia
1826 2717 2070 2755 inveniuntur
2097 2716 2136 2754 in
2164 2716 2384 2754 hominibus
2411 2724 2454 2754 ut
2480 2717 2520 2754 in

1455 2771 1648 2821 pluribus:
1678 2771 1779 2820 quia,
1809 2771 1904 2808 sicut
1932 2769 2067 2809 dicitur
2085 2770 2219 2807 Matth.
2239 2782 2288 2806 vu
2305 2769 2337 2817 ²⁸,
2367 2769 2523 2810 lata⁷est
2547 2780 2556 2789 ·
2571 2776 2684 2808 Vere-..¹3-

1455 2825 1518 2862 via
1539 2836 1635 2873 quae
1654 2825 1756 2861 ducit
1772 2824 1824 2861 ad
1834 2823 2096 2872 perditionem,
2117 2828 2151 2859 et
2169 2822 2278 2860 multi
2294 2823 2438 2860 vadunt
2447 2834 2521 2872 per

1457 2890 1553 2915 eam.
1583 2878 1686 2925 Ergo
1709 2877 1845 2913 vitium
1873 2889 1952 2914 non
1980 2883 2035 2914 est
2063 2883 2195 2912 contra
2222 2883 2410 2913 naturam.

1509 2942 1546 2978 4.
1568 2930 1804 2976 PRAETEREA,
1826 2937 2027 2978 peccatum
2057 2936 2298 2978 comparatur
2317 2928 2366 2966 ad
2384 2926 2520 2966 vitium

1458 2983 1552 3021 sicut
1579 2990 1684 3020 actus
1712 2983 1760 3020 ad
1780 2983 1963 3030 habitum,
1987 2989 2028 3019 ut
2051 2994 2096 3019 ex
2116 2981 2338 3031 supradictis
2357 2980 2377 3002 ’¹‘
2404 2987 2518 3030 patet.
2547 2991 2556 3000 ·
2571 2990 2622 3012 Λπ-
2638 2989 2742 3018 meced-

1459 3036 1536 3073 Sed
1555 3043 1756 3085 peccatum
1776 3035 1954 3072 definitur
1970 3047 2051 3071 esse
2066 3035 2204 3071 dictum
2223 3034 2284 3071 vel
2295 3035 2443 3083 factum
2461 3033 2523 3071 vel

1458 3089 1694 3138 concupitum
1715 3094 1846 3126 contra
1865 3088 1987 3138 legem
2006 3088 2097 3132 Deis
2121 3095 2162 3124 ut
2183 3095 2288 3136 patet
2306 3099 2374 3136 per
2392 3089 2520 3134 Augu-

1458 3142 1608 3190 sfinum,
1637 3142 1745 3179 XXII
1771 3142 1911 3178 Contra
1929 3142 2112 3178 Faustum
2131 3140 2162 3177 ²¹⁸.
2188 3141 2268 3177 Lex
2295 3147 2423 3177 autem
2447 3138 2519 3176 Dei
2546 3149 2555 3159 ·

1460 3203 1515 3232 est
1533 3207 1648 3244 supra
1666 3202 1852 3232 naturam.
1874 3193 1997 3242 Magis
2017 3206 2107 3242 ergo
2124 3193 2328 3242 dicendum
2344 3199 2400 3229 est
2414 3191 2519 3240 quod

1458 3248 1594 3286 vitium
1614 3248 1660 3284 sit
1679 3255 1811 3285 contra
1828 3247 1963 3295 legem,
1985 3259 2102 3296 quam
2121 3247 2168 3284 sit
2182 3253 2313 3284 contra
2331 3251 2517 3282 naturam.

1514 3302 1588 3338 SED
1617 3313 1763 3338 CONTRA
1790 3312 1856 3337 EST
1884 3301 1989 3349 quod
2017 3297 2248 3348 Augustinus
2277 3297 2376 3345 dicit,
2404 3296 2444 3334 in
2469 3299 2519 3335 111

1459 3355 1504 3392 de
1522 3355 1605 3391 Lib.
1620 3355 1714 3391 Arb.
1735 3353 1770 3391 *z
1805 3354 1923 3391 Omne
1948 3353 2091 3399 vitium,
2111 3364 2155 3389 eo
2174 3352 2252 3400 ipso
2271 3351 2373 3400 quod
2388 3350 2519 3388 vitium

1459 3413 1522 3453 est,
1552 3413 1683 3445 contra
1712 3412 1888 3444 naturam
1917 3412 1980 3443 est.

2572 3147 2630 3176 Cup.
2642 3153 2716 3170 xxvn.

2547 3361 2556 3370 ‘
2572 3359 2629 3387 Cap.
2643 3364 2695 3381 xm.

1515 3521 1539 3554 β)
1558 3522 1703 3554 assuefieri.
1722 3536 1739 3539 -
1756 3520 1872 3546 assuesci
1890 3519 1945 3550 EF;
1965 3524 1990 3543 et
2008 3525 2068 3543 mox
2086 3525 2134 3550 pro
2152 3518 2304 3551 assuefiunt,
2323 3521 2485 3543 assuescunt.
