2840 4010
81 615 91 625 ·
106 615 173 637 Vei-s.
186 616 225 642 46.

76 825 88 836 ⁸
101 823 169 847 Vm.
184 831 204 847 2.

1009 158 1274 204 QUAEsrlo
1304 158 1404 205 cvi,
1434 158 1728 196 ARTicULus
1759 157 1810 203 ιν
2419 167 2494 204 277

319 236 467 274 sitatem
496 235 643 273 salutis:
673 235 812 273 scilicet
841 236 888 273 de
918 236 1114 273 credendis
1149 242 1184 272 et
1211 236 1377 283 agendis.

320 289 411 326 Non
438 296 569 325 tamen
597 289 725 325 docuit
748 301 814 326 eos
835 289 881 326 de
902 289 1089 326 omnibus·
1108 288 1245 325 futuris
1265 300 1378 324 even-

319 341 433 379 tibus:
454 341 528 378 hoc
551 341 652 378 enirn
673 342 720 379 ad
742 354 807 380 eos
827 354 906 386 nen
924 340 1378 391 pertinebanssecundum

319 394 407 431 illud
427 394 510 431 Act.
532 407 541 431 1
561 394 598 431 *z
617 395 708 432 Non
728 400 784 431 est
798 389 970 431 ‘vestium
991 387 1099 430 nosie'
1125 391 1295 440 tempora
1321 393 1381 430 vel

319 453 521 493 momenta,
542 459 639 496 quae
656 448 769 495 Pater
787 447 917 496 posuit
932 447 969 483 in
988 457 1058 482 sua
1080 450 1270 494 potestate.

373 501 432 537 An
450 511 610 537 TERTIUM
625 509 811 537 mcssumm
828 498 933 548 quod
951 499 1012 535 lex
1026 505 1138 535 vetus
1150 507 1236 534 ¹non
1255 498 1378 534 solum

321 552 388 590 fuit
406 552 538 600 Patris,
559 552 627 589 sed
647 553 759 589 etiam
779 551 881 589 Filii:
906 550 996 598 quia
1015 549 1185 586 Christus
1204 550 1239 586 in
1260 550 1380 586 veteri

320 606 401 654 lege
430 605 674 653 figurabatur.
702 604 813 641 Unde
841 602 1030 640 Dominus
1051 602 1150 650 dicit,
1176 603 1278 640 ioan.
1299 613 1324 638 v
1341 601 1376 639 *z

321 659 363 695 Si
388 658 585 695 crederetis
604 656 766 705 μΜοχεί,
795 656 992 693 crederetis
1007 655 1175 703 forsitan
1205 661 1242 692 et
1266 655 1361 692 mihi
1367 669 1378 692 .-

319 711 366 748 de
391 721 452 748 me
479 710 578 747 enlm
598 707 659 746 ille
675 709 830 757 scripSit.
861 708 1040 746 Similiter
1056 708 1172 745 'etiam
1197 708 1255 744 lex
1275 716 1378 744 nova

319 775 398 801 non
426 759 551 800 solum
580 769 637 799 est
654 761 803 808 Christi,
825 761 892 798 sed
916 761 1029 798 etiam
1048 760 1209 810 Spiritus
1229 760 1376 805 sanem

319 815 531 853 secundum
555 813 648 851 illud
665 815 778 851 Rom.
798 825 859 851 vm
878 813 914 851 *ε
934 815 1019 851 Lex
1042 814 1200 863 Spiritus
1216 813 1315 850 vitae
1339 813 1375 850 in

322 869 468 906 Christo
494 869 593 913 Iesu,
623 874 692 904 etc.
714 867 826 904 Unde
855 879 933 904 non
963 874 1017 904 est
1045 866 1279 916 expectanda
1305 865 1378 902 alia

316 921 387 969 lex,
417 932 516 970 quae
544 919 590 956 sit
619 919 779 969 Spiritus
808 920 946 957 Sancti.

369 974 429 1010 AD
458 984 631 1016 QUARTUM
659 970 844 1010 mc'ENDUM
863 973 979 1022 quod,
1006 984 1095 1009 cum
1115 971 1286 1014 Christus
1305 977 1378 1009 sta-

315 1025 383 1063 tim
412 1026 450 1063 in
478 1025 662 1075 principio
692 1025 944 1074 Evangelicae
966 1023 1255 1075 praedicationis
1275 1023 1376 1061 dixe-

366 1164 395 1198 λ)
417 1165 585 1198 intelligitur.
599 1179 618 1183 -
635 1165 685 1190 hoc
703 1165 799 1190 addunt
818 1166 865 1191 Pa.

1434 236 1498 282 rit,
1530 237 1857 288 Appropinquavit
1887 248 2048 286 regnum
2081 236 2272 273 caelorum
2291 236 2328 283 ³⁸,
2358 235 2493 272 stultis·
2520 242 2623 291 {e‘ssmfih-
2638 250 2732 272 cap-xv,

1433 289 1572 326 simum
1604 298 1659 326 est
1688 290 1812 326 dicere
1841 289 1946 337 quod
1974 288 2227 337 Evangeliurn
2257 288 2395 325 Christi
2414 300 2492 324 non
2574 286 2580 291 “
2604 276 2624 297 ⁷'

1432 341 1479 381 sit
1505 342 1769 390 Evangelium
1785 342 1902 390 regui.
1933 343 2012 380 Sed
2037 341 2267 393 praedicatio
2296 340 2492 388 Evangelii

1434 393 1570 430 Christi
1583 392 1710 443 potest
1726 394 1876 442 intelligi
1892 394 2099 444 dupliciter.
2119 395 2206 432 Uno
2226 394 2357 440 modo,
2374 405 2491 442 quan-

1432 454 1512 483 tum
1529 447 1577 483 ad
1597 447 1894 495 divulgationem
1914 447 2067 498 notitiae
2087 446 2240 484 Christi:
2262 454 2299 483 et
2317 446 2369 483 sic
2383 458 2491 495 prae-

1433 499 1596 536 dicatum
1617 499 1686 536 fuit
1708 500 1959 548 Evangeliurn
1987 500 2026 537 in
2053 498 2233 537 universo
2263 500 2356 536 orbe
2375 499 2489 536 etiam

1432 558 1604 599 ternpore
1632 554 1924 600 Apostolorum,
1954 561 1995 589 ut
2023 553 2321 601 Chrysostomus
2349 551 2438 589 dicit
2455 551 2488 589 ²¹².
2515 557 2726 606 ζβῗῗξθιῢζί

1433 603 1482 640 Et
1509 605 1720 641 secundum
1753 606 1847 652 hoc,
1882 606 1986 654 quod
2019 605 2186 649 additur,
2223 606 2272 642 Et
2298 611 2385 641 tunc
2421 605 2491 641 erit
2514 609 2600 631 Mami.
2666 600 2672 611 ’

1433 658 1715 703 consummatio,
1735 658 1945 706 intelligitur
1963 656 1978 679 λ
1997 658 2044 695 de
2069 657 2321 695 destructione
2346 659 2488 694 Ierusa-

1431 709 1519 756 lem,
1550 710 1597 746 de
1626 721 1700 758 qua
1727 717 1817 746 tunc
1844 710 1893 747 ad
1921 711 2081 747 litteram
2101 711 2336 759 loquebatur.
2357 730 2381 738 -
2402 709 2487 747 Alio

1433 762 1550 798 modo
1570 769 1695 810 potest
1713 762 1864 809 intelligi
1883 762 2111 811 praedicatio
2132 762 2328 810 Evangelii
2348 762 2386 799 in
2404 762 2489 799 uni-

1431 826 1549 850 verso
1573 815 1666 851 orbe
1695 826 1782 851 cum
1814 815 1928 865 pleno
1958 815 2110 862 effectu,
2139 816 2190 853 ita
2218 815 2357 852 scilicet
2383 815 2488 863 quod

1431 866 1469 902 in
1497 867 1664 915 qualibet
1685 874 1795 915 gente
1824 867 2001 904 fundetur
2029 868 2211 904 Ecclesia.
2241 869 2290 904 Et
2308 867 2369 915 ita,
2395 867 2489 904 sicut

1432 918 1520 955 dicit
1534 920 1777 967 Augustinus,
1795 919 1831 956 in
1844 919 2013 968 Epistola
2028 921 2078 956 ad
2089 921 2257 966 Hesrch.
2268 920 2299 967 ²⁸,
2316 921 2488 957 nondum
2514 924 2726 973 glssffigffgcffi

1429 972 1778 1020 est-praedicatum
1817 972 2068 1020 Evangelium
2101 972 2139 1009 in
2170 973 2348 1009 universo
2378 973 2487 1009 orbe:
2539 967 2555 1021 ἰ
2638 967 2673 977 ”
2719 967 2726 973 ”

1432 1024 1511 1072 sed,
1541 1025 1615 1061 hoc
1644 1025 1754 1072 facto,
1783 1025 1911 1062 veniet
1939 1025 2217 1062 consummatio
2246 1025 2379 1062 mundi
2400 1024 2431 1061 ²¹⁶.
2516 1016 2723 1070 ἐξέἓῖἓὲἑῗῗέῗῗξζ

2612 650 2629 675 λ
