2840 4010
997 157 1261 202 QUAESTIO
1291 157 1428 204 XCIII,
1458 156 1752 195 ARTICULUS
1781 157 1832 194 VI

333 232 523 270 inclinatio
558 234 734 270 naturalis
769 234 818 271 ad
851 234 1028 271 virtutem
1063 236 1291 283 depravatur
1324 247 1392 283 per

333 285 505 322 habiturn
533 285 732 334 vitiosum;
769 295 805 324 et
832 288 968 324 iterum
1001 287 1082 336 ipsa
1115 287 1292 323 naturalis
1329 299 1391 322 co-

333 337 450 385 gnitio
479 338 570 374 boni
598 338 637 375 in
666 339 718 376 eis
747 341 1017 378 obtenebratur
1043 352 1112 388 per
1137 338 1334 388 passiones
1355 346 1391 375 et

332 389 483 427 habitus
506 399 764 439 peccatorum.
791 395 832 430 In
852 393 962 429 bonis
981 399 1109 429 autem
1128 398 1288 438 uterque
1308 402 1390 426 mo-

333 441 404 479 dus
431 442 621 480 invenitur
647 445 868 493 perfectior:
897 445 986 493 quia
1014 451 1050 480 et
1068 455 1182 491 supra
1210 442 1390 489 cognitio-

332 507 422 531 nem
450 497 659 534 naturalem
685 498 787 544 boni,
809 496 1072 546 superadditur
1093 494 1144 531 eis
1164 494 1326 542 cognitio
1346 495 1389 530 fi-

333 547 394 587 dei
410 555 445 585 et
464 549 687 598 sapientiae;
706 557 742 586 et
756 562 869 598 supra
883 548 1092 585 naturalem
1108 546 1388 583 inclinationem

332 600 382 637 ad
417 601 585 647 bonum,
623 602 888 651 superadditur
924 600 976 636 eis
1013 599 1165 636 interius
1199 598 1387 635 motivum

332 653 472 701 gratiae
492 661 528 690 et
545 653 701 700 virtutis.

387 706 448 742 Sic
467 704 577 754 igitur
600 706 692 742 boni
709 706 873 754 perfecte
900 705 1059 742 subsunt
1085 703 1158 752 legi
1194 711 1386 749 aeternae,

331 765 513 807 tanquam
533 770 686 806 semper
700 759 912 795 secundum
928 770 1013 794 eam
1034 764 1197 804 agentes.
1216 755 1308 793 Mali
1322 768 1387 792 au-

331 817 409 847 tem
429 811 588 847 subsunt
606 810 758 859 quidem
776 810 847 858 legi
868 819 1054 857 aeternae,
1071 809 1290 858 imperfecte
1305 807 1386 855 qui-

333 863 422 900 dem
438 869 622 912 quantum
638 863 687 899 ad
707 863 874 900 actiones
900 863 1087 912 ipsorum,
1116 869 1230 910 prout
1247 860 1386 908 imper-

330 915 426 952 fecte
455 923 690 962 cognoscunt
708 923 744 952 et
762 915 981 964 imperfecte
1000 915 1224 952 inclinantur
1242 913 1291 949 ad
1320 913 1386 948 bo-

330 959 445 1004 num:
472 967 540 1004 sed
559 975 745 1014 quantum
775 969 901 1005 deficit
921 981 965 1004 ex
983 975 1089 1016 parte
1109 966 1276 1012 actionis,
1297 977 1386 1013 sup-

329 1020 452 1068 pletur
475 1031 521 1056 ex
540 1028 645 1068 parte
669 1021 870 1069 passionis,
890 1029 1004 1069 prout
1031 1020 1170 1057 scilicet
1199 1018 1385 1055 intantum

328 1072 522 1121 patiuntur
536 1073 641 1121 quod
656 1074 715 1110 lex
730 1081 882 1110 aeterna
894 1073 1006 1111 dictat
1021 1073 1068 1110 de
1083 1073 1148 1119 eis,
1159 1071 1385 1120 inquantum

330 1124 510 1161 deficiunt
528 1125 650 1162 facere
667 1127 771 1174 quod
790 1127 861 1174 legi
877 1133 1051 1163 aeternae
1069 1123 1256 1161 convenit.
1273 1122 1385 1160 Unde

328 1177 562 1225 Augustinus
589 1178 690 1225 dicit,
710 1179 749 1215 in
779 1180 792 1215 I
813 1180 860 1215 de
881 1179 963 1215 Lib.
982 1178 1076 1215 Arb.
1101 1177 1141 1213 *ε
1169 1177 1291 1212 Iustos
1316 1176 1385 1212 sub

328 1235 486 1268 aeterna
494 1230 580 1280 lege
597 1243 715 1280 agere
727 1232 911 1268 existimo.
928 1232 977 1268 Et
991 1231 1029 1267 in
1044 1230 1139 1267 libro
1154 1229 1200 1265 de
1219 1228 1385 1265 Catechi-

328 1283 456 1332 {andis
475 1283 646 1320 Rudibus
659 1283 690 1330 ²¹⁸,
708 1284 797 1321 dicit
814 1284 920 1332 quod
934 1285 1038 1321 Deus
1055 1294 1105 1319 ex
1119 1282 1215 1318 iusta
1233 1281 1386 1317 miseria

327 1335 546 1372 animarum
573 1348 612 1372 se
643 1337 902 1382 deserentium,
924 1334 1275 1373 convenientissimis
1295 1333 1385 1382 legi-

328 1388 396 1425 bus
411 1388 608 1436 inferiores
615 1395 744 1437 partes
763 1395 959 1426 creaturae
976 1400 1067 1425 suae
1081 1388 1186 1424 novit
1201 1397 1342 1423 ornare
1356 1390 1383 1422 Υ.

380 1442 440 1478 Ar>
467 1452 604 1478 PRIMUM
632 1452 731 1478 ERGO
759 1453 943 1478 mCENDUM
970 1440 1075 1490 quod
1103 1439 1194 1476 illud
1219 1439 1384 1476 verbum

326 1493 502 1542 Apostoli
528 1501 654 1542 potest
681 1493 833 1541 intelligi
862 1494 1066 1542 dupliciter.
1087 1493 1174 1530 Uno
1194 1492 1325 1537 modo,
1345 1498 1387 1527 ut

328 1557 411 1583 esse
438 1546 510 1583 sub
537 1547 618 1594 lege
647 1546 871 1594 intelligatur
902 1547 961 1583 ille
991 1545 1055 1594 qui
1082 1545 1214 1582 nolens
1243 1543 1384 1591 obliga-

325 1597 418 1635 tioni
437 1598 528 1646 Iegis
542 1597 556 1620 δ
575 1599 758 1646 subditur,
780 1599 887 1647 quasi
912 1599 1061 1636 cuidam
1081 1597 1252 1646 ponderi.
1274 1596 1385 1633 Unde

263 1666 270 1673 ·
327 1651 464 1688 Glossa
486 1651 506 1672 *
529 1651 673 1688 ibidem
702 1652 789 1689 dicit
822 1652 926 1700 quod
953 1652 1022 1688 sub
1054 1651 1142 1700 lege«
1163 1655 1218 1687 est
1252 1649 1319 1698 qui
1344 1649 1386 1685 ti-

326 1715 433 1740 more
458 1704 631 1752 supplicii
653 1705 754 1752 quod
780 1705 843 1741 Iex
868 1705 1046 1750 minatur,
1073 1715 1147 1740 non
1175 1714 1308 1740 amore
1330 1702 1384 1738 iu-

325 1756 456 1802 stitiae,
476 1768 500 1794 a
529 1756 630 1793 malo
659 1769 772 1805 opere
798 1758 963 1794 abstinet.
985 1757 1034 1794 Et
1061 1757 1136 1793 hoc
1162 1755 1282 1792 modo
1311 1754 1384 1803 spi-

2430 159 2500 207 167

1445 247 1560 283 quarn
1590 235 1749 283 Spiritus
1777 237 1936 273 Sanctus
1964 236 2141 273 cordibus
2165 248 2298 272 eorum
2327 236 2500 285 infundit,

1443 288 1653 324 voluntarie
1673 288 1711 325 id
1731 289 1835 337 quod
1855 289 1945 336 legis
1970 296 2035 336 est,
2056 288 2260 336 implent.-
2276 289 2361 325 Alio
2382 290 2500 326 modo

1443 347 1568 386 potest
1597 340 1708 377 etiarn
1744 341 1894 389 intelligi
1930 341 2154 389 inquantum
2183 340 2349 377 hominis
2384 353 2500 389 opera

1445 391 1509 438 qui
1546 392 1684 439 Spiritu
1723 394 1861 430 Sancto
1890 394 2030 441 agitur,
2058 393 2178 441 magis
2206 393 2381 430 dicuntur
2418 406 2499 430 esse

1445 455 1560 491 opera
1581 445 1738 492 Spiritus
1759 446 1885 482 Sancti
1905 458 2021 494 quam
2044 445 2161 494 ipsius
2184 445 2362 483 hominis.
2388 446 2499 483 Unde

1444 506 1531 530 cum
1562 496 1720 543 Spiritus
1741 499 1900 535 Sanctus
1929 511 2006 535 non
2034 499 2080 535 sit
2098 499 2169 535 sub
2197 499 2290 546 lege,
2311 499 2406 535 sicut
2429 511 2499 535 nec

1444 546 1569 594 Filius,
1589 557 1631 585 ut
1658 562 1772 597 supra
1790 550 1810 572 '¹‘
1838 550 1979 587 dictum
2008 558 2080 596 est3
2105 550 2272 599 sequitur
2298 551 2403 599 quod
2431 552 2500 587 hu-

1442 598 1607 636 iusmodi
1642 613 1769 648 opera,
1798 602 2022 650 inquantum
2057 610 2144 639 sunt
2171 603 2330 652 Spiritus
2358 603 2497 651 Sancti,

1442 662 1521 687 non
1549 651 1620 688 sint
1648 654 1717 689 sub
1745 655 1837 701 lege.
1867 656 1916 691 Et
1942 655 2030 692 huic
2049 662 2240 693 attestatur
2262 655 2367 704 quod
2394 658 2498 705 Apo-

1443 704 1560 739 stolus
1581 704 1678 751 dicit,
1697 706 1727 741 11
1748 707 1800 742 ad
1830 708 1916 744 Cor.
1938 720 1972 744 111
1991 707 2027 744 *ε
2062 709 2135 745 Ubi
2151 709 2309 757 Spiritus
2327 707 2496 755 Domini,

1443 755 1495 791 ibi
1520 755 1680 793 libertas.

1494 809 1552 844 AD
1581 821 1770 846 SECUNDUM
1798 822 1981 848 D1CENDUM
2014 812 2118 860 quod
2144 812 2344 860 prudentia
2376 813 2498 850 carnis

1441 872 1519 896 non
1538 869 1662 908 potest
1682 862 1813 898 subiici
1841 863 1912 910 legi
1933 863 2003 901 Dei
2023 876 2067 900 ex
2085 871 2190 912 parte
2215 865 2388 901 actionis:
2410 865 2498 913 quia

1440 911 1592 950 inclinat
1612 915 1659 950 ad
1678 914 1845 951 actiones
1875 916 2078 952 contrarias
2101 917 2172 963 legi
2191 917 2273 953 Dei.
2296 917 2498 954 Subiicitur

1439 971 1568 1002 tamen
1595 966 1667 1013 legi
1687 966 1759 1003 Dei
1789 979 1832 1003 ex
1854 975 1959 1015 parte
1987 968 2190 1016 passionis:
2216 969 2304 1017 quia
2331 977 2498 1007 meretur

1439 1017 1516 1065 pati
1542 1029 1710 1065 poenam
1730 1020 1941 1057 secundum
1968 1021 2091 1067 legem
2112 1020 2262 1058 divinae
2286 1021 2455 1059 iustitiae.
2472 1043 2495 1050 -

1441 1070 1698 1107 Nihilominus
1718 1079 1845 1108 tamen
1873 1073 1911 1109 in
1930 1074 2032 1109 nullo
2054 1073 2211 1110 homine
2230 1073 2280 1109 ita
2298 1074 2497 1121 prudentia

1441 1123 1562 1159 carnis
1601 1123 1834 1170 dominatur,
1869 1126 1974 1173 quod
2001 1132 2124 1162 totum
2157 1126 2304 1162 bonum
2341 1133 2496 1162 naturae

1441 1184 1715 1224 corrumpatur.
1746 1177 1795 1213 Et
1821 1177 1908 1214 ideo
1937 1185 2108 1215 remanet
2134 1178 2174 1215 in
2207 1178 2365 1215 homine
2393 1178 2496 1215 incli—

1440 1228 1542 1265 natio
1570 1229 1620 1265 ad
1648 1229 1838 1276 agendum
1869 1242 1912 1267 ea
1945 1242 2042 1279 quae
2071 1238 2157 1267 sunt
2188 1231 2279 1278 legis
2306 1238 2493 1268 aeternae.

1441 1281 1622 1318 Habitum
1657 1289 1711 1318 est
1739 1282 1841 1318 enim
1869 1295 1983 1331 supra
2010 1283 2030 1305 *
2057 1283 2162 1331 quod
2188 1290 2389 1332 peccatum
2417 1296 2495 1322 non

1439 1333 1533 1370 tollit
1559 1341 1682 1370 totum
1711 1335 1856 1371 bonurn
1885 1344 2052 1372 naturae.

1492 1388 1551 1423 AD
1574 1398 1732 1424 TERTmM
1752 1399 1935 1425 DICENDUM
1964 1387 2067 1436 quod
2085 1387 2189 1425 idem
2219 1395 2274 1424 est
2299 1400 2368 1436 per
2391 1390 2495 1436 quod

1441 1439 1581 1487 aliquid
1610 1447 1856 1476 conservatur
1874 1440 1912 1477 in
1936 1441 2025 1486 fine,
2046 1446 2083 1476 et
2109 1452 2178 1488 per
2196 1441 2299 1488 quod
2318 1449 2496 1478 movetur

1440 1492 1487 1528 ad
1515 1492 1653 1528 finem:
1684 1492 1779 1529 sicut
1807 1505 1944 1541 corpus
1978 1505 2093 1540 grave
2121 1493 2300 1540 gravitate
2338 1493 2496 1541 quiescit

1438 1544 1476 1580 in
1495 1545 1580 1580 Ioco
1600 1544 1777 1592 inferiori,
1797 1557 1867 1593 per
1885 1558 2002 1593 quam
2022 1545 2134 1582 etiam
2154 1546 2203 1582 ad
2221 1546 2349 1582 locum
2369 1546 2494 1595 ipsum

1439 1604 1628 1634 movetur.
1649 1598 1698 1633 Et
1716 1597 1769 1634 sic
1798 1597 2000 1635 dicendum
2030 1605 2085 1634 est
2102 1599 2220 1646 quod,
2241 1598 2336 1635 sicut
2363 1611 2494 1635 secun-

1441 1650 1532 1686 dum
1560 1650 1682 1697 legem
1711 1657 1905 1687 aeternam
1938 1651 2051 1699 aliqui
2080 1659 2272 1688 merentur
2299 1651 2495 1688 beatitudi-

1439 1714 1528 1739 nem
1547 1704 1610 1739 vel
1636 1702 1845 1749 miseriam,
1867 1703 1916 1740 ita
1935 1716 2004 1752 per
2023 1704 2184 1741 eandem
2204 1705 2328 1751 legem
2347 1704 2384 1740 in
2406 1705 2493 1741 bea-

1438 1755 1594 1791 titudine
1622 1756 1684 1792 vel
1714 1755 1864 1792 miseria
1893 1764 2176 1794 conservantur.
2206 1758 2255 1793 Et
2282 1757 2492 1794 secundum

326 1808 476 1847 rituales
494 1809 566 1847 viri
579 1821 659 1846 non
677 1818 764 1847 sunt
783 1811 852 1847 sub
872 1811 973 1858 lege:
989 1809 1076 1858 quia
1093 1821 1162 1858 per
1181 1808 1383 1854 caritatem,
1409 1801 1413 1854 Ι
1438 1808 1522 1854 hoc,
1545 1815 1581 1844 et
1609 1808 1707 1844 beati
1741 1816 1777 1845 et
1804 1808 1972 1846 damnati
1995 1810 2152 1846 subsunt
2179 1809 2251 1857 legi
2279 1817 2464 1846 aeternae.

378 1949 404 1983 γ)
424 1957 530 1975 ornare.
548 1964 567 1969 —
584 1950 712 1975 ordinare
730 1950 825 1975 PHKa.

1492 1947 1516 1980 ὃ)
1530 1948 1687 1981 obligationi
1700 1948 1773 1981 legis.
1786 1961 1807 1968 -
1819 1947 2005 1980 obligationem
2020 1949 2086 1982 legis
2101 1949 2286 1979 PBDEGHLa,
2306 1949 2492 1982 obligationem

1439 1983 1537 2016 legitur
1555 1984 1625 2015 CpA,
1644 1983 1832 2016 obligationem
1851 1983 1904 2016 legi
1921 1984 1968 2008 sA.

2526 558 2535 568 '
2548 559 2601 580 Art.
2615 564 2639 586 4,
2653 558 2682 580 ad
2696 565 2718 581 ι.

2524 715 2536 726 “
2550 714 2617 737 Vera.
2630 721 2662 742 17.

2521 1289 2589 1338 ;Qu.
2596 1296 2679 1317 uxxv,
2690 1294 2733 1313 ιη.
