2840 4010
75 1179 147 1207 ’.Ωιι
167 1185 285 1206 ιωνιιι,

75 1209 117 1228 art.
132 1213 154 1235 3.

78 2293 291 2349 ᾳξίἰιιδιὲῗὲξωὸ.

323 141 392 187 146

369 221 418 257 Et
443 221 518 257 hoc
547 221 657 257 etiam
683 220 802 257 modo
835 219 1118 267 intelligendum
1149 225 1204 254 est
1232 217 1375 254 dictum

315 273 497 310 Anselmi.
528 273 638 310 Unde
657 280 759 321 patet
779 272 915 309 solutio
936 272 983 308 ad
1008 270 1231 307 secundum.

367 328 426 363 Ao
454 337 614 363 TERTmM
641 337 824 362 DICENDUM
853 324 956 372 quod
985 323 1076 360 illud
1106 322 1276 359 debitum
1296 334 1375 359 non

947 140 1212 186 QUAESTIO
1242 139 1454 185 LXXXIX,
1483 139 1780 176 ARTICULUS
1808 141 1859 178 VI

1431 217 1726 266 concupiscendi
1748 226 1828 255 erat
1847 231 1915 267 per
1928 211 2149 267 originalem
2167 221 2359 259 iustitiam.
2376 221 2487 259 Unde

1429 270 1469 307 id
1497 270 1603 319 quod
1631 271 1837 319 opponitur
1869 272 1932 308 tali
1964 272 2110 320 debito,
2141 285 2220 311 non
2251 275 2412 323 pertinet
2440 274 2489 311 ad

1428 331 1627 372 peccatum
1657 324 1814 371 actuale,
1843 324 1911 360 sed
1939 324 1987 361 ad
2014 333 2215 373 peccatum
2244 327 2434 374 originale.

986 405 1317 438 Commentarta.
1340 405 1590 439 cardinalis
1611 406 1812 440 Caietam

345 499 365 519 N
389 489 519 520 articulo
543 488 655 528 quinto
675 493 750 517 nota
773 485 917 521 titulums
929 485 1018 526 quod
1033 484 1177 525 loquitur
1191 491 1316 516 tantum
1335 485 1373 516 de

318 501 454 573 Iprimis
477 532 616 563 motibus
638 530 856 566 sensualitatis,
882 536 913 560 et
928 539 994 560 non
1011 530 1049 560 de
1066 530 1216 561 omnibus
1231 530 1372 561 motibus

1397 485 1402 565 Ι
1427 485 1614 517 infidelium.
1638 486 1680 517 Et
1701 496 1768 517 non
1784 487 1904 518 mireris
1920 487 1946 517 si
1962 485 2071 517 differo
2092 486 2340 526 disputationem
2361 488 2400 518 de
2422 488 2489 522 aliis

1427 530 1460 561 in
1483 531 1594 562 locum
1616 531 1783 572 proprium
1798 531 1825 562 *.

1124 683 1441 726 ARTICULUS
1472 682 1680 725 SEXTUS

562 766 717 797 UTRUM
740 765 979 797 PECCATUM
1004 766 1191 797 VENIALE
1214 765 1361 796 Possm*
1385 765 1485 796 ESSE
1509 765 1552 795 IN
1575 765 1740 802 ALIQUO
1765 765 1858 797 CUM
1882 766 1994 799 soto
2019 766 2240 798 0R1G1NAL1

832 842 852 866 11
872 842 956 871 Sent„
976 841 1035 866 dist.
1054 848 1113 872 xmi,
1132 848 1177 873 qu.
1195 847 1212 869 ι,
1232 845 1278 864 art.
1299 839 1322 869 5,
1342 839 1374 864 ad
1393 846 1422 872 73
1442 839 1484 864 De
1507 839 1596 869 Verit„
1616 846 1661 871 qu.
1679 846 1745 871 xxiv,
1765 845 1812 865 art.
1835 847 1873 871 12,
1893 842 1925 866 ad
1945 849 1973 874 23
2014 848 2017 851 ·

1023 876 1064 901 De
1078 876 1161 904 Malo,
1176 883 1221 908 qu.
1233 883 1257 906 ν,
1273 880 1320 900 art.
1335 882 1358 904 2.
1378 875 1410 899 ad
1423 874 1452 905 8;
1472 882 1516 908 qu.
1536 882 1579 905 vu,
1593 881 1639 900 art.
1658 882 1696 906 ιο,
1711 875 1743 899 ad
1757 874 1783 900 8.

366 1004 374 1012 -
399 991 410 1005 ‹
433 983 483 1012 „sss
525 971 547 996 D
567 970 708 996 SEXTUM
731 971 784 996 Sic
818 970 1055 996 paocamrua.
1084 957 1243 994 Videtur
1271 955 1376 1003 quod

374 1011 389 1033 *⁴
526 1019 725 1060 peccatum
749 1012 898 1071 veniale
927 1011 1046 1070 possit
1071 1023 1153 1070 esse
1182 1010 1220 1069 in
1247 1008 1374 1055 aliquo

315 1173 363 1209 ad
383 1172 555 1218 mortale,
585 1178 626 1207 ut
650 1183 764 1219 supra
782 1170 802 1192 ‘³‘
831 1171 995 1208 dictum
995 1178 1069 1221 est.
1101 1171 1203 1218 Ergo
1228 1167 1375 1206 veniale

314 1225 353 1261 in
371 1224 526 1271 infideli,
557 1223 616 1259 cui
641 1236 720 1260 non
740 1223 939 1260 remittitur
967 1223 1158 1271 originale,
1187 1220 1377 1259 invenitur

315 1284 400 1315 ante
429 1277 600 1313 mortale.
631 1278 679 1313 Et
703 1276 755 1313 sic
776 1277 1008 1325 quandoque
1033 1276 1206 1313 infideles
1235 1275 1377 1311 habent

314 1337 470 1379 peccata
497 1329 662 1366 venialia
691 1341 779 1366 cum
809 1328 994 1377 originali,
1025 1329 1105 1366 sine
1139 1327 1376 1366 mortalibus.

369 1395 403 1420 2.
434 1384 671 1430 PRAETEREA,
701 1382 827 1419 minus
856 1383 971 1419 habet
999 1383 1046 1420 de
1077 1381 1312 1419 connexione
1342 1388 1378 1417 et

316 1436 582 1474 convenientia
601 1436 750 1473 veniale
776 1448 864 1472 curn
885 1436 1047 1482 mortali,
1078 1447 1193 1484 quam
1217 1435 1376 1471 mortale

314 1498 515 1539 peccatum
532 1502 620 1526 cum
636 1489 797 1526 mortali.
820 1488 897 1525 Sed
917 1489 1079 1526 infidelis
1099 1489 1290 1526 subiectus
1306 1487 1378 1524 ori-

315 1543 426 1591 ginali
445 1550 615 1591 peccato,
635 1549 759 1591 potest
779 1542 1016 1580 committere
1035 1554 1157 1579 unum
1177 1548 1378 1590 peccatum

315 1598 473 1633 mortale
503 1603 539 1632 et
561 1608 639 1632 non
659 1595 771 1632 aliud.
803 1596 905 1643 Ergo
926 1596 1038 1633 etiam
1060 1603 1185 1644 potest
1204 1594 1378 1632 commit-

314 1657 392 1686 tere
420 1656 620 1698 peccatum
649 1648 809 1695 veniale,
840 1656 876 1684 et
902 1661 981 1686 non
1010 1650 1182 1686 mortale.

372 1704 405 1740 3.
423 1704 655 1749 PRAETEREA,
677 1702 919 1739 determinari
938 1709 1062 1751 potest
1081 1711 1232 1750 tempus
1247 1701 1286 1738 in
1300 1713 1378 1750 quo

315 1768 411 1805 puer
430 1756 555 1805 primo
580 1762 705 1804 potest
731 1767 812 1792 esse
837 1763 943 1792 actor
962 1755 1107 1805 peccati
1132 1755 1298 1792 actualis.
1318 1755 1380 1791 Ad

317 1809 422 1857 quod
455 1816 606 1858 tempus
640 1820 727 1845 cum
762 1809 993 1857 pervenerit,
1023 1816 1148 1858 potest
1175 1809 1225 1846 ad
1253 1808 1379 1845 minus

316 1874 384 1911 per
421 1862 577 1911 aliquod
614 1862 732 1898 breve
770 1862 934 1910 spatium
973 1870 1091 1909 stare,
1127 1862 1218 1911 quin
1248 1869 1381 1911 peccet

316 1916 539 1952 mortaliter:
570 1915 659 1964 quia
686 1916 760 1952 hoc
789 1914 902 1953 etiam
926 1916 964 1952 in
989 1915 1163 1952 maximis
1191 1915 1380 1953 sceleratis

317 1969 508 2017 contingit.
538 1970 581 2005 In
609 1968 671 2006 illo
701 1975 828 2006 autem
857 1969 996 2018 spatio,
1027 1976 1380 2018 quantumcumque

317 2022 443 2069 brevi,
472 2029 598 2071 potest
624 2033 782 2071 peccare
810 2022 1017 2060 venialiter.
1048 2023 1150 2070 Ergo
1179 2031 1379 2071 peccatum

316 2075 465 2112 veniale
493 2082 619 2125 potest
647 2087 729 2111 esse
757 2074 796 2111 in
824 2075 951 2124 aliquo
982 2087 1069 2113 cum
1098 2076 1267 2124 originali
1293 2089 1380 2126 pec-

319 2137 415 2176 cato,
445 2130 590 2178 absque
619 2128 779 2165 mortali.

375 2183 448 2219 SED
470 2194 616 2219 CONTRA
634 2193 700 2218 EST
731 2181 819 2230 quia
838 2194 908 2230 pro
937 2190 1096 2231 peccato
1123 2182 1294 2231 originali
1313 2195 1382 2232 pu-

320 2236 474 2273 niuntur
496 2236 673 2272 homines
697 2235 734 2271 in
754 2235 872 2271 limbo
894 2247 1117 2284 puerorum,
1142 2236 1207 2273 ubi
1227 2248 1307 2273 non
1328 2244 1384 2273 est

322 2301 449 2339 poena
479 2301 628 2335 sensus,
658 2296 698 2324 ut
725 2288 822 2324 infra
840 2287 859 2309 *
888 2288 1043 2326 dicetur.
1074 2290 1115 2326 In
1142 2288 1289 2326 inferno
1319 2302 1384 2326 au-

319 2351 397 2380 tem
414 2342 664 2380 detruduntur
679 2341 856 2377 homines
871 2349 1028 2390 propter
1043 2343 1168 2379 solum
1182 2350 1383 2403 peccatum

320 2396 491 2433 mortale.
522 2396 624 2443 Ergo
645 2407 723 2432 non
744 2394 813 2431 erit
831 2395 967 2432 locus
959 2408 997 2432 in
1026 2408 1102 2444 quo
1122 2396 1242 2445 possit
1259 2396 1383 2445 puniri

319 2449 381 2486 ille
396 2449 461 2496 qui
479 2449 594 2485 habet
608 2455 809 2497 peccatum
823 2448 971 2485 veniale
992 2461 1081 2485 cum
1101 2449 1272 2497 originali
1286 2450 1380 2487 solo.

374 2503 598 2539 RESPONDEO
619 2513 803 2538 DICENDUM
823 2502 928 2550 quod
947 2500 1182 2550 impossibile
1203 2510 1258 2540 est
1277 2503 1382 2552 quod

319 2563 521 2604 peccatum
548 2554 697 2591 veniale
718 2555 762 2591 sit
780 2554 818 2591 in
838 2554 965 2603 aliquo
988 2567 1076 2592 cum
1100 2555 1271 2603 originali
1295 2569 1382 2605 pec-

322 2616 417 2654 cato,
448 2608 592 2657 absque
621 2607 782 2645 mortali.
814 2607 932 2644 Cuius
956 2607 1050 2644 ratio
1081 2616 1136 2645 est
1163 2609 1252 2657 quia
1279 2617 1383 2646 ante-

321 2674 437 2720 quam
471 2661 519 2698 ad
549 2673 669 2697 annos
704 2660 939 2698 discretionis
971 2661 1183 2709 perveniat,
1215 2662 1382 2700 defectus

322 2714 462 2761 aetatis,
494 2714 699 2763 prohibens
727 2726 840 2751 usum
870 2714 1036 2762 rationis,
1067 2723 1220 2752 excusat
1248 2728 1337 2752 eum
1361 2728 1384 2753 a

376 2830 403 2864 α)
423 2837 462 2855 eo.
480 2844 499 2849 -
516 2837 543 2855 se
562 2829 672 2855 codices.

1429 959 1586 1000 peccato
1616 952 1782 989 mortali:
1810 954 1912 991 unde
1941 957 2062 994 multo
2089 957 2209 1005 magis
2229 964 2382 1002 excusat
2401 968 2491 993 eum

1430 1017 1453 1041 a
1479 1013 1637 1054 peccato
1666 1006 1815 1054 veniali,
1845 1007 1876 1043 si
1905 1009 2116 1046 committat
2145 1010 2285 1059 aquuid
2313 1009 2420 1058 quod
2447 1010 2493 1046 sit

1431 1070 1476 1095 ex
1504 1070 1643 1107 genere
1663 1072 1732 1096 suo
1752 1060 1838 1096 tale.
1870 1060 1970 1097 Cum
1989 1073 2083 1100 vero
2109 1074 2223 1099 usum
2253 1062 2408 1116 rationis
2426 1063 2492 1100 ha-

1431 1112 1522 1148 bere
1545 1112 1739 1161 inceperit,
1760 1124 1839 1149 non
1858 1114 2016 1151 omnino
2037 1122 2235 1153 excusatur
2253 1113 2277 1152 a
2296 1117 2407 1166 eulpa
2424 1128 2492 1153 ve-

1430 1165 1538 1202 nialis
1559 1174 1594 1202 et
1613 1165 1781 1203 mortalis
1809 1167 1966 1215 peccati.
1997 1167 2074 1207 Sed
2092 1168 2259 1218 primum
2279 1170 2384 1216 quod
2403 1176 2493 1208 tunc

1430 1219 1576 1255 homini
1604 1219 1850 1279 cogitandum
1874 1223 2045 1270 occurrit,
2065 1229 2123 1259 est
2142 1221 2350 1258 deliberare
2366 1222 2416 1259 de
2435 1234 2492 1259 se-

1430 1272 1526 1320 ipso.
1557 1273 1605 1308 Et
1633 1274 1663 1309 si
1691 1273 1846 1322 quidem
1875 1274 2044 1322 seipsum
2070 1273 2302 1313 ordinaverit
2321 1274 2371 1311 ad
2389 1274 2494 1312 debi-

1431 1333 1512 1362 tum
1531 1326 1663 1374 finem,
1683 1339 1752 1375 per
1772 1325 1929 1374 gratiam
1950 1335 2205 1378 consequetur
2228 1326 2494 1368 remissionem

1432 1379 1622 1427 originalis
1650 1380 1806 1428 peccati.
1838 1381 1878 1417 Si
1904 1392 1999 1421 vero
2034 1395 2112 1420 non
2145 1379 2294 1418 ordinet
2325 1380 2494 1430 seipsum

1432 1433 1480 1469 ad
1508 1433 1678 1470 debitum
1707 1434 1838 1481 finem,
1859 1437 2072 1475 secundum
2092 1433 2224 1485 quod
2216 1445 2255 1470 ln
2282 1432 2344 1469 illa
2371 1441 2493 1471 aetate

1432 1494 1488 1523 est
1520 1498 1638 1535 capax
1672 1487 1922 1539 discretionis,
1952 1489 2125 1540 peccabit
2158 1486 2386 1535 mortaliter,
2416 1500 2495 1525 non

1432 1539 1574 1576 faciens
1594 1540 1725 1588 quod
1717 1553 1755 1577 in
1776 1553 1815 1577 se
1837 1548 1904 1578 est.
1930 1545 1979 1581 Et
1998 1556 2043 1580 ex
2061 1551 2152 1580 tunc
2171 1552 2250 1577 non
2269 1539 2338 1577 erit
2356 1541 2395 1577 in
2415 1553 2461 1578 eo
2477 1546 2495 1562 α

1431 1601 1631 1642 peccatum
1650 1594 1799 1630 veniale
1819 1594 1901 1631 sine
1919 1597 2081 1644 mortali,
2110 1593 2182 1632 nisi
2208 1601 2414 1643 postquam
2437 1603 2494 1631 to-

1432 1655 1514 1684 tum
1534 1647 1642 1684 fuerit
1661 1647 1731 1684 sibi
1749 1659 1818 1696 per
1835 1651 1994 1696 gratiam
2012 1649 2226 1687 remissum.

1486 1703 1544 1737 AD
1565 1713 1701 1738 PRiMUM
1722 1712 1819 1738 ERGO
1839 1713 2023 1742 mmmmm
2049 1703 2156 1751 quod
2172 1699 2322 1738 ‘veniale
2341 1712 2421 1737 non
2440 1707 2496 1737 est

1434 1754 1628 1803 dispositio
1658 1767 1703 1791 ex
1731 1755 1952 1794 necessitate
1980 1756 2214 1807 praecedens
2235 1754 2408 1801 mortale,
2427 1754 2495 1791 sed

1435 1809 1704 1856 contingenter,
1735 1808 1830 1845 sicut
1856 1809 1964 1848 labor
1992 1810 2159 1860 disponit
2186 1807 2419 1858 quandoque
2446 1808 2496 1847 ad

1434 1862 1600 1899 febrem:
1630 1874 1709 1898 non
1737 1870 1864 1899 autem
1899 1864 1994 1901 sicut
2021 1864 2124 1901 calor
2151 1859 2318 1911 disponit
2344 1861 2395 1899 ad
2421 1860 2496 1899 for—

1435 1928 1541 1953 mam
1569 1916 1675 1963 ignis.

1475 1972 1546 2006 AD
1566 1981 1755 2007 SECUNDUM
1775 1981 1958 2009 DICENDUM
1975 1971 2079 2021 quod
2094 1982 2174 2007 non
2192 1939 2396 2016 impeditur
2407 1979 2496 2016 pec-

1435 2031 1560 2060 catum
1584 2023 1732 2060 veniale
1762 2035 1844 2059 esse
1874 2025 1986 2062 simul
2008 2036 2097 2061 cum
2118 2023 2200 2060 solo
2221 2021 2392 2070 originali
2409 2032 2496 2070 pro·
2497 2061 2525 2068 Η

1434 2085 1518 2126 pter
1546 2076 1759 2114 distantiam
1789 2077 1869 2114 eius
1892 2079 1955 2115 vel
1979 2075 2304 2123 convenientiam;
2325 2075 2392 2112 sed
2411 2086 2498 2123 pro-

1434 2138 1518 2180 pter
1546 2130 1735 2168 defectum
1763 2143 1855 2168 usus
1884 2131 2050 2177 rationis,
2078 2138 2120 2168 ut
2145 2130 2288 2167 dictum
2317 2136 2373 2166 est
2389 2128 2421 2164 ²¹⁸.

1488 2186 1547 2221 An
1566 2195 1725 2221 TERT1UM
1740 2196 1924 2222 D1CENDUM
1937 2185 2043 2245 quod
2059 2185 2107 2221 ab
2123 2183 2204 2220 aliis
2217 2183 2381 2232 peccatis
2395 2193 2499 2219 mor-

1434 2238 1572 2275 talibus
1599 2244 1724 2286 potest
1751 2249 1846 2286 puer
1873 2238 2056 2287 incipiens
2083 2237 2225 2274 habere
2253 2249 2366 2274 usum
2387 2235 2499 2273 ratio-

1437 2291 1509 2339 nis,
1538 2302 1606 2339 per
1624 2291 1780 2350 aliquod
1808 2300 1959 2340 tempus
1988 2291 2192 2329 abstinere.
2214 2291 2282 2328 sed
2301 2303 2322 2327 a
2341 2297 2500 2350 peccato

1437 2344 1653 2381 omissionis
1667 2345 1882 2393 praedictae
1902 2357 1981 2383 non
1999 2345 2190 2393 liberatur,
2208 2345 2277 2382 nisi
2292 2355 2410 2394 quam
2425 2343 2499 2385 cito

1436 2405 1571 2446 potest,
1588 2410 1629 2435 se
1645 2406 1842 2436 convertat
1857 2399 1906 2436 ad
1925 2399 2065 2435 Deum.
2082 2398 2255 2436 Primum
2271 2398 2373 2436 enim
2393 2397 2503 2445 quod.

1437 2450 1600 2487 occurrit
1627 2452 1773 2488 homini
1794 2451 2060 2489 discretionem
2079 2451 2234 2489 habenti
2253 2459 2309 2488 est
2326 2450 2432 2500 quod
2451 2450 2500 2488 de

1437 2503 1562 2552 seipso
1592 2504 1739 2552 cogitet,
1770 2505 1817 2542 ad
1839 2517 1954 2554 quem
1983 2505 2055 2542 alia
2083 2505 2233 2542 ordinet
2259 2504 2355 2542 sicut
2379 2504 2429 2542 ad
2455 2505 2499 2542 fi-

1436 2569 1547 2594 nem:
1576 2557 1663 2594 finis
1692 2557 1794 2595 enim
1823 2565 1880 2595 est
1905 2557 2010 2606 prior
2032 2557 2071 2594 in
2090 2557 2309 2595 intentione.
2338 2558 2389 2595 Et
2410 2557 2498 2596 ideo

1436 2611 1511 2646 hoc
1540 2618 1595 2647 est
1621 2618 1772 2659 tempus
1796 2623 1866 2659 pro
1887 2622 1964 2658 quo
1985 2610 2171 2659 obligatur
2189 2623 2236 2648 ex
2253 2611 2327 2648 Dei
2344 2623 2500 2659 praece-

1436 2671 1502 2711 pto
1522 2664 1763 2710 affirmativo,
1785 2676 1862 2712 quo
1882 2664 2073 2701 Dominus
2098 2664 2201 2701 dicit:
2231 2665 2503 2702 Convertimim'

1437 2717 1488 2753 ad
1513 2729 1584 2762 me,
1614 2723 1650 2753 et
1675 2728 1746 2766 ego
1774 2723 1975 2755 convertar
2001 2718 2053 2754 ad
2077 2729 2156 2763 vos,
2185 2717 2391 2755 Zachariae
2411 2730 2422 2755 1
2440 2717 2472 2755 ²⁸⁸.

999 2893 1331 2926 commentaria.
1353 2893 1604 2926 Car-<linaiis
1626 2894 1826 2927 Caietani

355 2984 373 3004 N
399 2973 529 3004 articulo
553 2980 639 3004 sexto
665 2973 807 3004 eiusdem
830 2972 1151 3012 octogesimaenonae
1175 2972 1386 3014 quaestionis,

327 2986 491 3048 Idubium
519 3018 635 3058 duplex
667 3017 802 3056 occurrit
829 3017 908 3048 circa
937 3017 990 3047 illa
1017 3017 1128 3047 verba:
1153 3018 1259 3048 Multo
1283 3018 1388 3058 magis

326 3068 458 3092 excusat
481 3071 551 3092 eum
568 3072 588 3091 a
599 3068 731 3102 peccato
747 3063 874 3099 veniali,
897 3068 954 3092 etc.
979 3061 1132 3098 Primum,
1157 3061 1231 3102 quia
1253 3068 1307 3092 aut
1322 3064 1388 3092 Au-

326 3112 392 3136 ctor
416 3106 549 3136 intendit
572 3106 755 3146 simpliciter
778 3107 816 3136 de
838 3105 966 3136 veniali:
992 3112 1047 3136 aut
1069 3111 1194 3136 tanturn
1217 3106 1257 3136 de
1274 3106 1388 3136 veniali

327 3160 363 3180 ex
386 3160 507 3189 genere.
533 3150 564 3181 Si
584 3150 775 3190 simpliciter,
800 3150 916 3181 falsum
935 3156 981 3181 est
996 3150 1086 3191 quod
1100 3150 1240 3181 defectus
1258 3150 1388 3181 rationis

327 3204 476 3224 excusans
500 3204 518 3224 a
541 3195 683 3231 mortali,
708 3201 834 3226 excuset
857 3205 874 3224 a
897 3194 1028 3230 veniali;
1053 3201 1088 3225 ut
1111 3201 1197 3235 patet
1223 3194 1256 3225 in
1279 3194 1389 3235 primis

328 3238 477 3274 motibus,
502 3248 583 3278 quos
607 3239 747 3270 defectus
763 3238 892 3270 rationis
908 3239 1106 3270 deliberantis
1130 3245 1256 3270 excusat
1271 3249 1288 3269 a
1305 3249 1389 3269 mor-

328 3282 391 3318 tali,
409 3288 439 3312 et
457 3292 523 3312 non
539 3292 556 3312 a
572 3283 697 3313 veniali.
714 3302 734 3307 -
751 3283 783 3314 Si
798 3284 837 3313 de
851 3283 966 3314 veniali
982 3293 1019 3314 ex
1035 3293 1147 3323 genere
1167 3289 1300 3320 tantum,
1323 3293 1389 3313 non

328 3325 421 3355 infert
444 3325 610 3362 intentum,
635 3328 724 3367 quod
748 3328 898 3367 originale
923 3338 996 3358 cum
1019 3328 1134 3358 veniali
1158 3328 1228 3358 solo
1252 3338 1318 3358 non
1341 3327 1389 3357 in-

329 3370 428 3400 veniri
452 3370 560 3409 possit.
585 3370 674 3401 Dicet
698 3372 782 3401 enim
805 3372 964 3412 quispiam
988 3373 1077 3412 quod
1100 3382 1180 3412 puer
1199 3372 1231 3403 in
1245 3371 1389 3413 originali

330 3414 472 3450 existens,
498 3421 568 3444 ante
592 3414 723 3453 plenum
743 3425 838 3446 usum
856 3416 944 3446 liberi
961 3416 1086 3453 arbitrii,
1103 3417 1255 3457 incipiens
1270 3417 1391 3458 aliqua-

329 3458 399 3489 liter
422 3458 563 3489 semi-uti
587 3458 685 3488 libero
709 3459 855 3495 arbitrio,
881 3467 916 3490 ut
939 3461 1093 3500 contingit
1115 3461 1147 3491 in
1171 3461 1389 3497 somnolentis,

1440 2983 1567 3014 peecare
1591 2981 1696 3014 potest
1714 2975 1893 3015 appetendo
1909 2974 2041 3015 aliquod
2055 2974 2236 3006 delectabile
2251 2975 2408 3015 illicitum,
2424 2982 2502 3016 puta

1442 3018 1644 3049 concubitum
1674 3019 1815 3059 puellae,
1839 3019 1929 3060 quod
1956 3025 2086 3059 propter
2113 3018 2387 3060 imperfectionem
2414 3027 2502 3059 actus

1441 3062 1635 3093 indeliberati
1660 3063 1716 3094 erit
1738 3063 1869 3095 veniale.

1497 3107 1535 3137 ΙΙ.
1560 3107 1743 3138 Secundum
1766 3107 1901 3138 dubium
1924 3113 1980 3145 est,
2007 3107 2090 3137 unde
2113 3107 2196 3138 valet
2214 3107 2247 3149 ly
2267 3108 2368 3139 multo
2385 3105 2506 3149 magis.

1441 3150 1574 3182 Videtur
1596 3151 1682 3182 enim
1704 3158 1759 3182 aut
1782 3152 1929 3193 aequale,
1954 3152 2145 3182 attendendo
2169 3152 2208 3182 ad
2235 3161 2333 3183 usum
2355 3151 2500 3183 rationis:

1441 3202 1496 3226 aut
1510 3195 1626 3232 minus,
1643 3196 1834 3227 attendendo
1853 3196 1943 3237 quod
1957 3195 2063 3226 minus
2082 3195 2251 3236 requiritur
2268 3196 2308 3227 ad
2322 3195 2502 3227 faciendum

1442 3239 1561 3280 aliquid
1580 3240 1801 3280 imperfectum
1817 3250 1916 3281 quam
1931 3240 2117 3281 perfectum.
2133 3240 2303 3272 Peccatum
2317 3239 2403 3271 enim
2417 3249 2502 3270 rnor-

1442 3284 1502 3314 tale
1519 3291 1640 3315 constat
1656 3294 1722 3315 esse
1738 3284 1923 3325 perfectum,
1940 3291 1971 3316 et
1986 3283 2105 3314 veniale
2121 3283 2354 3325 imperfectum:
2371 3291 2402 3316 et
2413 3284 2502 3324 quod

1442 3338 1508 3358 non
1532 3338 1628 3359 omne
1652 3339 1802 3360 excusans
1826 3339 1843 3359 a
1867 3329 1996 3366 maiore,
2021 3334 2147 3359 excusat
2169 3337 2187 3358 a
2209 3327 2342 3364 minore,
2362 3333 2399 3358 ut
2418 3334 2504 3368 patet

1443 3372 1476 3403 in
1493 3372 1681 3409 infidelibus,
1698 3373 1753 3414 qui
1769 3380 1957 3404 excusantur
1971 3373 2010 3403 ab
2025 3371 2215 3403 infidelitatis
2230 3377 2370 3412 peccato,
2387 3370 2413 3401 si
2425 3371 2503 3402 nihil

1444 3417 1621 3454 audierunt,
1639 3425 1668 3448 et
1682 3428 1748 3448 non
1767 3418 1806 3448 ab
1822 3417 1900 3454 aliis,
1917 3428 1935 3448 a
1951 3417 2067 3458 quibus
2083 3422 2235 3452 caverent,
2252 3415 2278 3446 si
2294 3422 2396 3446 essent
2411 3415 2502 3447 Chri-

1444 3461 1544 3493 stiani.

2516 476 2622 499 “Cf-11⁸·
2630 477 2681 504 11··,
2689 483 2728 505 qu.

2516 522 2544 544 x,
2559 520 2600 539 art.
2615 523 2640 543 4,
2657 516 2729 538 Com-

2517 555 2588 573 ment.

2498 2154 2501 2155 .
2525 2134 2536 2146 ⁸
2550 2134 2576 2156 In
2591 2139 2697 2163 corpore.
2825 2114 2840 2331 *

2528 2719 2536 2729 ¹
2551 2717 2618 2740 Ven-
2632 2724 2653 2747 3.
