2840 4010
69 1178 80 1189 ³
96 1177 161 1199 Vers.
178 1183 206 1198 12.

69 2184 79 2195 ⁸
95 2184 161 2206 Vers-
176 2190 195 2206 2.

67 2553 78 2564 ⁴*
95 2552 159 2575 Vers.
176 2559 199 2581 19
214 2560 249 2582 sq.

314 135 389 169 204

312 203 423 243 quinti,
441 203 616 232 doctrinam
642 202 847 232 universalem
873 201 959 240 quod
984 199 1114 228 moralia
1138 197 1246 227 omnia
1271 198 1368 227 deter-

977 120 1242 168 QUAESTIO
1273 119 1412 166 XCIX,
1442 119 1738 156 ARTICULUS
1766 121 1816 157 VI

1424 197 1534 227 debitis
1559 197 1739 227 exhibendis
1764 198 1842 234 aliis,
1861 205 1895 229 ut
1919 209 2089 230 commune
2113 201 2235 231 bonum
2259 200 2484 241 perfectionem

312 247 471 276 minantur
495 247 562 286 lege
586 245 774 286 inquantum
798 245 913 274 habent
937 243 1091 272 rationem
1115 241 1220 271 debiti.
1243 243 1289 271 Ac
1313 251 1369 280 per
1423 240 1578 280 integram
1601 240 1721 272 habeat.
1741 241 1780 271 Et
1804 241 1847 272 sie
1872 242 1951 272 clare
1974 242 2061 273 vides
2090 245 2178 284 quod
2202 251 2272 275 ante
2295 244 2313 262 ⁴¹*
2338 244 2482 280 diximus,

312 290 372 320 hoc
395 291 444 320 lex
468 291 615 325 humana,
634 296 668 319 ut
691 288 824 328 perfecte
840 293 1050 326 consequatur
1069 285 1166 315 finem
1190 295 1295 320 suum,
1313 284 1369 315 sci-

1423 285 1511 326 quod
1535 285 1749 315 universaliter
1765 285 1889 316 divinus
1905 285 2007 316 cultus
2032 286 2195 318 ordinatur
2210 288 2242 318 in
2257 289 2380 319 bonum
2397 297 2482 318 com-

311 334 382 365 licet
399 343 569 364 commune
585 334 705 363 bonum
729 332 895 370 integrum,
917 330 1082 369 disponere
1099 329 1191 359 debet
1207 329 1246 358 de
1262 328 1369 358 divino
1423 336 1572 372 mune-ut
1596 339 1666 369 pars
1690 329 1721 359 in
1746 336 1860 360 totum.

312 378 398 408 cultu
415 385 449 408 ut
473 378 578 407 debito
594 377 663 406 Deo
688 386 705 405 a
730 375 850 405 civitate
870 380 900 404 et
924 373 1053 408 civibus,
1071 372 1152 403 sicut
1170 372 1311 413 disponit
1330 373 1368 403 de

1123 518 1438 572 ARTICULUS
1469 518 1676 581 SEXTUS

531 611 683 642 UTRUM
708 610 791 640 LEX
815 609 955 640 VETUS
979 609 1197 640 DEBUERIT
1220 609 1438 640 INDUCERE
1462 610 1520 640 AD
1545 609 1881 640 OBSERVANTIAM
1904 595 2256 641 PRAECEPTORUM

795 653 876 684 PER
899 652 1187 684 TEMPORALES
1211 653 1518 684 PROMISSIONES
1542 653 1599 683 ET
1624 652 1986 685 COMMINATIONES

687 723 775 754 Supra.
796 730 839 755 qu.
858 730 908 751 xci,
928 727 973 746 art.
996 721 1022 753 5;
1042 722 1115 752 infra,
1136 730 1179 754 qu.
1199 730 1258 750 (Νη,
1279 727 1326 747 art.
1349 730 1370 753 1,
1390 723 1421 746 ad
1443 730 1471 753 2;
1492 722 1523 746 111
1544 722 1625 749 sent„
1647 721 1704 746 dist.
1724 729 1763 752 xi„
1783 727 1829 747 art.
1851 729 1878 753 2;
1899 728 1945 747 art.
1964 731 1989 755 4,
2011 729 2061 756 qun
2085 730 2109 752 1;

1059 757 1102 782 Aa
1119 757 1206 785 Rom„
1227 765 1282 789 cap.
1300 764 1353 787 vni,
1373 758 1430 782 lect.
1449 764 1490 787 1¹¹3
1511 765 1567 789 cap.
1586 765 1609 786 x,
1629 757 1686 781 lect.
1712 765 1732 781 1.
1975 763 1977 765 ·

521 859 543 884 n
571 858 712 883 εΕΧτυΜ
740 857 794 882 Sic
822 857 1060 883 PRocamrua.
1077 845 1236 882 Videtur
1264 845 1368 894 quod

434 893 499 963 (350
520 901 578 936 lex
598 907 708 936 vetus
727 911 805 935 non
835 898 1006 935 debuerit
1025 898 1203 935 inducere
1232 899 1281 935 ad
1301 899 1369 935 ob-

328 986 350 1004 „
372 970 442 1000 fin·
462 944 749 992 *servantiam
770 960 1062 1000 praeceptorum
1092 963 1160 1000 per
1179 958 1368 1000 tempora-

365 984 427 1036 ζ’-
479 999 575 1044 &les
594 1005 868 1054 promissiones
898 1012 934 1041 et
960 1004 1287 1041 comminationes.
1310 1006 1368 1041 In-

308 1060 424 1097 tentio
460 1059 562 1095 enim
599 1058 690 1105 legis
718 1057 869 1094 divinae
908 1065 962 1094 est
996 1065 1038 1094 ut
1073 1057 1248 1094 homines
1282 1058 1367 1094 Deo

308 1113 444 1150 subdat
481 1123 548 1159 per
589 1111 765 1147 timorem
801 1118 836 1146 et
870 1121 1064 1146 amorem:
1099 1110 1201 1147 unde
1236 1110 1369 1146 dicitur

307 1167 417 1202 Deut.
443 1177 465 1200 x
483 1163 523 1200 *ι
552 1165 602 1200 Et
629 1175 739 1208 nunc,
765 1162 904 1208 Israel,
935 1163 1026 1210 quid
1051 1163 1238 1199 Dominus
1265 1164 1368 1199 Deus

307 1225 390 1255 tuus
413 1217 505 1265 petit
531 1228 554 1252 a
583 1222 631 1261 te,
658 1216 731 1252 nisi
764 1221 804 1252 ut
837 1216 968 1260 timeas
1001 1216 1209 1252 Dominum
1243 1216 1367 1252 Deum

307 1277 424 1316 tuum,
444 1275 479 1306 et
496 1269 664 1306 ambules
683 1268 720 1305 in
739 1268 809 1305 viis
829 1269 919 1314 eius,
940 1274 975 1305 et
993 1268 1130 1318 diligas
1154 1268 1271 1305 eum?
1291 1269 1367 1306 Sed

308 1323 492 1372 cupiditas
521 1334 648 1358 rerum
678 1321 944 1370 temporalium
967 1321 1121 1358 abducit
1139 1333 1161 1358 a
1181 1322 1287 1358 Deo:
1314 1321 1367 1358 di-

308 1378 357 1414 cit
399 1376 500 1413 enim
542 1375 793 1422 Augustinus,
821 1374 860 1410 in
893 1374 987 1417 libro
1021 1374 1218 1424 Octoginta
1253 1375 1366 1411 trium

312 1431 458 1473 Quaest.
488 1428 519 1475 ²³,
550 1428 654 1477 quod
682 1439 867 1464 venenum
901 1427 1066 1464 caritatis
1093 1433 1147 1464 est
1173 1428 1365 1475 cupiditas.

307 1485 408 1531 Ergo
436 1481 712 1530 promissiones
742 1489 777 1518 et
797 1479 1112 1517 comminationes
1137 1481 1367 1529 temporales

306 1536 483 1573 videntur
512 1533 731 1571 contrariari
765 1533 961 1570 intentioni
992 1532 1232 1580 legislatoris:
1262 1533 1367 1582 quod

306 1589 392 1626 facit
420 1589 542 1635 legem
575 1587 854 1636 reprobabilem
884 1592 917 1633 ⁴²,
947 1594 988 1622 ut
1015 1594 1119 1634 patet
1145 1598 1215 1634 per
1242 1586 1367 1624 Philo-

305 1643 483 1690 sophum,
508 1641 546 1677 in
575 1642 607 1676 II
635 1639 742 1676 Polit.
762 1639 782 1660 '¹‘

360 1707 394 1732 2.
415 1695 648 1739 Pium-anari,
669 1694 729 1729 lex
757 1692 886 1730 divina
906 1700 961 1728 est
989 1692 1230 1729 excellentior
1250 1704 1366 1739 quam

304 1750 363 1785 lex
400 1749 580 1784 humana.
610 1745 796 1783 Videmus
830 1753 957 1782 autern
990 1745 1028 1783 in
1062 1745 1224 1782 scientiis
1261 1745 1367 1793 quod

305 1808 447 1850 quanto
476 1800 600 1848 aliqua
629 1806 685 1836 est
712 1799 832 1845 altior,
852 1806 956 1835 tanto
985 1810 1054 1846 per
1082 1798 1211 1835 altiora
1240 1798 1366 1835 media

304 1853 488 1903 procedit.
510 1853 610 1900 Ergo
639 1864 726 1888 cum
755 1852 813 1888 lex
836 1852 1006 1888 humana
1029 1851 1213 1899 procedat
1236 1851 1286 1888 ad
1311 1851 1366 1888 in-

306 1906 524 1944 ducendum
553 1905 729 1942 homines
756 1917 825 1953 per
848 1905 1076 1952 temporales
1105 1904 1366 1942 comminatio-

306 1973 374 1998 nes
404 1967 439 1996 et
457 1958 744 2008 promissiones,
766 1958 824 1994 lex
850 1957 978 1994 divina
997 1970 1075 1995 non
1095 1957 1225 1995 debuit
1244 1969 1289 1995 ex
1307 1957 1366 1994 his

305 2012 525 2062 procedere,
546 2011 615 2048 sed
643 2023 711 2059 per
739 2010 864 2059 aliqua
892 2010 1049 2048 maiora.

362 2067 395 2103 3.
417 2067 651 2111 PRAETEREA,
672 2064 763 2101 illud
791 2076 869 2101 non
888 2071 1013 2112 potest
1041 2076 1122 2101 esse
1150 2063 1365 2113 praemium

306 2119 464 2156 iustitiae
485 2119 547 2156 vel
565 2130 691 2167 poena
721 2117 866 2166 culpae,
887 2117 992 2164 quod
1017 2117 1223 2166 aequaliter
1243 2117 1367 2154 evenit

308 2180 343 2209 et
371 2172 481 2209 bonis
510 2178 546 2207 et
573 2170 691 2207 malis.
723 2171 799 2207 Sed
828 2170 923 2207 sicut
955 2170 1090 2208 dicitur
1116 2170 1239 2207 Eccle.
1265 2182 1301 2207 ix
1327 2169 1366 2217 *,

308 2226 503 2270 universa,
540 2223 764 2272 temporalia
787 2221 822 2269 β,
857 2235 976 2271 aeque
1010 2223 1186 2260 eveniunt
1211 2223 1306 2260 iusto
1333 2229 1369 2260 et

307 2279 432 2327 impio,
453 2279 550 2314 bono
579 2283 614 2313 et
641 2277 754 2322 malo,
774 2277 914 2313 mundo
943 2282 980 2313 et
1005 2276 1211 2323 immundo,
1235 2276 1367 2314 immo-

307 2331 399 2369 lanti
416 2331 585 2367 victimas
612 2336 648 2366 et
668 2330 856 2377 sacrificia
875 2330 1134 2367 contemnenti.
1151 2330 1253 2378 Ergo
1273 2337 1367 2367 tem-

305 2384 451 2434 poralia
478 2384 581 2420 bona
604 2384 665 2420 vel
694 2384 794 2419 mala
821 2395 898 2419 non
919 2383 1191 2420 convenienter
1217 2395 1366 2432 ponun-

305 2446 366 2475 tur
392 2445 433 2474 ut
461 2448 609 2485 poenae
638 2441 653 2463 Υ
685 2437 747 2473 vel
779 2436 949 2484 praemia
978 2436 1249 2473 mandatorum
1275 2435 1367 2484 legis

306 2490 471 2528 divinae.

360 2544 434 2581 SED
463 2554 608 2580 CONTRA
628 2553 694 2578 EST
722 2540 826 2590 quod
856 2541 989 2578 dicitur
1009 2541 1126 2579 Isaiae
1147 2554 1157 2578 1
1176 2541 1213 2579 *ε
1228 2539 1285 2578 'Si
1301 2553 1366 2579 vo-

307 2597 468 2643 lueritis,
495 2602 532 2632 et
557 2595 748 2632 audieritis
776 2607 847 2640 me,
876 2596 975 2632 bona
1008 2600 1132 2632 terrae
1159 2595 1367 2633 comedetis.

311 2651 421 2693 Quod
445 2650 479 2686 si
497 2648 699 2694 nolueritis,
720 2653 756 2684 et
778 2660 837 2685 me
855 2648 907 2684 ad
928 2648 1164 2685 iracundiam
1179 2659 1367 2696 provoca-

306 2703 442 2748 veritis,
462 2702 612 2752 gladius
639 2701 835 2738 devorabit
860 2712 937 2738 vos.

360 2757 585 2792 RESPONDEO
605 2766 790 2791 mCENDuM
809 2754 926 2801 quod,
942 2754 1038 2791 sicut
1051 2754 1089 2790 in
1109 2754 1272 2791 scientiis
1287 2765 1369 2802 spe-

308 2809 477 2846 culativis
515 2808 745 2846 inducuntur
783 2807 960 2844 homines
996 2807 1045 2844 ad
1082 2807 1366 2844 assentiendum

309 2861 615 2898 conclusionibus
643 2873 711 2909 per
739 2860 866 2897 media
894 2860 1141 2908 syllogistica,
1171 2860 1221 2898 ita
1254 2859 1368 2898 etiam

308 2915 345 2952 in
364 2915 593 2963 quibuslibet
611 2913 756 2962 legibus
785 2913 961 2951 homines
981 2913 1210 2951 inducuntur
1233 2912 1367 2951 adub4

309 2968 514 3005 servantias
539 2974 832 3015 praeceptorum
861 2979 930 3015 per
948 2978 1093 3015 poenas
1122 2974 1158 3003 et
1184 2965 1366 3015 praemia.

307 3020 491 3058 Videmus
510 3029 637 3058 autem
657 3020 696 3056 in
716 3019 879 3056 scientiis
903 3019 1145 3068 speculativis
1163 3020 1270 3068 quod
1288 3030 1368 3057 me-

310 3073 370 3109 dia
397 3081 661 3122 proponuntur
692 3072 855 3110 auditori
884 3072 1096 3110 secundum
1131 3072 1212 3110 eius
1240 3071 1370 3110 condi-

310 3126 468 3163 tionem:
494 3127 596 3163 unde
626 3133 776 3174 oportet
794 3123 807 3148 δ
836 3125 1009 3163 ordinate
1028 3125 1068 3163 in
1095 3125 1260 3164 scientiis
1282 3136 1369 3174 pro-

358 951 370 969 i«

362 3238 389 3271 α)
402 3238 474 3272 facit
491 3239 573 3271 legem
593 3239 792 3271 reprobabilem.
806 3254 823 3258 —
836 3240 926 3273 faciat
944 3240 1027 3273 Iegem
1048 3239 1238 3272 reprobabilem
1258 3239 1369 3264 ABCDF

309 3273 399 3304 GHIL,
414 3273 496 3304 facile
515 3274 598 3306 legem
618 3275 807 3306 reprobabilem
819 3275 892 3308 facit
910 3275 938 3299 Ρ.

362 3307 387 3340 β)
407 3309 573 3339 temporalia.
590 3323 609 3327 -
627 3309 688 3334 Om.
707 3310 735 3334 P.

361 3343 388 3376 γ)
403 3349 514 3375 poenae.
532 3356 551 3363 -
564 3351 652 3375 poena
671 3345 699 3369 P.

361 3377 386 3410 ὃ)
405 3381 518 3410 oportet.
537 3392 555 3397 -
572 3379 641 3404 sicut
659 3382 762 3411 oportet
782 3380 827 3404 Pa.

361 3414 383 3446 ε)
404 3413 630 3447 Imperfectorum.
649 3428 668 3433 -
688 3415 868 3448 perfectorum
888 3415 944 3440 le.

1425 846 1580 892 cedere,
1610 853 1650 881 ut
1687 857 1731 881 ex
1767 844 1976 882 notioribus
2009 846 2204 895 disciplina
2236 846 2400 895 incipiat.
2431 847 2484 883 Ita

1424 898 1538 935 etiam
1567 906 1715 946 oportet
1745 909 1834 933 eum
1870 898 1934 946 qui
1961 900 2043 935 vult
2070 899 2249 937 inducere
2284 899 2484 936 hominem

1424 952 1473 988 ad
1502 950 1782 988 observantiam
1816 959 2127 999 praeceptorum,
2155 960 2196 989 ut
2223 964 2268 989 ex
2296 952 2366 989 illis
2395 964 2484 989 eum

1423 1016 1581 1041 movere
1610 1003 1762 1052 incipiat
1787 1015 1884 1051 quae
1913 1011 1999 1040 sunt
2027 1004 2065 1041 in
2093 1005 2173 1042 eius
2202 1005 2360 1042 affectu:
2390 1005 2485 1042 sicut

1423 1057 1531 1105 pueri
1558 1063 1817 1106 provocantur
1853 1055 1902 1092 ad
1931 1055 2071 1104 aliquid
2109 1057 2326 1095 faciendum
2355 1058 2483 1107 aliqui-

1424 1111 1495 1147 bus
1514 1110 1726 1158 puerilibus.
1750 1108 1992 1151 munusculis.
2014 1109 2168 1146 Dictum
2190 1118 2247 1147 est
2273 1119 2402 1148 autem
2422 1124 2483 1148 su-

1423 1175 1491 1211 pra
1518 1162 1539 1184 *
1566 1163 1670 1211 quod
1704 1163 1762 1198 lex
1795 1169 1905 1198 vetus
1943 1161 2169 1210 disponebat
2205 1164 2254 1200 ad
2290 1164 2484 1200 Christum

1424 1215 1519 1252 sicut
1555 1215 1819 1264 imperfectum
1848 1215 1897 1251 ad
1924 1215 2154 1263 perfectum:
2185 1216 2286 1253 unde
2325 1216 2485 1253 dabatur

1423 1270 1567 1317 populo
1588 1269 1711 1305 adhuc
1732 1268 1954 1316 imperfecto
1974 1267 2013 1304 in
2033 1268 2316 1316 comparatione
2332 1269 2381 1306 ad
2398 1280 2484 1317 per-

1423 1322 1625 1359 fectionem
1645 1333 1742 1369 quae
1767 1328 1847 1357 erat
1876 1321 2000 1358 futura
2018 1333 2086 1369 per
2107 1321 2318 1358 Christum:
2342 1328 2378 1358 et
2396 1321 2484 1359 ideo

1422 1375 1588 1423 populus
1625 1375 1685 1410 ille
1719 1381 1961 1422 comparatur
1993 1386 2115 1422 puero
2150 1375 2221 1411 sub
2258 1374 2483 1423 paedagogo

1423 1427 1604 1474 existenti,
1625 1435 1666 1464 ut
1685 1434 1787 1475 patet
1809 1427 1931 1463 Galat.
1953 1439 1989 1463 111
2008 1427 2039 1463 ²¹⁶.
2061 1427 2246 1464 Perfectio
2267 1435 2395 1464 autem
2415 1428 2484 1464 ho·
2511 1440 2522 1450 ⁸

1423 1481 1536 1518 minis
1565 1490 1619 1517 est
1647 1488 1699 1526 ut,
1721 1479 1950 1528 contemptis
1976 1480 2260 1528 temporalibus,
2287 1480 2484 1529 spirituali-

1423 1534 1495 1570 bus
1519 1534 1729 1570 inhaereat:
1758 1541 1798 1569 ut
1816 1540 1919 1581 patet
1946 1545 2014 1582 per
2032 1533 2124 1571 illud
2143 1534 2247 1582 quod
2274 1535 2483 1582 Apostolus

1422 1587 1521 1633 dicit,
1541 1587 1672 1634 Philip.
1694 1598 1729 1623 ιιι
1757 1585 1796 1622 *ε
1830 1586 1937 1627 Quae
1954 1586 2102 1634 quidem
2122 1591 2223 1623 retro
2244 1592 2332 1623 sunt
2353 1587 2483 1624 oblivi-

1420 1652 1537 1685 scens,
1561 1640 1612 1676 ad
1638 1651 1682 1676 ea
1710 1651 1807 1687 quae
1829 1639 1964 1688 priora
1990 1645 2078 1675 sunt
2103 1651 2164 1676 me
2190 1640 2360 1676 extendo.
2394 1639 2483 1682 Qui-

1422 1705 1581 1741 cumque
1608 1704 1701 1741 ergo
1724 1693 1885 1740 perfecti
1909 1703 2050 1739 sumus,
2074 1693 2146 1729 hoc
2172 1692 2387 1729 sentiamus.
2409 1693 2483 1729 Im-

1422 1747 1678 1794 perfectorum
1706 1750 1718 1766 Ε
1747 1752 1875 1782 autem
1904 1753 1960 1782 est
1990 1746 2095 1794 quod
2127 1744 2352 1793 temporalia
2380 1746 2483 1782 bona

1422 1799 1646 1839 desiderent,
1666 1799 1704 1835 in
1733 1798 1866 1835 ordine
1893 1806 2023 1835 tamen
2041 1798 2090 1835 ad
2118 1799 2258 1835 Deum.
2279 1799 2485 1836 Per-verso-

1422 1864 1506 1888 rum
1537 1851 1547 1876 <
1576 1859 1703 1888 autem
1733 1859 1788 1887 est
1821 1851 1924 1899 quod
1944 1851 1982 1887 in
2009 1851 2281 1899 temporalibus
2309 1850 2420 1890 bonis
2438 1851 2484 1888 fia

1422 1917 1511 1942 nem
1541 1904 1778 1941 constituant.
1800 1904 1911 1941 Unde
1934 1903 2006 1951 legi
2023 1904 2143 1941 veteri
2172 1903 2426 1942 conveniebat
2442 1911 2484 1942 ut

1420 1970 1489 2007 per
1513 1957 1757 2006 temporalia,
1787 1969 1885 2006 quae
1915 1964 2020 1994 erant
2047 1957 2085 1994 in
2113 1957 2253 1995 affectu
2279 1956 2484 1996 hominum

1420 2011 1741 2059 imperfectorum,
1768 2011 2042 2047 manuduceret
2060 2010 2236 2047 homines
2263 2009 2313 2047 ad
2340 2011 2483 2047 Deum.

1473 2066 1532 2101 An
1553 2075 1688 2100 Palmum
1708 2069 1727 2091 η
1746 2074 1844 2100 ERGO
1864 2074 2047 2100 monimum
2067 2065 2171 2112 quod
2192 2063 2386 2112 cupiditas,
2407 2074 2484 2112 qua

1421 2118 1540 2154 homo
1571 2116 1759 2153 constituit
1777 2117 1896 2153 finem
1924 2116 1963 2153 in
1982 2116 2256 2165 temporalibus
2285 2116 2408 2163 bonis,
2429 2123 2485 2154 est

1422 2169 1581 2207 caritatis
1617 2181 1823 2207 venenum.
1854 2169 1932 2206 Sed
1961 2169 2179 2207 consecutio
2210 2169 2483 2219 temporalium

1422 2224 1613 2260 bonomm
1630 2235 1729 2270 quae
1745 2223 1865 2259 homo
1881 2222 2070 2259 desiderat
2079 2222 2119 2260 in
2134 2222 2268 2260 ordine
2282 2222 2332 2260 ad
2341 2223 2485 2270 Deum,-

1422 2284 1479 2313 est
1515 2276 1704 2324 quaedam
1733 2275 1796 2312 via
1827 2276 2012 2313 inducens
2048 2276 2292 2324 imperfectos
2326 2275 2375 2313 ad
2402 2275 2484 2317 ,Dei

1423 2341 1616 2374 amorem;
1644 2329 1854 2366 secundum
1882 2328 1972 2366 illud
1991 2329 2135 2366 Psalmi
2155 2340 2264 2366 xcviii
2283 2328 2324 2365 *z
2359 2329 2484 2376 601ςρ

1422 2383 1557 2419 tebitur
1582 2382 1648 2418 tibi
1673 2394 1758 2418 cum
1787 2382 2014 2429 benefeceris
2041 2381 2106 2419 illi.
2451 2392 2468 2410 -2

1474 2438 1534 2472 An
1562 2447 1751 2472 SECUNDUM
1771 2446 1956 2472 montinum
1974 2435 2080 2482 quod
2107 2435 2166 2471 lex
2185 2435 2354 2471 humana
2373 2433 2467 2471 indu

1423 2488 1472 2526 cit
1488 2488 1666 2525 homines
1695 2500 1740 2524 ex
1759 2487 2035 2537 temporalibus
2054 2487 2233 2536 praemiis
2259 2487 2322 2524 vel
2348 2487 2484 2536 poenis

1422 2553 1490 2590 per
1507 2541 1682 2578 homines
1702 2540 1946 2578 inducendis:
1967 2541 2027 2578 lex
2038 2552 2142 2578 vero
2162 2540 2295 2578 divina
2311 2551 2358 2576 ex
2375 2551 2485 2589 prae-

1422 2594 1507 2632 miis
1535 2595 1596 2631 vel
1615 2594 1750 2642 poenis
1774 2593 2003 2639 exhibendis,
2022 2605 2091 2642 per
2113 2594 2254 2630 Dm.
2275 2593 2326 2630 Et
2351 2593 2391 2630 in
2409 2593 2484 2630 hoc

1422 2647 1595 2696 procedit
1622 2659 1691 2695 per
1718 2646 1847 2684 media
1872 2646 2020 2684 altiora.
2480 2675 2482 2679 ,

1476 2702 1535 2737 An
1554 2712 1713 2737 TERTmM
1737 2711 1925 2737 DlCENDUM
1941 2699 2059 2747 quod,
2076 2699 2171 2736 sieut
2189 2706 2294 2748 patet
2310 2698 2485 2741 historias

1422 2753 1569 2790 Veteris
1593 2753 1829 2790 Testamenti
1858 2752 2091 2799 revolventi,
2122 2751 2339 2789 cummunis
2367 2750 2486 2788 stams

1422 2806 1556 2855 populi
1575 2818 1727 2854 semper
1746 2807 1817 2843 sub
1837 2806 1919 2854 lege
1939 2805 2245 2854 in'prosperieate
2264 2804 2343 2852 fuit,
2365 2814 2485 2852 qum-

1424 2859 1488 2896 diu
1523 2860 1646 2906 legem
1679 2859 1955 2905 observabant3
1982 2865 2018 2895 et
2046 2858 2173 2895 statim
2202 2857 2487 2895 declinantes:

1422 2911 1634 2961 praeceptis
1663 2912 1752 2960 legis
1781 2910 1810 2958 ⁰,
1834 2912 1872 2948 in
1901 2912 2039 2948 multas
2073 2911 2318 2948 adversitates
2346 2909 2484 2948 incidea

1423 2966 1525 3003 bant.
1548 2965 1624 3002 Sed
1644 2965 1792 3013 aliquae
1820 2976 2008 3013 personae
2027 2964 2271 3014 particulares
2298 2963 2486 3007 etiamwiuff

1423 3018 1561 3056 stitiam
1589 3018 1680 3066 legis
1700 3018 1970 3064 observantes,
1999 3017 2038 3054 in
2066 3017 2210 3067 aliquas
2237 3016 2486 3055 adversium

1425 3071 1652 3118 incidebant,
1672 3071 1735 3108 vel
1763 3070 1852 3118 quia
1881 3070 1958 3108 iam
1977 3078 2082 3108 erant
2109 3070 2325 3119 spirituales
2348 3069 2486 3117 effctui,

1424 3133 1464 3162 ut
1490 3137 1561 3173 per
1586 3125 1661 3162 hoc
1689 3123 1811 3171 magis
1837 3124 1885 3161 ab
1914 3123 2080 3160 affectu·
2108 3122 2486 3172 temporalinmabe-

1475 3238 1500 3271 ζ)
1520 3239 1718 3264 Perversorum.
1731 3252 1748 3257 —
1763 3239 1944 3271 Persectorum
1957 3236 2187 3270 ABCDEFGKpH
2202 3237 2420 3271 Itnpersectonm
2438 3235 2468 3260 IL
2476 3241 2484 3265 ς

1423 3282 1470 3307 pro
1489 3274 1661 3303 constituant,
1682 3281 1733 3298 non
1753 3273 1917 3299 constituant
1936 3273 2048 3298 EFKsn.

1476 3309 1503 3341 η)
1522 3309 1566 3334 Ad
1579 3309 1707 3341 primum.
1726 3322 1745 3327 -
1764 3308 1873 3333 Codices
1889 3314 1914 3333 er
1931 3315 1949 3333 a
1964 3309 2080 3333 ordinem
2099 3306 2301 3340 responsionum
2319 3306 2351 3330 ad
2371 3305 2483 3339 primum

1423 3350 1448 3370 et
1467 3345 1611 3370 secundum
1630 3349 1809 3378 argumentum
1829 3344 1966 3369 invertunt.
2160 3374 2161 3378 Ἰ

1476 3378 1501 3413 θ)
1521 3380 1594 3413 legis.
1612 3394 1631 3399 -
1650 3379 1757 3405 divinae
1776 3379 1872 3405 addunt
1891 3378 1938 3404 Pa.
2190 3378 2196 3382 “

1477 3416 1496 3448 ι)
1515 3415 1620 3449 affectu.
1637 3428 1657 3434 -
1675 3417 1782 3447 aspectu
1795 3413 2041 3447 ACDEFGfflLpn.
2054 3425 2073 3433 -
2084 3413 2136 3438 Pro
2149 3411 2376 3441 abstraherentur,
2397 3413 2483 3435 attra-

1425 3451 1552 3477 her-entur
1571 3451 1681 3482 codices,
1700 3450 1747 3475 sed
1766 3450 1789 3474 Η
1809 3457 1838 3474 se
1856 3449 1966 3481 corrigit.

2511 247 2519 256 ·
2536 247 2586 268 Art.
2605 247 2722 274 praeced„

2511 272 2643 295 Comment.
2655 279 2678 295 n.
2689 279 2721 295 in.

2511 1229 2553 1248 art.
2570 1233 2586 1254 1,
2603 1231 2624 1254 2.
2638 1232 2658 1255 3.

2512 1174 2520 1183 ·
2542 1173 2590 1221 ἦα.
2609 1178 2662 1199 xci,
2681 1177 2724 1196 ιη.
2820 897 2840 1217 ⁶!

2511 1205 2551 1227 5.a
2572 1205 2723 1228 23qu.xcvm‚
2835 1220 2840 1261 Ι,

2837 1277 2840 1294 l

2838 1306 2840 1326 Ι

2535 1436 2673 1468 venius

2508 1600 2519 1610 ⁸
2533 1599 2600 1622 Vera.
2615 1584 2645 1628 ij,
2659 1605 2686 1628 ¹5.

2509 2339 2520 2350 ⁸
2535 2338 2604 2361 Vers.
2619 2345 2652 2367 ¹9·
