2840 4010
81 368 91 380 ¹⁸
106 367 162 396 cap.
178 373 213 388 nt.

82 630 93 642 ⁸
107 628 173 651 Vere.
188 634 208 657 ¹3
222 634 258 656 sq.

179 670 196 695 Υ

83 998 93 1009 ·
106 998 158 1020 Art.
173 997 279 1026 praeced.

82 1105 92 1116 ³
107 1105 135 1128 D.
149 1106 186 1128 81²
200 1111 224 1128 a.

984 170 1249 217 QUAESTIO
1277 169 1418 218 XCIX,
1447 170 1743 208 ARTICULUS
1772 171 1822 207 111

373 252 409 288 3.
429 251 662 296 ΡΒΑΕΤΕΒΕΑ,
683 257 885 298 praecepta
906 249 1195 286 caeremonialia
1221 260 1302 284 esse
1321 248 1375 284 vi-

320 304 456 346 dentur
484 314 582 349 quae
611 302 808 350 figurative
828 302 967 350 aliquid
987 301 1207 350 significant.
1230 300 1307 336 Sed
1332 300 1377 336 si-

321 362 383 392 cut
408 354 641 403 Augustinus
675 354 779 402 dicit,
814 355 853 392 in
882 356 913 391 11
942 355 987 391 de
1014 355 1142 391 Doctr.
1173 352 1306 389 Christ.
1335 351 1376 398 ²⁸,

319 408 434 449 verba
463 409 559 444 inter
594 408 762 445 homines
790 408 1029 445 obtinuerunt
1047 405 1301 454 principatum
1329 405 1376 440 si-

319 461 536 511 gmficandi.
565 462 666 508 Ergo
695 461 798 498 nulla
831 459 1034 496 necessitas
1062 457 1128 494 fuit
1164 464 1204 493 ut
1231 457 1274 493 in.
1297 457 1378 503 lege

321 514 602 550 continerentur
628 520 831 562 praecepta
858 510 1149 548 caeremonialia
1173 509 1220 546 de
1249 508 1378 555 aliqui-

321 566 393 603 bus
420 566 566 603 actibus
593 565 811 614 figurativis.

375 619 450 656 San
478 629 624 656 CONTRA
650 628 717 654 Es'r
742 615 848 666 quod
875 614 1009 652 dicitur
1035 615 1145 651 Deut.
1176 625 1211 650 ιν
1238 613 1276 650 ⁸¹⁸:
1304 613 1379 650 De-

321 683 401 709 cem
434 671 550 709 verba
577 675 593 698 ‘f
621 669 765 718 scripsit
797 669 834 705 in
867 668 1012 705 duabus
1043 666 1176 704 tabulis
1205 665 1378 717 lapideis.-

321 725 484 772 mn'hique
510 723 704 760 mandavit
725 722 763 759 in
791 721 854 758 illo
874 727 1039 768 tempore
1061 726 1103 757 ut
1123 720 1295 757 docerem
1313 729 1380 755 vos

322 777 578 814 caeremonias
595 781 632 812 et
657 774 792 811 iudicia
821 785 917 822 quae
933 775 1071 822 facere
1089 772 1278 809 deberetis.
1300 770 1378 807 Sed

322 829 456 867 decern
483 834 685 877 praecepta
717 827 807 875 legis
835 834 921 863 sunt
949 825 1117 862 moralia.
1143 826 1244 872 Ergo
1273 835 1379 872 prae-

321 890 377 919 ter
403 888 605 931 praecepta
634 880 791 916 moralia
820 887 905 916 sunt
939 879 1050 915 etiam
1080 878 1151 915 alia
1177 883 1379 926 praecepta

322 933 623 972 caeremonialia.

374 987 598 1023 Respounao
627 997 809 1022 DICENDUM
838 985 956 1033 quod,
977 984 1071 1020 sicut
1099 983 1240 1020 dictum
1269 989 1325 1018 est
1347 981 1377 1029 ²¹⁸,

320 1039 385 1080 lex,
399 1038 526 1076 divina
553 1038 807 1087 principaliter
825 1037 1026 1075 instituitur
1053 1036 1102 1073 ad
1122 1035 1378 1072 ordinandum

321 1091 496 1128 homines
525 1091 573 1128 ad
601 1092 728 1127 Deum
748 1090 785 1136 *3
814 1091 872 1127 lex
901 1089 1219 1129 autemsshumana
1246 1087 1377 1136 princi-

321 1143 452 1193 paliter
479 1145 526 1180 ad
561 1143 814 1180 ordinandum
844 1143 1020 1180 homines
1051 1142 1100 1178 ad
1128 1140 1303 1178 invicem.
1331 1140 1380 1176 Et

320 1197 408 1234 ideo
437 1197 536 1244 leges
570 1197 762 1233 humanae
790 1208 868 1233 non
903 1201 1131 1240 curaverunt
1157 1193 1296 1241 aliquid
1325 1192 1379 1229 in-

294 1290 299 1291 ?
321 1250 478 1286 stimere
489 1250 540 1286 de
561 1250 662 1286 cultu
687 1249 815 1286 divino
844 1249 912 1285 nisi
931 1244 969 1285 in
998 1247 1130 1284 ordine
1157 1247 1205 1283 ab
1230 1247 1377 1283 bonum

322 1314 530 1340 commune
548 1302 772 1340 hominum:
797 1309 834 1338 et
856 1308 1011 1350 propter
1028 1301 1103 1338 hoc
1129 1299 1243 1340 etiam
1262 1299 1379 1335 multa

323 1355 587 1394 confinxerunt
605 1353 618 1376 ⁶
647 1355 744 1391 circa
772 1366 831 1391 res
860 1354 1017 1401 divinas,
1036 1353 1246 1390 secundum
1273 1351 1379 1400 quod

321 1408 523 1446 videbatur
558 1408 611 1444 eis
639 1407 843 1455 expediens
875 1408 923 1444 ad
951 1405 1212 1444 informandos
1251 1416 1379 1442 mores

322 1461 546 1506 hominum3
575 1460 671 1497 sicut
696 1467 798 1508 patet
826 1460 863 1497 in
892 1459 962 1496 ritu
989 1458 1193 1508 gentilium.
1214 1457 1292 1495 Sed
1319 1458 1378 1495 lex

323 1513 451 1556 divina
478 1525 499 1550 e
518 1525 707 1550 converso
726 1514 904 1550 homines
932 1511 980 1550 ad
999 1511 1163 1558 invicem
1192 1510 1379 1548 ordinavit

322 1566 534 1605 secundum
570 1566 676 1614 quod
710 1566 962 1603 conveniebat
998 1564 1120 1602 ordini
1153 1563 1219 1614 qui
1253 1571 1309 1600 est
1340 1564 1378 1601 in

321 1619 462 1666 Deum,
486 1630 603 1667 quem
631 1619 884 1667 principaliter
915 1618 1143 1655 intendebat.
1171 1616 1379 1654 Ordinatur

322 1679 450 1709 autem
478 1672 598 1709 homo
619 1672 657 1709 in
685 1673 813 1708 Deum
832 1682 910 1709 non
938 1671 1066 1709 solum
1087 1682 1156 1719 per
1181 1669 1378 1707 interiores

263 1744 267 1747 ι
322 1732 428 1761 aetus
455 1725 606 1771 mentis,
625 1725 690 1773 qui
711 1731 797 1761 sunt
816 1724 982 1771 credere,
1003 1734 1153 1772 sperare
1172 1730 1209 1760 et
1227 1734 1376 1768 amare3

81 2142 91 2152 ¹
106 2141 233 2165 Factorum
246 2143 280 2165 Di

77 2195 169 2218 nora.
212 2211 219 2218 .
234 2169 290 2223 ii'fzss

77 3357 89 3368 ⁴⁸
103 3357 139 3380 Cf.
154 3363 217 3380 num.
233 3364 282 3386 seq.

323 1778 391 1816 sed
426 1777 540 1815 etiam
572 1788 640 1826 per
675 1778 868 1825 quaedam
904 1776 1089 1815 exteriora
1125 1787 1262 1824 opera,
1297 1776 1379 1823 qui-

323 1830 403 1867 bus>
422 1831 542 1867 homo
571 1830 740 1868 divinam
765 1831 986 1867 servitutem
1005 1829 1214 1878 profitetur.
1230 1829 1280 1866 Et
1307 1829 1377 1866 ista

322 1895 441 1932 opera
460 1883 634 1920 dicuntur
652 1884 701 1921 ad
721 1884 863 1920 cultum
884 1883 956 1920 Dei
979 1882 1177 1931 pertinere.
1197 1881 1275 1928 Qui
1298 1883 1378 1930 qui-

322 1936 412 1974 dem
437 1936 558 1973 cultus
581 1937 820 1974 caeremonia
834 1943 1018 1982 vocatia-52
1029 1934 1135 1984 quasi
1157 1935 1299 1981 munia,
1325 1935 1378 1972 id-

322 1996 379 2031 est
401 1989 515 2035 dona,
549 1990 733 2035 Caereris,
763 2001 861 2038 quae
891 1989 1084 2026 dicebatur
1111 1987 1186 2026 dea
1201 1988 1374 2035 frugum,

323 2049 362 2078 ut
389 2042 546 2090 quidam
576 2042 704 2079 dicunt
723 2047 753 2078 ιε
784 2054 830 2078 eo
860 2041 964 2090 quod
988 2041 1112 2090 primo
1136 2048 1182 2080 ex
1208 2040 1377 2089 frugibus

320 2094 531 2133 oblationes
558 2096 644 2134 Deo
677 2095 946 2132 offerebantur.
977 2094 1084 2140 Sive,
1117 2101 1161 2133 ut
1184 2094 1376 2131 Maximus

318 2147 490 2184 Valerius
509 2148 620 2185 refert
633 2147 663 2195 ²¹³,
680 2158 824 2185 nomen
840 2147 1100 2185 caeremoniae
1118 2146 1375 2187 introductum

318 2208 374 2237 est
400 2201 449 2239 ad
477 2200 766 2248 significandum
788 2202 931 2238 cultum
951 2199 1123 2239 divinum
1155 2199 1258 2249 apud
1277 2200 1376 2237 Lati-

369 2310 396 2345 γ)
412 2310 512 2336 Decem
527 2311 622 2347 :neq-ba.
638 2324 657 2330 -
675 2311 747 2343 quod
764 2311 848 2336 verba
866 2311 921 2341 BF;
935 2317 1004 2343 quae
1017 2311 1074 2336 add.
1090 2311 1118 2336 Ρ.
1129 2310 1216 2346 -Ρεᾳ
1225 2311 1375 2342 mandavit,

317 2344 446 2374 iniunxit,
465 2349 490 2370 et
508 2353 557 2378 pro
575 2345 714 2375 deberetis,
735 2345 852 2370 debeatis
871 2346 972 2370 codices
992 2351 1016 2370 et
1034 2353 1060 2371 a.

351 2383 354 2386 ’
368 2379 617 2414 mlwfflnxefiu'ntr
627 2394 647 2400 —
663 2380 835 2413 confixerunt
854 2381 963 2405 codices.

340 2532 367 2553 ru
389 2522 521 2559 articulo
545 2522 686 2552 secundo
709 2528 739 2552 et
762 2522 853 2552 tertio
879 2521 1375 2562 quaestionisrno'nagezimaeno-

319 2534 415 2603 luae,
430 2565 551 2597 omisso
575 2566 680 2606 primo
696 2565 841 2601 articulo,
854 2566 999 2606 *dubium
1012 2566 1209 2606 occurritjde
1231 2565 1374 2599 differen-

315 2606 527 2651 tia'assignata
545 2609 626 2649 inter
636 2610 740 2650 legem
761 2609 935 2640 humanam
959 2617 989 2641 et
1003 2603 1146 2648 distinam
1153 2602 1187 2640 in
1200 2607 1272 2650 boc,
1285 2611 1374 2652 quod

315 2652 421 2684 divina
444 2648 578 2685 intendit
600 2652 812 2694 principaliter
836 2652 1006 2684 amicitiam
1028 2654 1070 2684 ad'
1087 2643 1214 2691 ficum}
1234 2653 1375 2690 humana

315 2704 423 2728 autem
445 2697 581 2728 intendit
602 2695 814 2737 principaliter
837 2696 1008 2728 amicitiam
1035 2695 1205 2729 Hersiliam
1220 2698 1311 2730 rimer
1329 2709 1372 2729 se.

315 2741 448 2772 Videtur
461 2742 666 2782 „entm2quods
681 2741 730 2772 lex
754 2741 1094 2773 humaaa'necessanioe
1109 2749 1157 2774 est
1174 2748 1322 2783 perversa
1337 2753 1374 2774 ex

315 2785 369 2816 tali
391 2784 653 2823 fine.2.Nam³,lex
666 2785 807 2817 humana
838 2786 878 2817 de
899 2793 971 2823 acm
993 2785 1152 2826 religionis
1161 2797 1264 2836 ‚agne
1279 2787 1374 2823 *Deus

317 2829 439 2865 colitur,
455 2829 596 2870 disponit
614 2829 695 2860 sicut
717 2829 755 2860 de
769 2829 890 2872 actibus
907 2830 1044 2864 aliarum
1061 2830 1224 2873 virtutum,-
1241 2831 1281 2863 Et
1299 2842 1375 2863 cum

316 2873 424 2914 omnia
444 2872 596 2913 *disponat
617 2873 651 2903 in
670 2873 781 2914 ordine
804 2872 844 2910 ad
859 2871 1374 2919 principalemsfinequuoniam

316 2916 437 2958 reliqua
460 2923 534 2948 sunt
556 2923 685 2957 propter
707 2916 812 2954 illum3
833 2917 974 2958 s'equl'tu'r
996 2915 1091 2960 qu'o‘d’
1108 2913 1230 2951 cultum
1252 2913 1374 2957 D²et‚³‘i'n

316 2961 383 3002 quo
407 2961 550 2991 consistit
572 2960 710 2992 amicitia
728 2960 867 2992 hominis
891 2961 937 2992 a'd‘
953 2961 1072 2999 De‘mm·
1089 2961 1212 2994 'ordinet
1233 2961 1275 2994 ad
1297 2962 1374 2997 atiri-

317 3005 423 3036 eitiam
444 3005 617 3036 hominum
640 3005 722 3046 inter
741 3014 805 3041 aes.
820 3014 908 3046 quae·
925 3012 972 3037 est
998 3002 1269 3048 eiusxpsineipalis
1286 3007 1374 3039 ίὶειιι

315 3049 356 3080 Et
378 3049 551 3088 hoereti'am
574 3049 607 3087 in
630 3055 764 3090 corpote
778 3049 859 3083 tertii
867 3050 1001 3099 wouh
1008 3049 1112 3090 linem
1131 3058 1233 3088 somt,
1249 3051 1373 3087 dicens-2

315 3094 420 3134 Leges
441 3093 602 3130 humanae
616 3103 680 3131 aon
702 3099 903 3140 curaverit-apt
910 3094 1036 3140 *aliffiffi'd
1050 3092 1216 3138 instituere
1227 3096 1271 3127 de
1285 3097 1375 3140 calta

315 3137 422 3168 divino
454 3138 517 3168 nisi
539 3138 571 3167 in
595 3136 708 3174 ordine
728 3129 1108 3179 adffioriiqm‘commmt'e
1134 3131 1310 3177 bomjndni..

372 3180 409 3211 11.
427 3181 478 3211 Ad
505 3181 695 3212 evidentiam
717 3171 816 3226 afflui
836 3173 1057 3222 ambiguitatis,
1081 3174 1305 3224 duo‘ssport'et'
1322 3185 1374 3214 de-

316 3225 446 3256 clarare:
463 3225 585 3256 scilicet·
593 3221 1186 3268 quomode'amicitiaihominufflinter
1199 3237 1235 3258 se
1242 3227 1374 3268 ponitur

315 3268 492 3300 necue-finis
514 3267 696 3311 principalia
715 3266 981 3312 hnmanaekeg'm
995 3277 1036 3302 <et
1057 3273 1226 3312 quomodo
1246 3272 1375 3303 'divinus

317 3313 439 3349 cultus,
465 3313 512 3343 vel
537 3313 672 3344 amicitia
695 3313 834 3344 hominis
860 3315 899 3346 ad
926 3315 1040 3351 Deum,
1065 3315 1254 3348 ordinabilis
1272 3317 1312 3348 sit
1335 3317 1374 3347 ad

316 3357 487 3388 amicitiam
501 3357 671 3388 hominum
687 3357 767 3388 inter
782 3368 825 3395 se,
842 3365 872 3389 et
887 3369 904 3389 e
917 3366 1024 3390 contra
1038 3358 1065 3390 *.
1083 3360 1167 3391 Scito
1183 3370 1257 3401 ergo
1274 3361 1372 3401 quod,

316 3401 591 3441 quemadmodum
623 3412 671 3432 ars
694 3402 818 3443 aliqua,
838 3409 915 3445 puta
941 3402 1167 3440 domificafiva,
1191 3404 1285 3434 habet
1315 3413 1372 3444 pro

317 3444 481 3486 principali
495 3443 558 3476 fine'
576 3447 658 3486 opus
673 3455 778 3483 suum,
790 3443 867 3487 puta
883 3446 1028 3484 domum,
1041 3457 1098 3478 nec
1118 3447 1203 3478 aliud
1220 3448 1259 3477 ad
1271 3447 1373 3487 ipsam

318 3489 451 3527 spectat;
476 3499 549 3520 cum
573 3500 639 3530 quo
663 3496 768 3520 tamen
792 3497 852 3522 stat
873 3491 961 3532 quod
985 3491 1092 3523 artifex
1115 3492 1191 3532 ipse,
1215 3498 1291 3531 puta
1317 3491 1373 3520 do-

388 3549 497 3575 Stnnus:
515 3551 617 3575 Tuam..
636 3551 667 3576 D.
679 3551 792 3576 Tamus.
810 3551 899 3578 T.1v.

2415 185 2485 210 201

1433 261 1516 297 nos,
1537 262 1560 286 a
1573 250 1744 299 quodam
1773 249 1916 299 oppido
1932 250 2033 287 iuxta
2048 251 2228 298 Romam,
2245 251 2350 300 quod
2370 253 2489 289 Caere

1433 303 1661 339 vocabatur:
1688 314 1734 339 eo
1764 303 1880 352 quod,
1903 304 2029 340 Roma
2056 311 2164 353 capta
2184 316 2206 340 a
2226 304 2353 351 Gallis,
2374 304 2460 341 illuc
2479 305 2490 330 ζ

1433 366 1538 390 sacra
1567 356 1833 394 Romanorum
1863 356 1986 393 ablata
2010 364 2106 403 sunt,
2129 364 2165 393 et
2188 357 2490 394 reverentissime

1432 406 1571 443 habita.
1594 407 1656 443 Sic
1683 408 1792 455 igitur
1811 408 1872 445 illa
1896 417 2098 458 praecepta
2124 421 2223 457 quae
2243 409 2280 446 in
2308 410 2389 457 lege
2399 422 2490 459 per-

1433 458 1550 496 tinent
1578 460 1626 496 ad
1662 461 1804 498 cultum
1837 462 1927 509 Dei,
1958 462 2167 510 specialiter
2202 463 2491 501 caeremonialia

1434 511 1617 548 dicuntur.

1485 566 1544 599 An
1573 576 1708 602 Palmum
1737 577 1834 602 ERGO
1864 578 2046 604 mcssupum
2075 568 2180 616 quod
2199 567 2355 604 humani
2385 576 2489 605 actus

1434 627 1473 651 se
1503 618 1709 653 extendunt
1737 618 1850 655 etiam
1880 620 1927 656 ad
1957 620 2097 656 cultum
2118 619 2301 657 divinum.
2327 621 2375 657 Et
2402 620 2489 658 ideo

1434 667 1547 704 etiam
1577 669 1623 705 de
1651 669 1708 706 his
1729 671 1894 708 continet
1922 681 2123 721 praecepta
2142 673 2201 710 lex
2228 681 2338 710 vetus
2365 673 2488 711 homi-

1434 720 1544 756 nibus
1573 722 1670 758 data.

1485 775 1544 809 AD
1572 785 1760 811 SECUNDUM
1784 786 1966 812 mOENDUM
1995 778 2111 824 quod,
2134 778 2226 814 sicut
2255 791 2368 827 supra
2388 779 2408 800 *
2436 779 2489 816 di-

1434 833 1534 862 ctum
1557 834 1622 874 est,
1642 835 1843 875 praecepta
1863 829 1953 875 legis
1973 837 2127 866 naturae
2147 831 2366 868 communia
2391 839 2487 879 sunt,

1434 885 1470 914 et
1489 878 1656 926 indigent
1680 881 2004 918 determinatione.
2025 883 2334 920 Determinantur
2361 892 2487 921 autem

1434 938 1470 967 et
1496 943 1565 979 per
1591 933 1713 979 legem
1743 933 1969 981 humanam,
2000 942 2035 970 et
2062 947 2130 982 per
2157 936 2279 983 legem
2308 937 2486 974 divinam.

1434 983 1483 1019 Et
1510 983 1603 1020 sicut
1632 985 1735 1032 ipsae
1755 985 2085 1023 determinationes
2113 1000 2210 1036 quae
2234 989 2329 1025 fiunt
2353 1002 2420 1038 per
2438 990 2488 1026 le-

1433 1048 1519 1083 gem
1547 1037 1769 1084 humanam,
1790 1050 1868 1075 non
1897 1039 2070 1076 dicuntur
2090 1052 2170 1076 esse
2200 1041 2246 1077 de
2275 1042 2355 1089 lege
2384 1050 2489 1078 natu-

1432 1101 1507 1135 rae,
1529 1089 1597 1126 sed
1625 1089 1672 1126 de
1692 1090 1771 1127 iure
1799 1091 1985 1139 positivo;
2015 1092 2064 1129 ita
2084 1093 2185 1141 ipsae
2212 1093 2488 1131 determinatio-

1434 1154 1499 1178 nes
1534 1150 1825 1191 praeceptorum
1859 1145 1949 1191 legis
1978 1152 2132 1181 naturae
2166 1158 2263 1193 quae
2301 1147 2395 1184 fiunt
2422 1160 2490 1195 per

1432 1195 1554 1242 legem
1582 1195 1762 1243 divinam,
1786 1196 2060 1244 distinguuntur
2079 1210 2100 1234 a
2128 1199 2338 1247 praeceptis
2363 1212 2489 1237 mora-

1432 1247 1541 1294 libus,
1576 1261 1674 1296 quae
1707 1249 1894 1297 pertinent
1926 1251 1973 1287 ad
2002 1251 2124 1298 legem
2153 1259 2319 1288 naturae.
2350 1254 2486 1289 Colere

1434 1312 1522 1348 ergo
1552 1301 1700 1347 Deum,
1731 1314 1818 1339 cum
1847 1302 1891 1339 sit
1919 1311 2024 1340 actus
2051 1303 2216 1350 virtutis,
2246 1305 2405 1353 pertinet
2440 1307 2489 1343 ad

1432 1362 1677 1402 praeceptum
1699 1356 1859 1391 morale:
1884 1356 1950 1393 sed
1971 1356 2233 1393 determinatio
2253 1357 2364 1394 huius
2381 1370 2489 1407 prae—

1434 1406 1542 1454 cepti,
1571 1414 1612 1443 ut
1639 1407 1778 1444 scilicet
1806 1408 1948 1444 colatur
1975 1409 2110 1445 talibus
2137 1409 2268 1447 hostiis
2293 1417 2328 1446 et
2354 1410 2489 1448 talibus

1433 1460 1672 1506 muneribus,
1697 1461 1772 1498 hoc
1799 1460 1959 1508 pertinet
1986 1461 2036 1498 ad
2062 1470 2264 1510 praecepta
2297 1475 2488 1500 caeremo-

1433 1512 1554 1548 nialia.
1584 1513 1634 1549 Et
1668 1513 1755 1550 ideo
1792 1521 1993 1562 praecepta
2036 1515 2325 1552 caeremonialia
2363 1516 2489 1558 distin-

1431 1573 1595 1612 guuntur
1623 1578 1645 1602 a
1671 1566 1883 1614 praeceptis
1911 1567 2130 1604 moralibus.
2423 1614 2427 1615 ⁷

1485 1621 1543 1654 AD
1571 1630 1730 1655 TERTIUM
1749 1631 1932 1656 mcaNDUM
1952 1619 2069 1667 quod,
2091 1620 2184 1657 sicut
2205 1620 2412 1669 Dionysius
2435 1622 2488 1658 di-

1433 1670 1499 1717 cit,
1531 1683 1539 1707 1
1570 1683 1651 1719 cap.
1685 1672 1786 1708 Cael.
1815 1673 1940 1719 Ilien,
1968 1672 2096 1709 divina
2123 1673 2341 1710 horninibus
2369 1675 2488 1712 mani-

1432 1724 1555 1760 festari
1584 1736 1662 1760 non
1690 1733 1848 1772 possunt
1875 1725 1945 1762 nisi
1970 1726 2040 1762 sub
2069 1725 2257 1774 aliquibus
2284 1727 2489 1764 similitudi-

1429 1777 1542 1813 nibus
1571 1777 1821 1815 sensibilibus.
1844 1779 1952 1826 Ipsae
1980 1786 2107 1814 autem
2129 1778 2389 1816 similitudines
2409 1793 2488 1817 ma-

1431 1830 1485 1877 gis
1515 1837 1672 1866 movent
1707 1830 1877 1867 animum
1916 1831 2070 1878 quando
2106 1843 2182 1868 non
2215 1833 2339 1868 solum
2367 1834 2487 1870 verbo

1432 1883 1703 1931 exprimuntur,
1724 1884 1792 1921 sed
1812 1883 1926 1920 etiam
1946 1884 2073 1920 sensui
2093 1884 2315 1921 offeruntur.
2332 1886 2380 1921 Et
2399 1885 2485 1923 ideo

1432 1936 1558 1972 divina
1587 1936 1785 1973 traduntur
1813 1936 1850 1973 in
1872 1936 2072 1985 Scripturis
2100 1949 2179 1974 non
2203 1938 2326 1974 solum
2353 1951 2422 1986 per
2442 1939 2488 1975 si-

1430 1988 1660 2025 militudines
1687 1989 1809 2026 verbo
1830 2001 2037 2038 expressas,
2063 1990 2156 2026 sicut
2184 1998 2286 2038 patet
2304 1991 2342 2027 in
2370 2000 2487 2028 meta-

1430 2042 1594 2090 phoricis
1613 2042 1886 2087 locutionibus;
1908 2042 1975 2079 sed
1998 2042 2112 2079 etiam
2131 2055 2200 2091 per
2228 2043 2487 2081 similitudines

1431 2107 1558 2131 rerum
1578 2107 1677 2142 quae
1705 2095 1804 2132 visu-i
1831 2103 2109 2143 proponuntur,
2131 2095 2236 2144 quod
2260 2097 2419 2144 pertinet
2439 2097 2488 2134 ad

1430 2154 1632 2196 praecepta
1661 2148 1960 2184 caeremonialia.

1955 2232 1976 2249 ἢ

1482 2313 1503 2342 ε)
1523 2314 1552 2335 ut
1571 2311 1679 2343 quidam
1697 2311 1799 2336 dicunt.
1816 2325 1835 2329 -
1854 2311 1916 2336 Om.
1935 2311 1963 2335 P.
1981 2324 2002 2329 -
2020 2311 2070 2335 Pro
2084 2311 2182 2342 primo,
2198 2312 2290 2344 prima
2309 2313 2338 2336 P.

1482 2346 1506 2378 ζ)
1527 2347 1596 2371 illuc.
1609 2360 1628 2365 —
1647 2346 1746 2390 illieP.
1764 2360 1783 2364 —
1802 2347 1852 2370 Pro
1871 2346 1970 2374 ablata,
1989 2346 2123 2396 allata‘K.
2142 2347 2230 2372 oblata
2250 2348 2304 2371 ΡΗ.

997 2430 1325 2500 commentaria
1348 2443 1596 2476 Garamans
1619 2436 1817 2475 Caietam

1429 2522 1592 2558 mificator,
1610 2529 1645 2553 ut
1675 2529 1822 2552 movetur
1845 2532 1862 2552 a
1885 2522 2002 2552 iustitia
2026 2522 2133 2561 legali,
2158 2522 2280 2552 ordinet
2311 2532 2393 2561 opus
2416 2522 2488 2552 artis

1429 2567 1468 2597 ad
1492 2567 1615 2597 bonum
1645 2575 1833 2602 commune;
1857 2566 2042 2597 huiusmodi
2075 2576 2214 2606 namque
2242 2566 2398 2596 ordinatio
2422 2563 2487 2596 non

1429 2618 1547 2651 spectat
1571 2611 1610 2641 ad
1633 2617 1731 2641 artem
1751 2609 1926 2646 secundum
1951 2620 1992 2646 se,
2009 2610 2063 2640 sed
2081 2617 2115 2640 ut
2139 2617 2199 2640 stat
2221 2611 2279 2640 sub
2302 2610 2378 2650 lege,
2397 2610 2486 2640 cuius

1429 2662 1475 2685 est
1506 2656 1545 2685 ad
1577 2655 1701 2685 bonum
1733 2664 1904 2685 commune
1937 2654 2104 2684 ordinare:
2138 2654 2180 2684 ita
2212 2653 2489 2694 proportionaliter

1429 2697 1582 2739 contingit
1610 2698 1642 2729 in
1669 2699 1738 2739 lege
1761 2698 1900 2728 humana
1928 2698 2017 2739 quod
2045 2698 2222 2738 principalis
2253 2697 2323 2727 finis
2350 2698 2487 2727 intentus

1429 2744 1467 2773 ab
1491 2754 1526 2773 ea
1550 2743 1726 2773 secundum
1749 2742 1885 2782 seipsam
1909 2749 1956 2773 est
1976 2751 2147 2772 commune
2163 2742 2285 2772 bonum
2305 2741 2484 2777 hominum,

1429 2787 1564 2818 amicitia
1591 2794 1621 2817 et
1644 2797 1703 2827 pax
1727 2786 1898 2816 hominum
1920 2787 2001 2817 inter
2024 2795 2071 2822 se;
2097 2796 2152 2816 nec
2177 2786 2216 2816 ad
2239 2786 2341 2825 ipsam
2369 2793 2487 2825 spectat

1429 2832 1573 2862 ordinare
1602 2831 1663 2861 hoc
1686 2831 1718 2862 in
1742 2830 1912 2862 amicitiam
1939 2837 1969 2861 et
1999 2840 2108 2871 pacem
2136 2830 2274 2860 hominis
2302 2829 2342 2859 ad
2364 2829 2486 2864 Deum,

1429 2876 1483 2906 sed
1506 2876 1567 2906 hoc
1591 2882 1710 2915 spectat
1733 2875 1772 2911 ad
1796 2875 1899 2915 legem
1922 2874 2074 2909 divinam,
2100 2883 2179 2914 quae
2204 2881 2248 2904 est
2272 2872 2423 2912 superior.
2447 2873 2488 2903 Et

1428 2926 1595 2960 propterea
1625 2919 1844 2949 lex·humana
1874 2928 1940 2949 non
1973 2918 2148 2948 secundum
2181 2928 2229 2951 se,
2264 2917 2318 2946 sed
2351 2923 2386 2946 ut
2415 2917 2488 2947 sub—

1429 2970 1489 2995 stat
1512 2963 1634 2994 divinae
1658 2963 1729 3003 legi,
1751 2963 1855 3003 dirigit
1878 2962 2047 2992 amicitiam
2070 2961 2238 2991 hominum
2262 2960 2293 2990 in
2318 2958 2488 2991 amicitiam

1429 3008 1498 3039 Dei.
1907 3013 1912 3019 ’

1437 3068 1442 3072 -
1485 3052 1537 3082 111.
1554 3051 1702 3082 Amicitia
1719 3058 1828 3087 autem
1850 3049 1994 3080 hominis*
2011 3049 2051 3083 ad
2074 3049 2179 3080 Deum
2195 3048 2362 3088 dupliciter
2384 3054 2489 3088 potest

1430 3096 1529 3131 sumi:
1554 3095 1669 3136 primo,
1690 3094 1890 3134 simpliciter,
1914 3103 1994 3134 quae
2018 3092 2134 3124 scilicet
2160 3099 2206 3123 est
2224 3092 2434 3132 per-gratiam
2457 3099 2488 3123 et

1430 3140 1606 3174 caritatem;
1632 3138 1782 3178 secundo,
1806 3137 1980 3167 secundum
2004 3135 2090 3176 quid,
2116 3135 2345 3177 quae'scilicet¹
2367 3136 2489 3167 seclusa

1429 3184 1536 3224 gratia,
1561 3192 1626 3212 esse
1650 3187 1754 3221 potest
1777 3179 1857 3211 inter
1879 3179 2043 3210 hominem
2072 3180 2103 3210 in
2128 3181 2214 3220 puris
2239 3179 2432 3211 naturalibus
2457 3186 2487 3210 et

1429 3228 1544 3258 Deum.
1562 3227 1603 3256 Et
1624 3232 1757 3265 utraque
1773 3231 1878 3264 potest
1901 3223 1983 3254 sumi
2000 3223 2178 3264 dupliciter:
2203 3223 2319 3255 scilicet
2342 3234 2379 3254 ex
2401 3231 2488 3264 parte

1429 3271 1488 3301 Dei
1512 3270 1617 3305 arnati,
1638 3276 1669 3299 et
1692 3278 1727 3299 ex
1747 3274 1835 3309 parte
1857 3267 1996 3298 hominis
2010 3268 2155 3299 amantis.
2171 3269 2488 3308 Quomodocumque

1429 3314 1566 3345 amicitia
1588 3319 1741 3348 sumatur,
1758 3313 1784 3342 si
1802 3322 1839 3343 ex
1854 3319 1940 3352 parte
1963 3312 2022 3342 Dei
2038 3312 2183 3348 sumitur,
2203 3322 2268 3344 non
2285 3319 2394 3352 potest·
2406 3319 2489 3342 recte

1430 3358 1566 3388 ordinari
1590 3357 1622 3387 in
1645 3357 1768 3387 bonum
1791 3357 1988 3386 humanum:
2014 3363 2094 3386 esset
2113 3356 2197 3386 enim
2220 3356 2404 3396 perversitas
2423 3366 2488 3385 ma-

1429 3412 1490 3442 gna
1513 3401 1559 3432 uti
1583 3400 1732 3431 fruendis.
1753 3400 1784 3431 Si
1804 3407 1911 3431 autem
1927 3407 2071 3430 sumatur
2093 3410 2130 3430 ex
2152 3406 2238 3440 parte
2262 3400 2411 3435 hominis,
2431 3410 2487 3440 po-

1429 3453 1488 3476 test
1519 3451 1600 3475 recte
1629 3444 1766 3475 ordinari
1790 3444 1829 3474 ad
1851 3444 1975 3474 bonum
2003 3453 2174 3474 commune
2198 3443 2394 3475 humanum:
2419 3450 2488 3474 tum

1430 3489 1503 3529 quia
1528 3489 1627 3519 homo
1653 3489 1827 3519 secundum
1852 3488 1883 3518 id
1907 3488 1994 3528 quod
2019 3495 2065 3518 est
2088 3495 2118 3519 et
2137 3498 2202 3524 sua,
2220 3496 2265 3519 est
2290 3498 2358 3528 pars
2383 3487 2487 3518 civita-

2316 3548 2348 3573 26

2516 785 2526 797 ⁸
2541 784 2581 812 Qu
2595 790 2639 812 xer,
2655 788 2696 806 art.
2706 791 2726 814 3.
