2840 4010
10 1295 11 1298 „
0 1188 10 1274 <qq-:nm
0 1154 6 1183 vv

991 172 1257 219 QUAESTIO
1286 172 1403 221 xcv,
1431 172 1727 210 ARTICULUS
1755 172 1807 210 ιν
2417 185 2487 221 179

313 254 375 280 stnt
387 248 486 289 quod,
502 247 667 289 loquendo
683 249 722 279 de
737 249 888 289 regimine
903 260 982 290 pure
1002 250 1154 287 humano,
1170 250 1372 281 consideratis
1427 251 1569 282 multum
1596 250 1773 282 artificiosa.
1797 250 1872 282 Ideo
1896 250 2019 292 primus
2050 261 2170 288 sermo,
2194 250 2310 282 scilicet
2332 251 2420 292 quod
2443 261 2489 281 re-

313 291 463 323 omnibus
478 302 559 333 quae
572 299 647 323 sunt
661 292 694 323 in
709 293 820 330 mixto,
831 293 972 334 regimen
987 294 1123 325 mixtum
1137 301 1184 325 est
1195 294 1369 334 optimum;
1426 295 1534 334 gimen
1563 295 1658 326 unius
1686 301 1732 326 est
1755 295 1916 336 optimum
1927 318 1935 332 ‚
1959 295 2196 336 amplectendus
2224 301 2271 326 est
2293 294 2489 335 simpliciter:

313 342 350 367 ut
363 335 424 372 hic,
445 343 475 367 et
497 335 628 367 inferius
649 336 724 367 loco
747 337 893 378 allegato,
907 337 1050 370 habetur.
1066 355 1088 362 -
1105 337 1226 370 Verum
1248 337 1323 378 quia
1338 337 1372 367 in
1427 338 1587 369 secundus
1617 345 1741 376 autem,
1771 338 1889 371 scilicet
1917 338 2007 381 quod
2035 339 2175 380 regimen
2206 338 2415 370 commixtum
2445 345 2492 369 est

312 378 418 420 primo
438 389 532 411 sensu
549 380 744 421 comparatio
764 379 938 412 formaliter
959 387 991 412 et
1004 381 1188 421 simpliciter
1203 387 1370 417 exercetur,
1427 381 1600 422 optimum,
1623 382 1675 422 pie
1699 383 1918 424 exponendus,
1943 389 1975 414 et
1989 392 2056 414 non
2072 383 2286 415 extendendus
2309 389 2365 420 est,
2389 392 2429 413 ne
2452 382 2492 413 sit

312 422 347 453 in
365 424 507 454 secundo
523 430 629 455 autem
648 431 850 465 comparatur
872 434 975 456 unum
990 431 1021 456 et
1034 425 1120 455 idem
1139 424 1316 455 secundum
1338 434 1371 454 se
1427 434 1522 456 causa
1546 426 1669 458 erroris.

313 467 354 498 ad
376 467 517 508 seipsum
541 478 615 499 cum
638 468 792 500 adiunctis
807 467 1011 504 bonitatibus,
1027 467 1223 508 comparatio
1243 476 1310 497 non
1326 473 1373 498 est
1481 469 1522 499 Et
1546 469 1628 501 hanc
1650 470 1774 501 tertiam
1797 470 2039 511 responsionem
2061 480 2201 512 sequere,
2225 470 2273 501 vir
2295 470 2396 501 docte.
