2840 4010
80 393 90 402 '
105 391 173 413 Vers-
187 397 220 413 22.

80 759 89 768 ·
104 758 133 779 D.
148 763 209 785 ¹⁰45·
226 763 287 784 ¹047-

76 2775 133 2797 'Nur
126 2782 155 2797 m.
159 2782 209 2803 cap.
217 2783 286 2803 xxxv,

76 2809 136 2824 vers.
139 2809 220 2830 nsqq„
215 2803 286 2824 'Deu-

75 2831 117 2850 ter.
127 2835 176 2868 cap.
186 2836 285 2856 1v‚vers.

74 2861 97 2881 4¹
113 2846 219 2883 sq3103.
235 2862 284 2884 cap.

74 2888 113 2903 XX.

78 2994 86 3003 ·
99 2994 150 3016 Art.
166 3000 185 3016 2.

322 148 395 182 218

320 226 369 262 Et
395 226 465 262 ista
489 226 566 263 duo
585 238 664 262 non
688 225 868 263 diiudicat
886 225 944 260 lex
963 224 1143 268 humana,
1164 220 1232 258 sed
1252 221 1377 258 solum

319 279 378 315 lex
399 278 538 316 divina.
570 280 649 315 Lex
670 278 770 314 enim
791 279 961 313 humana
980 287 1058 312 non
1077 274 1185 323 punit
1205 286 1293 310 eum
1315 273 1378 322 qui

318 333 399 368 vult
428 331 600 368 occidere
635 338 670 367 et
701 342 779 366 non
813 328 968 365 occidit:
998 327 1106 376 punit
1133 334 1261 363 autem
1290 338 1376 364 eum

319 385 377 421 lex
407 384 550 430 divina,
579 382 791 419 secundum
819 381 910 418 illud
938 381 1072 417 Matth.
1092 392 1116 416 v
1134 379 1170 416 *ε
1204 380 1279 422 Qui
1304 380 1379 417 ira-

317 438 432 474 scitur
447 436 572 484 fratri
596 447 676 480 suo,
705 446 791 470 reus
818 433 890 470 erit
914 433 1062 470 iudicio.

373 489 544 525 Tertium
577 495 704 523 autem
743 493 798 522 est
835 491 876 522 ut
898 487 1052 534 firmeY
1080 490 1116 522 et
1142 485 1380 523 immobiliter

317 543 454 578 haheat
478 546 514 576 et
539 545 722 588 operetur.
757 540 806 576 Et
833 538 903 576 ista
929 538 1088 576 firmitas
1115 539 1267 588 proprie
1294 551 1379 588 per-

317 594 409 630 tinet
435 593 484 629 ad
511 592 695 638 habitum,
724 598 766 628 ut
793 591 933 629 scilicet
956 591 1088 641 aliquis
1108 604 1153 629 ex
1172 593 1302 630 habitu
1322 604 1378 629 ra—

318 646 440 682 dicato
470 652 659 694 operetur.
684 645 733 681 Et
760 653 946 694 quantum
966 645 1014 683 ad
1037 645 1124 692 hoc,
1145 645 1286 683 modus
1303 645 1378 683 vir-

316 698 404 735 tutis
424 710 501 735 non
527 698 625 735 cadit
643 698 715 735 sub
733 706 939 747 praecepto
959 710 1084 747 neque
1111 699 1201 746 legis
1226 698 1378 736 divinae

316 763 442 800 neque
467 751 557 799 legis
586 752 778 788 humanae
797 751 835 788 *τ
861 763 986 801 neque
1016 752 1116 789 enim
1145 752 1193 788 ab
1222 751 1378 789 homine

315 816 439 852 neque
469 817 490 841 a
518 805 604 841 Deo
637 804 794 853 punitur
826 811 1009 854 tanquam
1037 804 1228 853 praecepti
1259 812 1378 842 trans-

314 869 480 905 gressor,
511 857 575 906 qui
604 857 775 894 debitum
807 858 997 895 honorem
1030 857 1215 907 impendit
1242 870 1377 906 paren-

313 910 423 957 tibus,
454 910 631 959 quamvis
660 923 739 948 non
766 911 906 948 habeat
932 911 1104 948 habitum
1134 910 1292 959 pietatis.

366 965 425 1000 Ao
445 975 582 1001 PRtMUM
601 976 700 1001 ERGO
719 976 904 1001 DICENDUM
923 964 1028 1012 quod
1048 964 1187 1001 modus
1215 963 1376 1000 faciendi

314 1023 441 1054 actum
461 1017 622 1054 iustitiae
644 1017 708 1065 qui
734 1017 832 1054 cadit
850 1018 920 1053 sub
939 1024 1157 1066 praecepto,
1180 1024 1235 1053 est
1252 1023 1293 1053 ut
1310 1017 1377 1054 fiat

313 1069 455 1118 aliquid
474 1070 686 1107 secundum
703 1070 877 1107 ordinem
897 1070 1004 1107 iuris:
1029 1082 1108 1107 non
1127 1077 1255 1106 autern
1272 1070 1376 1118 quod

313 1123 380 1159 fiat
408 1135 453 1160 ex
480 1122 611 1164 habitu
638 1123 811 1160 iustitiae.

366 1178 425 1212 AD
445 1188 635 1214 SECUNDUM
659 1188 844 1213 DicENDUM
859 1174 966 1223 quod
979 1174 1138 1212 intentio
1157 1175 1376 1223 legislatoris

314 1236 369 1265 est
398 1229 445 1266 de
465 1229 627 1266 duobus.
649 1230 709 1266 De
728 1241 806 1266 uno
836 1228 1005 1277 quidem,
1026 1229 1073 1265 ad
1094 1229 1199 1277 quod
1218 1228 1376 1266 intendit

364 1361 391 1396 γ)
404 1362 495 1395 firme.
513 1376 532 1381 -
543 1362 663 1395 firmiter
681 1361 734 1386 PK.

986 134 988 136 ’
1030 143 1296 190 QUAESTIO
1327 143 1374 189 C,
1404 142 1698 179 ARTICULUS
1729 144 1780 180 1x

1432 233 1500 270 per
1526 228 1730 270 praecepta
1756 221 1848 269 legis
1883 222 2083 262 inducere·
2113 233 2149 263 et
2175 227 2250 264 hoc
2279 234 2334 265 est
2359 227 2489 265 virtus.

1431 274 1546 311 Aliud
1561 282 1689 311 autem
1706 281 1760 311 est
1777 274 1823 311 de
1839 286 1916 322 quo
1936 275 2094 314 intendit
2111 287 2357 330 praeceptum
2378 281 2490 318 ferre:

1433 335 1469 364 et
1496 328 1571 364 hoc
1600 335 1655 364 est
1683 327 1719 365 id
1748 327 1853 375 quod
1888 327 1991 364 ducit
2017 329 2080 366 vel
2107 329 2272 378 disponit
2299 333 2347 370 ad
2374 333 2490 371 virtu-

1431 388 1530 428 tem,
1560 380 1700 418 scilicet
1727 388 1832 417 actus
1860 379 2018 418 virtutis.
2055 381 2147 419 Non
2176 383 2278 420 enim
2305 385 2407 424 idem
2437 394 2492 424 est

1431 434 1519 471 finis
1546 433 1738 483 praecepti
1772 441 1808 470 et
1835 433 1872 470 id
1906 433 1952 470 de
1982 446 2058 483 quo
2087 443 2332 484 praeceptum
2360 438 2489 477 datur:

1433 487 1528 524 sicut
1555 499 1681 536 neque
1709 486 1747 524 in
1775 486 1853 524 aliis
1881 487 1995 523 rebus
2015 487 2117 524 idem
2147 495 2203 524 est
2221 488 2307 526 finis
2331 497 2368 526 et
2385 492 2491 539 quod

1433 547 1488 577 est
1515 540 1563 577 ad
1590 540 1721 577 finem.

1484 594 1543 630 AD
1562 604 1721 630 TERTmM
1743 604 1925 631 mcaNDUM
1947 592 2052 642 quod
2080 593 2229 642 operari
2249 594 2329 632 sine
2348 594 2493 632 tristitia

1432 658 1530 694 opus
1557 645 1716 692 virtutis,
1742 645 1840 683 cadit
1867 647 1938 683 sub
1965 654 2169 695 praecepto
2198 647 2289 694 legis
2318 647 2490 685 divinae:

1432 699 1519 748 quia
1547 698 1779 746 quicumque
1808 711 1896 736 cum
1924 699 2068 736 tristitia
2096 707 2285 748 operatur,
2315 713 2396 738 non
2422 713 2491 738 vo-

1431 753 1512 789 lens
1532 759 1720 800 operatur.
1743 751 1820 788 Sed
1839 751 2105 789 delectabiliter
2124 754 2284 802 operari,
2301 753 2382 791 sive
2402 765 2491 791 cum

1431 805 1568 842 laetitia
1582 805 1643 842 vel
1659 803 1853 851 hilaritate,
1869 806 2160 853 quodammodo
2182 807 2280 844 cadit
2298 807 2369 844 sub
2382 818 2491 855 prae-

1432 865 1555 907 cepto,
1584 857 1722 894 scilicet
1749 859 1962 896 secundum
1981 859 2086 908 quod
2105 859 2274 908 sequitur
2292 859 2490 897 delectatio

1432 923 1477 948 ex
1498 911 1695 948 dilectione
1714 909 1787 946 Dei
1808 917 1842 946 et
1860 910 2035 959 proximi,
2056 924 2153 961 quae
2175 913 2273 950 cadit
2292 914 2363 950 sub
2383 925 2491 962 prae-

1431 972 1554 1013 cepto,
1576 976 1664 1000 cum
1693 974 1803 1000 amor
1829 962 1876 999 sit
1903 976 2017 1001 causa
2040 964 2316 1003 delectationis:
2342 974 2378 1003 et
2396 979 2490 1014 quo-

1432 1017 1641 1054 dammodo
1670 1028 1759 1062 non,
1780 1016 1992 1053 secundum
2017 1019 2120 1066 quod
2140 1019 2338 1056 delectatio
2359 1031 2491 1056 conse-

1431 1071 1553 1119 quitur
1566 1070 1738 1107 habitum
1749 1068 1783 1090 ²⁸·
1775 1068 1995 1114 ,delectatio
2015 1070 2116 1108 enim
2131 1073 2254 1120 operis
2267 1078 2321 1110 est
2336 1073 2526 1122 signum·

1429 1124 1576 1160 hahztus
1601 1122 1788 1173 generati,
1818 1129 1859 1158 ut
1887 1121 2021 1159 dicitur
2047 1122 2086 1160 in
2114 1125 2146 1162 11
2173 1125 2293 1162 Ethic.
2313 1125 2334 1147 ¹³
2361 1127 2490 1162 Potest

1431 1176 1533 1213 enim
1567 1176 1699 1224 aliquis
1734 1182 1839 1212 actus
1873 1187 1955 1212 esse
1989 1174 2220 1213 delectabilis
2245 1178 2308 1214 vel
2335 1186 2490 1228 propter

1429 1230 1560 1277 finem,
1589 1230 1650 1266 vel
1678 1236 1834 1277 propter
1862 1228 2168 1266 convenientiam
2197 1230 2357 1268 habitus.

987 1448 1321 1481 Commentaria
1342 1448 1593 1481 Cardinalis
1614 1448 1814 1481 Caietam

342 1550 363 1569 N
391 1539 522 1570 articulo
552 1548 639 1569 nono
670 1538 813 1568 eiusdem
843 1537 1030 1568 centesimae
1058 1537 1269 1578 quaestionis,
1300 1543 1376 1568 nota

315 1552 432 1624 Iquod
447 1590 533 1614 actus
546 1583 709 1613 interiores
724 1582 890 1622 dupliciter
901 1582 984 1612 sumi
997 1590 1142 1622 possunt.
1155 1582 1274 1618 Primo,
1289 1581 1374 1622 puri:

312 1634 342 1658 et
365 1628 408 1658 sic
433 1637 499 1658 non
523 1627 686 1658 subiacent
704 1626 852 1657 humanis
871 1626 994 1666 legibus
1014 1633 1044 1657 et
1066 1626 1199 1656 iudiciis.
1217 1626 1374 1662 Secundo,

311 1672 410 1702 iuncti
435 1672 555 1702 actibus
579 1670 800 1702 exterioribus:
825 1678 856 1702 et
879 1671 923 1701 sic
946 1671 1108 1702 subiacent
1130 1670 1279 1701 humanis
1300 1669 1376 1711 legi-

311 1717 371 1747 bus
386 1723 416 1746 et
438 1715 572 1747 iudiciis.
597 1715 638 1746 Et
654 1722 826 1756 utrumque
841 1714 874 1745 in
892 1715 995 1745 littera
1009 1715 1197 1746 insinuatur.
1220 1714 1375 1751 Primum,

313 1771 387 1791 cum
403 1760 516 1791 dicitur
531 1760 621 1800 quod
636 1760 798 1790 volentem
814 1758 955 1790 occidere
973 1766 1003 1790 et
1019 1769 1085 1789 non
1103 1759 1310 1798 occidentem,
1327 1759 1377 1790 lex

312 1805 452 1835 humana
475 1814 542 1834 non
565 1804 667 1844 punit.
692 1804 885 1839 Secundum,
911 1814 985 1834 curn
1009 1803 1122 1834 dicitur
1137 1804 1226 1844 quod
1241 1803 1329 1834 aliter
1344 1813 1376 1834 se

311 1849 406 1879 habet
427 1849 477 1879 lex
501 1848 540 1879 ad
563 1848 729 1879 facientem
753 1847 872 1889 aliquid
892 1858 929 1878 ex
951 1847 1138 1888 ignorantia,
1156 1854 1187 1878 et
1208 1847 1249 1878 ad
1263 1847 1376 1878 facien—

312 1899 377 1924 tem
400 1893 540 1924 scienter.
565 1893 606 1923 Et
629 1892 730 1924 simile
755 1899 801 1923 est
819 1893 858 1922 de
880 1892 1012 1924 faciente
1030 1902 1066 1923 ex
1082 1899 1170 1923 metu
1186 1892 1237 1923 vel
1253 1898 1376 1932 sponte,

313 1937 481 1968 deliberate
503 1937 554 1967 vel
577 1937 693 1967 subito.

367 1982 404 2012 ΙΙ.
430 1982 465 2011 Ιη
490 1981 602 2011 eodem
627 1991 715 2012 nono
740 1981 872 2012 articulo
897 1980 1032 2011 dubium
1055 1980 1200 2018 occurrit,
1220 1980 1295 2022 quia
1309 1982 1376 2012 Au-

314 2032 381 2056 ctor
404 2026 486 2055 male
510 2026 643 2066 probare
658 2025 783 2056 videtur
798 2026 887 2066 quod
902 2025 1018 2055 modus
1037 2024 1089 2055 ille
1108 2025 1242 2062 virtutis,
1262 2024 1378 2056 scilicet

313 2070 422 2101 volens
445 2075 475 2100 et
498 2070 638 2110 eligens,
663 2079 730 2100 non
754 2070 842 2100 cadat
865 2070 923 2100 sub
947 2069 1087 2099 humana
1110 2069 1188 2110 lege.
1213 2069 1378 2100 Manifeste

312 2114 398 2144 enim
421 2114 593 2154 digreditur
608 2124 627 2144 a
641 2114 804 2145 voluntate
825 2121 856 2144 et
871 2114 1023 2144 electione
1043 2120 1079 2143 ut
1094 2120 1168 2144 sunt
1186 2113 1276 2144 modi
1290 2119 1378 2144 actus

311 2158 454 2195 virtuosi,
471 2159 511 2188 ad
530 2159 728 2189 voluntatem
753 2165 783 2188 et
802 2158 989 2189 electionem
1005 2158 1166 2194 absolute;
1191 2159 1270 2189 dum
1286 2158 1378 2189 debet

313 2203 447 2243 probare
471 2203 559 2243 quod
581 2202 659 2232 haec
682 2209 718 2233 ut
741 2203 868 2239 moduS,
886 2213 953 2233 non
976 2203 1111 2234 subsunt
1124 2203 1186 2243 legi
1201 2202 1375 2239 humanae;

313 2254 344 2278 et
366 2247 480 2286 probat
503 2247 592 2287 quod
615 2246 692 2277 haec
716 2247 859 2277 absolute
883 2257 949 2277 non
966 2248 1101 2278 subsunt
1122 2247 1184 2287 legi
1207 2247 1376 2283 humanae,

314 2291 393 2321 dum
420 2290 507 2321 affert
529 2301 587 2330 pro
611 2291 733 2321 ratione
762 2291 851 2332 quod
874 2291 924 2322 lex
950 2291 1090 2322 humana
1114 2302 1180 2322 non
1203 2291 1296 2332 punit
1321 2301 1377 2322 vo-

312 2335 430 2366 lentem
454 2335 596 2366 occidere
620 2341 650 2365 et
673 2345 738 2365 non
763 2335 969 2366 occidentem.

370 2379 421 2410 111.
446 2379 486 2410 Et
514 2379 729 2410 confirmatur.
755 2380 838 2416 Quia
862 2386 917 2410 aut
939 2382 1062 2410 Auctor
1089 2379 1223 2411 intendit
1250 2380 1289 2411 de
1311 2379 1377 2410 istis

313 2423 428 2459 modis,
446 2430 482 2454 ut
496 2423 584 2453 modi
604 2430 691 2460 sunt;
712 2421 794 2466 [aut]
811 2424 968 2460 absolute;
994 2431 1048 2454 aut
1064 2431 1202 2465 utroque
1217 2424 1327 2455 modo.
1344 2423 1377 2455 Si

313 2468 351 2498 de
363 2467 430 2498 istis
446 2468 600 2504 absolute,
614 2474 669 2498 aut
685 2475 821 2508 utroque
834 2468 943 2505 modo,
957 2468 1128 2499 dicendum
1143 2475 1209 2500 erat
1220 2469 1259 2499 de
1273 2468 1377 2509 primo

313 2512 424 2548 modo,
449 2512 565 2542 scilicet
587 2512 677 2552 quod
700 2512 800 2543 sciens
825 2522 890 2542 non
913 2513 995 2543 cadit
1010 2513 1068 2543 sub
1084 2513 1153 2553 lege
1169 2513 1309 2543 humana
1324 2513 1377 2544 ab·

312 2555 425 2592 solute,
450 2556 525 2596 quia
542 2563 588 2587 est
601 2563 689 2587 actus
704 2556 850 2587 interior:
876 2567 941 2587 non
959 2557 1044 2587 enirn
1059 2557 1108 2587 lex
1127 2557 1267 2588 humana
1286 2557 1378 2598 punit

311 2600 512 2640 ignorantem
525 2601 638 2640 legem,
652 2601 677 2630 si
689 2600 768 2631 nihil
783 2607 931 2641 operetur
943 2608 1052 2632 contra
1069 2611 1149 2632 earn.
1159 2619 1178 2624 —
1189 2601 1222 2632 Si
1237 2608 1274 2632 ut
1288 2601 1377 2632 modi

313 2651 396 2680 sunt,
412 2654 476 2685 qua
490 2645 611 2675 ratione
630 2645 719 2675 aliter
739 2644 897 2676 iudicatur
917 2646 956 2675 ad
971 2655 1110 2685 poenam
1130 2646 1180 2676 vel
1195 2646 1235 2676 ad
1252 2645 1377 2676 veniam

312 2699 331 2718 a
346 2689 414 2728 lege
429 2689 568 2719 humana
584 2689 765 2729 ignoranter
783 2689 911 2725 faciens,
927 2690 993 2730 pari
1010 2690 1130 2721 ratione
1149 2690 1232 2720 male
1245 2689 1378 2720 libenter

313 2732 429 2763 faciens
454 2739 484 2764 et
506 2743 573 2763 non
589 2743 626 2764 ex
641 2733 816 2765 intentione
842 2734 1028 2770 deliberata;
1051 2741 1087 2765 ut
1106 2741 1192 2775 patet
1206 2734 1238 2764 in
1253 2735 1322 2775 lege
1338 2734 1377 2765 de

313 2777 490 2808 civitatibus
514 2777 626 2818 refugii
642 2777 669 2808 *-

369 2821 421 2852 IV.
446 2822 497 2851 Ad
515 2822 578 2852 hoc
601 2821 715 2852 dicitur
738 2822 837 2862 quod,
863 2822 938 2863 quia
961 2822 1137 2853 doctrinam
1161 2829 1288 2862 oportet
1310 2832 1377 2853 esse

313 2865 491 2902 formalem,
516 2873 546 2896 et
569 2866 712 2906 quaestio
738 2873 784 2897 est
802 2866 841 2896 de
856 2867 956 2897 modo
972 2866 1106 2903 virtutis,
1130 2876 1235 2897 sermo
1257 2866 1376 2898 litterae

313 2916 358 2940 est
382 2910 420 2940 de
443 2909 510 2940 istis
537 2917 573 2941 ut
600 2917 675 2941 sunt
697 2910 803 2947 modi,
828 2917 859 2941 et
882 2921 946 2941 non
976 2911 1129 2942 absolute.
1154 2911 1195 2942 Et
1223 2910 1377 2951 quoniam

311 2953 373 2993 legi
396 2954 555 2985 humanae
578 2955 713 2986 subsunt
736 2962 823 2985 actus
846 2955 1002 2985 virtutum
1018 2955 1076 2985 sub
1093 2955 1215 2986 ratione
1230 2954 1375 2991 iustitiae,

313 3004 347 3028 ut
364 3008 458 3038 supra
468 2998 485 3017 *
497 2998 618 3029 dictum
634 3006 693 3035 est;
715 3006 746 3030 et
761 2999 800 3029 ad
815 3005 902 3030 actus
918 2999 1054 3030 iustitiae
1070 3009 1135 3029 non
1151 2999 1252 3036 refert,
1268 2999 1375 3040 quoad

313 3042 446 3072 exterius
470 3042 591 3079 forum,
616 3053 680 3084 qua
703 3043 775 3084 quis
798 3043 962 3075 voluntate
985 3050 1040 3074 aut
1067 3043 1242 3075 intentione
1267 3043 1373 3080 faciat,

313 3085 491 3116 dummodo
507 3087 649 3118 debiturn
664 3088 781 3123 reddat,
799 3094 835 3118 ut
850 3094 935 3128 patet
949 3087 982 3118 in
1002 3087 1121 3119 actibus
1136 3087 1272 3118 iustitiae
1288 3097 1374 3118 com-

313 3130 483 3161 mutativae
507 3138 538 3162 et
560 3131 789 3168 distributivae;
815 3131 894 3162 nihil
917 3132 1003 3162 enim
1026 3131 1134 3168 refert,
1158 3132 1265 3173 quoad
1288 3132 1375 3162 iusti-

312 3173 399 3209 tiam,
424 3174 449 3203 si
473 3175 554 3205 mala
578 3175 753 3207 intentione
769 3176 879 3207 reddas
894 3176 973 3206 mihi
988 3176 1126 3207 debitam
1141 3176 1310 3217 pecuniam
1324 3176 1376 3207 vel

1429 1537 1603 1574 honorem,
1627 1544 1658 1567 et
1679 1537 1884 1568 huiusmodi:
1908 1537 1982 1568 ideo
2006 1539 2123 1570 modus
2146 1539 2214 1576 iste,
2238 1541 2355 1572 scilicet
2376 1542 2491 1573 volun-

1429 1581 1506 1613 tarie
1529 1591 1566 1612 ex
1584 1581 1757 1612 intentione
1773 1581 1843 1612 finis
1857 1582 1943 1613 illius
1958 1582 2081 1614 virtutis
2098 1585 2231 1624 operari,
2249 1595 2314 1616 non
2333 1586 2416 1617 cadit
2431 1587 2490 1617 sub

1428 1625 1498 1665 lege
1520 1626 1668 1662 humana,
1693 1636 1774 1666 quae
1798 1633 1885 1657 actus
1909 1637 2022 1657 omnes
2045 1628 2196 1668 praecipit
2218 1629 2419 1663 substattone
2432 1630 2489 1663 de-

1430 1669 1495 1701 biti.
1521 1670 1614 1701 Unde
1636 1671 1685 1700 lex
1707 1670 1847 1700 humana
1870 1681 1937 1701 non
1960 1671 2053 1711 punit
2079 1671 2214 1703 militem
2240 1673 2273 1704 ia
2299 1673 2384 1707 beno
2407 1674 2491 1707 occi-

1430 1714 1558 1745 dentem
1584 1714 1727 1750 hostem,
1753 1714 1778 1744 si
1803 1724 1839 1745 ex
1863 1714 1939 1746 odio
1967 1715 2018 1746 vel
2041 1716 2082 1746 ob
2113 1716 2274 1748 avaritiam
2296 1716 2418 1759 pugnet
2440 1719 2491 1750 vel

1430 1758 1561 1789 occidat.
1585 1759 1626 1789 Et
1648 1738 1749 1788 simile
1772 1765 1819 1789 est
1840 1758 1873 1789 in
1897 1758 1975 1790 aliis.

1485 1803 1524 1833 V.
1549 1803 1599 1833 Ad
1623 1803 1757 1843 primam
1774 1810 1880 1834 autem
1905 1803 2147 1835 obiectionem*
2163 1804 2276 1836 dicitur
2299 1806 2388 1847 quod
2410 1805 2489 1838 velle

1431 1846 1572 1877 occidere
1588 1853 1692 1887 potest
1710 1847 1794 1877 sumi
1818 1847 1995 1888 dupliciter.
2018 1848 2136 1886 Primo,
2154 1855 2190 1880 ut
2208 1856 2256 1881 est
2274 1857 2361 1882 actus
2377 1848 2491 1881 volun-

1430 1890 1500 1922 tatis
1519 1891 1637 1921 habens
1661 1901 1719 1931 pro
1743 1891 1868 1922 obiecto
1893 1892 2086 1923 occisionem
2102 1893 2308 1925 intellectam:
2333 1901 2364 1926 et
2378 1894 2422 1926 sic
2437 1904 2491 1926 su·

1430 1935 1527 1965 mitur
1547 1935 1699 1972 absolute,
1718 1942 1747 1966 et
1762 1946 1828 1966 non
1844 1943 1891 1967 est
1909 1937 1949 1967 ad
1964 1937 2210 1978 propositumn—
2188 1938 2377 1976 -Secundo,
2395 1945 2431 1970 ut
2446 1945 2493 1971 est

1430 1980 1547 2010 modus
1560 1979 1727 2010 occisionis
1742 1980 1873 2011 ulterius
1888 1982 2087 2018 exercendae,
2101 1982 2192 2023 quasi
2207 1983 2382 2014 inchoans*
2373 1991 2491 2034 ipsam:

1431 2030 1462 2054 et
1477 2023 1520 2054 sic
1537 2030 1583 2054 est
1605 2024 1644 2053 ad
1667 2024 1879 2064 propositum.
1904 2025 1946 2056 Et
1965 2025 2099 2057 intendit
2114 2027 2217 2058 littera
2232 2027 2331 2078 quod,
2346 2027 2422 2068 quia
2440 2037 2493 2058 oc-

1431 2067 1508 2098 cisio
1532 2067 1564 2098 in
1589 2068 1641 2098 tali
1664 2068 1774 2105 modo,
1799 2069 1915 2100 scilicet
1937 2070 2113 2101 voluntarie
2133 2077 2163 2102 et
2182 2081 2219 2102 ex
2237 2070 2412 2102 intentione
2431 2071 2492 2103 exi-

1431 2118 1525 2148 stens,
1551 2122 1615 2142 non
1640 2113 1721 2143 cadit
1743 2113 1802 2144 sub
1826 2121 1994 2154 praecepto
2017 2115 2181 2146 homicidii
2202 2115 2395 2166 inquantum
2415 2121 2493 2148 enta

1429 2156 1498 2196 lege
1521 2156 1677 2193 humana,
1702 2167 1899 2198 consequens
1922 2165 1969 2190 est
1991 2160 2080 2199 quod
2103 2160 2221 2190 modus
2244 2160 2302 2191 iste
2321 2169 2388 2191 non
2403 2159 2494 2192 cadat

1430 2201 1489 2231 sub
1513 2201 1580 2240 lege
1603 2201 1752 2232 humana.
1778 2202 1870 2232 Unde
1893 2203 1980 2233 nulla
2003 2210 2049 2234 est
2073 2203 2235 2244 digressio.

1485 2245 1539 2276 Vl.
1563 2245 1613 2275 Ad
1637 2246 1808 2276 secundam
1831 2253 1938 2277 autem
1960 2247 2172 2278 obiectionem
2185 2246 2202 2263 *
2216 2248 2329 2279 dicitur
2346 2248 2528 2289 negando·

1431 2290 1519 2330 quod
1538 2289 1587 2319 lex
1610 2289 1759 2326 humana,
1776 2290 1967 2331 inquantum
1991 2298 2037 2322 est
2056 2292 2205 2329 coactiva,
2229 2291 2317 2323 aliter
2333 2303 2365 2324 se
2381 2292 2494 2324 habeat

1431 2334 1470 2363 ad
1495 2340 1679 2373 operantem
1694 2334 1871 2365 voluntarie
1888 2342 1918 2366 et
1932 2345 1969 2365 ex
1987 2335 2173 2373 intentione,
2190 2342 2221 2367 et
2243 2337 2332 2367 aliter
2351 2337 2392 2367 ad
2414 2346 2492 2378 ope-

1430 2384 1552 2408 rantem
1575 2388 1640 2408 non
1664 2378 1839 2409 voluntarie
1862 2379 1913 2410 vel
1935 2388 2001 2410 non
2020 2390 2057 2410 ex
2071 2379 2257 2412 intentione.
2282 2380 2375 2418 Quia,
2390 2387 2428 2412 ut
2443 2378 2490 2411 di-

1431 2429 1519 2453 ctum
1543 2429 1604 2458 est,
1637 2423 1675 2452 ad
1699 2423 1795 2454 debiti
1822 2423 1979 2454 rationem
2008 2423 2149 2464 respicit,
2173 2425 2214 2455 ad
2237 2425 2325 2465 quod
2348 2434 2415 2456 non
2445 2431 2492 2456 est

1430 2466 1634 2506 impertinens
1658 2467 1790 2498 scienter
1811 2467 1862 2498 vel
1884 2467 2072 2508 ignoranter,
2093 2468 2174 2499 sicut
2189 2469 2327 2500 volendo
2344 2476 2375 2499 et
2389 2469 2492 2500 inten-

1431 2511 1552 2546 dendo,
1578 2518 1613 2541 ut
1636 2511 1828 2542 declaratum
1851 2518 1898 2542 est
1919 2511 1945 2543 *.
1966 2529 1987 2535 -
2003 2512 2170 2544 Instantiae
2186 2519 2293 2544 autem
2316 2523 2398 2553 quae
2419 2512 2492 2544 affe-

1430 2561 1542 2584 runtur
1561 2555 1599 2584 de
1613 2554 1773 2586 homicida
1796 2565 1832 2586 ex
1851 2563 2034 2587 occurrente
2055 2556 2111 2595 ira,
2128 2564 2159 2587 et
2181 2557 2385 2598 operantibus
2403 2563 2492 2588 metu

1429 2599 1480 2629 vel
1507 2599 1622 2635 subito,
1639 2609 1704 2629 non
1728 2607 1802 2631 sunt
1824 2601 1864 2630 ad
1887 2600 2101 2641 propositum.
2126 2601 2210 2639 Quia
2233 2601 2266 2631 in
2290 2601 2338 2632 his
2361 2611 2428 2632 non
2447 2609 2492 2632 at-

1429 2643 1568 2674 tenditur
1592 2643 1762 2674 differentia
1785 2645 1962 2675 secundum
1976 2645 2056 2676 velle
2079 2652 2110 2676 et
2132 2655 2197 2676 non
2220 2645 2310 2682 velle,
2331 2645 2493 2676 intendere

1430 2693 1461 2718 et
1487 2697 1553 2717 non
1583 2687 1759 2719 intendere:
1783 2688 1816 2718 in
1841 2689 1990 2720 omnibus
2018 2690 2104 2720 enim
2131 2690 2267 2720 salvatur
2295 2696 2325 2720 et
2352 2690 2432 2720 velle
2463 2697 2494 2721 et

1429 2731 1600 2762 intendere.
1629 2732 1690 2762 Sed
1718 2732 1890 2764 differentia
1922 2740 1969 2764 est
1991 2733 2023 2764 in
2047 2744 2140 2764 causa
2169 2733 2354 2771 voluntarii,
2379 2734 2429 2765 vel
2458 2734 2491 2766 in

1430 2775 1544 2811 modo,
1569 2776 1618 2806 vel
1649 2776 1756 2817 aliquo
1780 2777 1975 2809 huiusmodi.

1486 2819 1602 2850 V11.1n
1616 2821 1821 2861 responsione
1836 2822 1875 2852 ad
1891 2822 2068 2853 secundum
2079 2822 2112 2853 in
2129 2823 2242 2853 eodem
2259 2822 2401 2860 articulo,
2417 2829 2493 2854 nota

1430 2863 1486 2893 has
1509 2864 1648 2903 regulas,
1673 2865 1789 2905 quibus
1822 2866 1915 2897 toties
1943 2866 1989 2897 uti
2017 2873 2157 2907 oportet:
2182 2866 2299 2898 scilicet
2331 2877 2396 2898 non
2424 2876 2491 2898 esse

1429 2907 1514 2938 idem
1533 2907 1630 2938 finem
1654 2910 1810 2950 praecepti
1827 2917 1857 2940 et
1872 2910 1903 2940 id
1926 2911 1963 2941 de
1979 2921 2045 2951 quo
2062 2918 2266 2951 praeceptum
2285 2911 2392 2948 datur,
2416 2910 2492 2952 quia

1430 2951 1510 2982 illud
1533 2951 1614 2990 finis,
1631 2952 1693 2984 hoc
1716 2954 1755 2984 ad
1779 2954 1889 2991 finem;
1905 2955 1961 2995 qui
1985 2954 2055 2985 finis
2074 2955 2232 3006 praecepti
2253 2965 2318 2986 non
2335 2955 2418 2987 cadit
2432 2956 2491 2986 sub

1430 3003 1598 3037 praecepto
1623 3003 1659 3028 ut
1681 2997 1713 3027 id
1736 2998 1826 3038 quod
1846 2999 2044 3039 praecipitur,
2065 3000 2120 3030 sed
2141 3007 2177 3031 ut
2192 3000 2352 3031 intentum
2369 3010 2388 3030 a
2402 2999 2491 3040 legis-

1429 3040 1538 3071 latore.
1555 3041 1719 3078 Quoniam
1743 3052 1779 3072 ex
1801 3043 1850 3073 his
1870 3043 1966 3074 habes
1986 3044 2180 3075 solutionem
2198 3045 2373 3076 multarum
2395 3053 2492 3085 quae-

1430 3084 1572 3115 stionum
1595 3095 1653 3126 pro
1677 3086 1783 3117 minus
1807 3087 1935 3118 eruditis
1959 3095 1990 3119 et
2013 3087 2105 3119 bonis
2128 3088 2287 3120 mentibus
2308 3087 2491 3126 timentibus

1429 3130 1556 3170 culpam
1579 3130 1634 3160 ubi
1658 3140 1723 3161 non
1747 3137 1802 3162 est.

2540 1083 2648 1111 D-¹·⁰⁴4

2516 1131 2600 1180 'scii
2610 1136 2683 1179 ¹1¹2&
2684 1136 2727 1180 ιῗῐῖ

2516 1817 2528 1828 ·
2542 1815 2580 1838 Cf.
2596 1821 2660 1838 num.
2678 1821 2703 1838 11.

2544 2256 2580 2280 ef.
2594 2263 2658 2279 num.
2674 2262 2710 2279 111.

2518 2521 2527 2531 ·
2541 2520 2612 2543 Num.
2628 2526 2659 2548 tv,
2673 2527 2698 2543 v.

2820 2964 2834 3014 ε.

2816 3003 2833 3108 ὲ

2817 3110 2833 3190 ἱ)

2817 3193 2830 3231 ξ,

2818 3234 2824 3254 6
