2840 4010
34 1551 76 1570 «²¹¹
107 1549 240 1575 :mm-¹,
266 1544 366 1582 Parte,
383 1545 416 1575 in
433 1545 618 1586 quaestione
634 1547 672 1577 de
688 1547 878 1578 Tentatione
895 1547 1011 1578 Christi

23 2179 237 2216 μυκαὶ.

929 175 1192 222 QUAESTIO
1223 178 1380 225 LXXX,
1409 177 1701 215 ARTICULUS
1731 178 1782 215 IV
2385 178 2431 215 85

274 250 464 287 iversarius
482 256 602 287 vester
624 251 793 289 diabolus
812 258 990 301 tanquam
1011 254 1066 290 leo
1087 256 1239 304 rugiens
1258 256 1328 291 cir-

274 303 369 348 cuit,
397 314 581 350 quaerens
608 315 717 352 quem
745 306 916 342 devoret:
943 307 1006 343 cui
1031 308 1183 344 resistite
1203 308 1328 355 sortes

275 355 312 391 in
330 355 423 402 fide.
455 356 607 393 Frustra
635 365 763 395 autem
787 358 868 395 talis
887 359 1096 396 admonitio
1117 360 1278 406 daretur,
1299 359 1329 395 si

273 407 393 444 homo
422 406 487 444 eil3
514 421 559 446 ex
587 410 808 447 necessitate
826 413 1098 448 succumberet.
1129 412 1219 447 Non
1240 423 1327 458 ergo

272 467 400 508 potest
425 461 569 499 homini
598 463 856 500 necessitatem
885 463 1065 500 inducere
1093 463 1140 499 ad
1168 475 1328 511 peccan-

274 512 379 550 dum.

327 566 552 604 RESPONDEO
567 578 749 605 meantum
768 566 874 618 quod
889 567 1062 603 diabolus
1080 566 1234 615 propria
1253 567 1327 603 vir-

273 625 362 665 tute,
392 619 462 655 nisi
490 620 720 657 refraenemr
738 631 761 656 a
778 621 876 666 Deo,
895 626 1020 667 potest
1038 619 1201 668 aliquem
1221 619 1328 656 indu-

274 683 358 707 cere
387 683 432 708 ex
459 673 679 708 necessitate
707 672 756 709 ad
782 671 997 708 faciendum
1017 671 1183 721 aliquem
1203 680 1328 708 actum

273 723 337 771 qui
358 724 404 760 de
424 736 494 760 suo
513 736 651 772 genere
668 732 868 783 peccatum
889 732 944 760 est
958 729 993 760 Y:
1015 736 1092 761 non
1113 733 1240 761 autem
1258 737 1327 774 po-

271 782 343 813 test
361 776 541 813 inducere
568 776 830 813 necessitatem
858 777 1052 825 peccandi.
1083 777 1198 824 Quod
1225 784 1327 826 patet

272 840 318 864 ex
344 829 419 865 hoc
446 829 550 878 quod
577 829 696 865 homo
727 829 874 865 motivo
903 831 951 867 ad
982 830 1219 878 peccandum
1248 842 1326 866 non

270 880 406 917 resistit
423 881 494 918 nisi
512 893 582 929 per
600 881 800 918 rationem:
822 882 927 918 cuius
945 878 1058 918 usum
1078 882 1265 919 totaliter
1257 894 1326 918 im-

269 932 400 982 pedire
423 940 549 992 potest
575 934 771 970 movendo
800 934 1109 982 imaginationem
1130 942 1166 971 et
1184 934 1325 983 appeti-

269 992 350 1021 tum
365 985 601 1032 sensitivum‚
618 986 712 1023 sicut
727 987 765 1023 in
781 987 977 1036 arreptitiis
991 995 1104 1036 patet.
1127 987 1204 1023 Sed
1224 994 1325 1034 tunc,

269 1037 413 1075 ratione
441 1037 495 1074 sic
521 1038 644 1086 ligata,
673 1039 858 1088 quidquid
886 1041 1005 1076 homo
1034 1047 1129 1087 agat,
1150 1051 1228 1075 non
1256 1039 1325 1075 irn-

267 1097 420 1138 putatur
448 1090 481 1127 ei
509 1091 558 1128 ad
585 1099 796 1140 peccatum.
827 1093 904 1130 Sed
932 1092 962 1129 si
990 1092 1084 1129 ratio
1108 1104 1187 1128 non
1206 1091 1252 1128 sit
1270 1100 1325 1128 to-

267 1141 388 1180 taliter
410 1142 532 1191 ligata,
555 1156 599 1180 ex
620 1157 665 1181 ea
687 1153 792 1193 parte
812 1158 887 1192 qua
907 1153 962 1182 est
980 1145 1108 1191 libera,
1127 1151 1252 1192 potest
1270 1157 1326 1180 re-

240 1260 414 1331 ᾑῄῗῖ.
431 1263 610 1331 —qnmkfefltzn
630 1299 675 1332 sB)
694 1300 808 1332 aliquem
827 1304 915 1326 actum
929 1301 1033 1333 peceati
1051 1300 1147 1325 addunt
1158 1300 1325 1332 ABCGLpH.

1383 255 1510 292 sistere
1536 256 1739 305 peccato*,
1760 255 1854 293 sicut
1881 255 2048 305 supra’ff*
2067 256 2207 293 dictum
2229 263 2293 293 est.
2322 256 2468 293 Unde·
2484 266 2511 287 D
2526 266 2573 294 981-

2460 292 2670 320 'Qu-LXXV1¹‚8H.

1383 308 1624 346 manifestum
1651 316 1706 346 est
1733 309 1836 357 quod
1857 309 2030 346 diabolus
2049 310 2152 346 nullo
2172 309 2290 345 modo
2310 316 2480 358 potest7-

1383 361 1641 398 necessitatem
1671 361 1848 398 inducere
1875 362 2019 398 homini
2049 362 2096 399 ad
2123 361 2373 410 peccandum.

1434 415 1492 449 Ao
1521 425 1656 451 PRiMUM
1679 426 1776 451 ERGO
1795 426 1976 452 DICENDUM
2005 414 2109 462 quod
2138 426 2215 450 non
2244 414 2432 463 quaelibet

1381 472 1547 511 potestas
1574 466 1696 502 maior
1722 467 1895 514 homine,
1923 475 2048 515 potest
2075 479 2233 504 movere
2259 468 2431 504 volunta-

1382 523 1459 552 tem
1487 518 1672 554 hominis:
1701 519 1768 555 sed
1796 520 1897 557 solus
1917 521 2021 556 Deus
2039 520 2071 563 *,
2099 527 2141 556 ut
2167 532 2280 568 supra
2299 519 2339 541 *θ’
2366 520 2467 557 ha-:

1382 568 1501 604 bitum
1530 577 1595 605 est.

1434 623 1493 657 AD
1522 633 1709 659 SECUNDUM
1731 634 1912 661 nicENDUM
1937 626 2042 673 quod
2061 625 2149 662 illud
2169 624 2273 673 quod
2291 632 2348 661 est
2366 637 2431 673 ap-

1381 673 1611 721 prehensum
1638 687 1707 722 per
1735 687 1887 712 sensum
1915 678 1976 713 vel
2005 677 2323 736 imaginationem,
2352 690 2430 714 non

1383 737 1426 761 ex
1447 726 1666 762 necessitate
1691 735 1821 763 movet
1838 730 2084 776 voluntatem,
2105 730 2134 766 si
2154 730 2272 767 homo
2292 730 2430 767 habeat

1380 790 1491 813 usum
1516 778 1679 815 rationis.
1708 779 1790 815 Nec
1818 793 1966 829 semper
1984 781 2201 818 huiusmodi
2220 783 2429 831 apprehen-

1381 829 1436 866 sio
1465 830 1551 877 ligat
1578 831 1775 868 rationem.

1432 884 1490 919 An
1509 894 1668 920 TERTmM
1690 895 1870 921 manDUM
1900 885 2002 932 quod
2032 886 2331 945 concupiscentia
2351 899 2428 924 car-

1380 934 1437 971 nis
1467 943 1595 971 contra
1623 935 1805 984 spiritum,
1829 938 1980 985 quando
2002 938 2092 974 ratio
2114 938 2146 974 ei
2166 939 2354 975 actualiter
2374 951 2429 975 re-

1380 987 1482 1034 sistit,
1512 1000 1589 1024 non
1619 995 1674 1024 est
1701 997 1898 1036 peccatum
1917 989 1947 1036 ³³⁶,
1977 991 2043 1026 sed
2071 991 2226 1027 materia
2255 1003 2428 1028 exercen-
2454 1000 2463 1009 ·

1381 1040 1450 1076 dae
1478 1040 1635 1077 virtutis.
1671 1041 1787 1087 Quod
1820 1050 1947 1078 autern
1976 1043 2068 1078 ratio
2099 1043 2131 1078 ei
2159 1055 2236 1079 non
2265 1044 2426 1090 resistat,

1380 1105 1457 1128 non
1478 1093 1589 1129 estin
1619 1101 1801 1141 potestate
1831 1094 1981 1131 diaboli.
2012 1096 2059 1131 Et
2087 1095 2173 1132 ideo
2203 1108 2279 1132 non
2307 1103 2429 1144 potest

1380 1145 1558 1182 inducere
1586 1146 1845 1183 necessitatem
1874 1147 2017 1195 peccati
2035 1146 2059 1183 δ.

1430 1265 1455 1298 δ)
1475 1266 1653 1296 necessitatem
1671 1267 1784 1298 peccati.
1801 1281 1820 1286 —
1837 1267 1863 1291 in
1883 1267 1986 1292 homine
2004 1267 2183 1292 necessitatem
2198 1268 2329 1299 peccandi
2346 1268 2382 1297 K,
2402 1268 2428 1293 in

1377 1301 1492 1333 (homine
1510 1302 1578 1326 addit
1597 1302 1642 1334 sB)
1662 1303 1840 1327 necessitatem
1855 1302 1960 1333 peccati
1976 1302 2156 1326 ABCDGHIL.

943 1379 1270 1413 Commentaria
1293 1379 1539 1413 Cardinalis
1561 1381 1757 1414 Caietam

270 1467 318 1529 Iu
341 1457 472 1488 articulo
495 1458 597 1494 tertio,
622 1458 654 1488 in
678 1459 883 1499 responsione
907 1460 947 1490 ad
969 1460 1104 1496 tertium,
1122 1459 1256 1489 dubium
1272 1469 1323 1490 oc-

297 1501 411 1532 currit:
434 1511 511 1531 nam
533 1502 609 1533 haec
638 1502 779 1533 doctrina
802 1510 982 1534 retractatur
1008 1503 1138 1534 inferius
1160 1503 1193 1533 in
1216 1503 1323 1533 Tertia

1025 1547 1059 1584 *‚·
1076 1547 1131 1577 ubi
1145 1557 1182 1577 ex
1199 1547 1324 1578 istamet

266 1588 450 1620 auctoritate
472 1590 642 1629 Augustini
665 1594 786 1621 Auctor
815 1591 889 1622 dicit
917 1591 1006 1632 quod
1033 1601 1095 1622 non
1115 1587 1227 1631 ¹potest
1258 1601 1325 1622 esse

266 1632 384 1673 absque
399 1639 533 1673 peccato
555 1635 686 1665 tentatio
709 1645 729 1665 a
753 1643 871 1666 carne:
893 1645 959 1665 non
983 1635 1069 1665 enim
1089 1634 1324 1675 compatiuntur

267 1686 300 1708 se
324 1676 407 1707 dicta
428 1677 480 1708 hic
503 1684 534 1708 et
556 1677 608 1709 ibi.
637 1679 720 1708 Nam
748 1678 791 1708 ibi
819 1679 932 1710 dicitur
954 1679 1043 1720 quod
1071 1678 1324 1719 concupiscentia

267 1720 368 1752 carnis
391 1720 539 1751 adversus
563 1722 708 1761 spiritum
731 1732 796 1752 non
820 1729 925 1762 potest
948 1732 1014 1753 esse
1037 1723 1155 1763 absque
1177 1730 1323 1762 peccato:

266 1764 318 1795 hic
340 1764 454 1795 dicitur
476 1766 565 1806 quod
584 1776 645 1796 non
663 1771 710 1797 est
718 1772 899 1806 peccatum,
915 1767 1042 1807 quando
1058 1767 1088 1796 ei
1109 1767 1193 1797 ratio
1215 1772 1323 1797 actua-

267 1808 342 1840 liter
363 1810 500 1846 resistit,·
522 1819 588 1840 non
611 1819 736 1850 semper
759 1820 832 1850 ergo
857 1818 903 1840 est
924 1817 1099 1851 peccatum.

321 1851 359 1883 11.
369 1852 421 1883 Ad
435 1852 497 1884 hoc
511 1853 624 1884 dicitur
635 1855 723 1894 quod
735 1854 794 1884 ista
806 1864 871 1884 non
887 1853 1114 1885 contrariantur
1125 1854 1165 1884 ad
1177 1854 1322 1885 invicem.

266 1895 314 1927 Ibi
335 1905 475 1937 namque
497 1897 611 1928 dicitur
632 1898 721 1938 quod
745 1908 868 1938 semper
891 1905 937 1929 est
959 1904 1133 1938 peccatum,
1158 1908 1233 1928 cum
1252 1908 1324 1928 caro

265 1940 460 1980 concupiscit
482 1941 630 1972 adversus
654 1942 816 1981 spiritum:
841 1942 929 1982 quod
948 1941 991 1972 ibi
1010 1941 1243 1974 discutiendum
1266 1947 1324 1980 est,

265 1983 408 2015 Domino
424 1985 624 2016 concedente.
649 1986 710 2016 Hic
726 1993 833 2017 autem
849 1986 928 2016 nihil
947 1992 1055 2016 contra
1071 1985 1187 2016 dictam
1202 1985 1325 2016 univer-

265 2026 364 2058 salem
387 2027 510 2059 dicitur.
540 2029 615 2060 Non
638 2029 724 2059 enim
747 2029 860 2061 dicitur
883 2029 971 2070 quod
993 2029 1165 2070 aliquando
1187 2039 1255 2060 non
1278 2036 1324 2060 est

259 2077 447 2111 peccatum:
471 2072 525 2102 sed
544 2072 658 2104 dicitur
680 2074 768 2114 quod
791 2074 920 2114 quando
937 2073 964 2103 ei
980 2073 1059 2104 ratio
1074 2073 1236 2104 actualiter
1252 2073 1324 2104 resi-

264 2115 326 2151 stit,
350 2125 417 2146 non
433 2123 479 2146 est
493 2123 670 2156 peccatum.
691 2117 788 2154 Quod
812 2117 890 2147 nihil
910 2123 1066 2158 repugnat
1086 2116 1150 2147 illi:
1169 2116 1324 2157 quoniam

265 2165 372 2190 utrum
400 2160 461 2190 tale
490 2161 684 2201 quandoque
713 2161 904 2197 inveniatur,
934 2171 999 2191 non
1029 2160 1209 2192 affirmatur.
1240 2161 1323 2191 Nam

264 2212 331 2234 non
354 2203 499 2234 asseritur
513 2204 602 2245 quod
621 2204 855 2245 concupiscenti
871 2204 953 2235 carni
970 2205 1118 2235 adversus
1137 2204 1284 2245 spiritum
1295 2205 1321 2241 *,

1378 1460 1547 1500 aliquando
1562 1460 1640 1491 ratio
1657 1461 1792 1491 totaliter
1806 1461 1927 1496 resistit,
1943 1461 2004 1491 hoc
2017 1461 2100 1490 enim
2116 1461 2160 1491 illi
2176 1461 2340 1491 universali
2354 1472 2427 1492 con-

1378 1504 1550 1534 tradiceret:
1575 1505 1630 1534 sed
1651 1504 1796 1534 asseritur
1816 1505 1904 1544 quod
1923 1505 2051 1545 quando
2067 1505 2145 1535 ratio
2161 1505 2281 1541 resistit,
2301 1515 2365 1536 non
2382 1513 2428 1536 est

1377 1554 1556 1587 peccatum;
1581 1548 1669 1588 quod
1700 1548 1875 1588 aequivalet
1898 1548 2118 1584 conditionali,
2143 1548 2176 1579 Si
2199 1549 2276 1579 ratio
2299 1549 2426 1586 resistit,

1377 1601 1440 1621 non
1457 1598 1503 1621 est
1518 1599 1692 1631 peccatum.
1716 1592 1757 1622 Et
1779 1591 1912 1622 intendit
1926 1595 2046 1622 Auctor
2064 1592 2114 1622 hic
2130 1592 2236 1622 solum
2255 1592 2427 1623 satisfacere

1376 1642 1561 1674 argumento
1577 1645 1635 1676 pro
1652 1635 1806 1675 praesenti
1823 1636 1960 1671 materia,
1977 1646 2039 1676 qua
2058 1642 2204 1666 tractatur
2222 1637 2261 1666 de
2275 1643 2427 1676 potestate

1376 1679 1510 1715 diab01i;
1535 1686 1565 1710 et
1588 1679 1688 1709 dicere
1712 1679 1809 1719 quod,
1831 1679 2071 1719 concupiscente
2090 1689 2180 1710 carne
2199 1680 2345 1710 adversus
2364 1681 2427 1720 spi-

1375 1723 1484 1758 ritum,
1509 1733 1574 1753 non
1598 1722 1758 1762 consurgit
1786 1730 1951 1762 peccatum
1974 1733 2008 1753 ex
2033 1723 2300 1763 concupiscentia,
2329 1734 2427 1764 quam

1375 1773 1478 1806 potest
1501 1767 1600 1797 facere
1620 1766 1775 1802 diabolus,
1793 1768 1846 1796 sed
1863 1777 1899 1797 ex
1915 1777 1980 1796 non
1995 1767 2167 1798 resistentia
2189 1767 2326 1804 rationis,
2344 1778 2424 1808 quae

1375 1821 1439 1840 non
1464 1811 1601 1841 subiacet
1624 1810 1770 1850 potestati
1794 1811 1971 1847 daemonis;
1996 1811 2071 1851 quia
2089 1811 2342 1850 concupiscentia
2356 1811 2423 1847 ista,

1374 1854 1399 1884 si
1416 1854 1494 1884 ratio
1511 1854 1538 1884 ei
1553 1854 1674 1890 resistit,
1692 1864 1758 1884 non
1774 1861 1819 1885 est
1834 1861 2008 1894 peccatum,
2025 1855 2079 1884 sed
2094 1855 2222 1885 materia
2241 1855 2426 1885 exercendae

1374 1898 1505 1928 virtutis.
1526 1898 1566 1928 Et
1581 1898 1642 1928 hoc
1658 1905 1705 1928 sat
1720 1905 1766 1928 est
1783 1905 1986 1937 argumento:
2011 1898 2094 1939 quia,
2112 1899 2184 1929 dato
2201 1899 2289 1939 quod
2304 1908 2428 1938 semper

1374 1941 1414 1972 sit
1436 1949 1610 1982 peccatum,
1635 1949 1671 1972 ut
1692 1942 1890 1981 Augustinus
1913 1942 1997 1978 dicit,
2022 1952 2088 1972 non
2104 1949 2208 1972 tamen
2224 1942 2264 1972 ad
2277 1942 2356 1972 illud
2371 1953 2426 1973 ne·

1374 1985 1496 2016 cessitat
1514 1986 1661 2022 daemon,
1681 1985 1737 2026 qui
1760 1986 1799 2015 ad
1822 1996 1888 2016 non
1911 1986 2116 2016 resistentiam
2140 1985 2268 2016 rationis
2292 1986 2425 2016 necessi-

1374 2036 1439 2060 tare
1461 2029 1580 2070 nequit.
1603 2029 1719 2060 Utrum
1742 2036 1847 2060 autern
1866 2029 2014 2069 possibile
2038 2029 2077 2060 sit
2099 2030 2251 2060 rationem
2277 2030 2426 2069 concupi-

1375 2073 1471 2103 scenti
1494 2073 1654 2104 actualiter
1673 2072 1757 2103 carni
1776 2073 1912 2104 totaliter
1926 2073 2075 2109 resistere,
2092 2073 2301 2104 indiscussum
2321 2073 2425 2104 dimit-

1374 2117 1450 2148 titur
1474 2123 1509 2147 ut
1530 2117 1745 2156 impertinens.

1429 2161 1476 2191 De
1488 2167 1600 2201 quarto
1613 2160 1744 2191 articulo
1761 2160 1902 2191 eiusdem
1913 2160 2123 2200 octogesimae
2135 2160 2336 2201 quaestionis,
2349 2160 2427 2190 nihil

1376 2204 1510 2235 occurrit
1532 2204 1741 2234 scribendum.

1039 2366 1355 2409 ARTICULUS
1385 2366 1654 2418 QUARTUS

647 2460 802 2490 UTRUM
825 2459 964 2490 OMNIA
987 2459 1189 2490 PEccATA
1212 2459 1419 2490 HOMINUM
1443 2459 1539 2489 SINT
1562 2459 1619 2489 Ex
1642 2457 1939 2489 SUGGEsrioNE
1962 2451 2134 2489 DlAssom

960 2538 1028 2562 Part.
1047 2538 1070 2567 1,
1089 2545 1132 2570 qu.
1151 2545 1218 2568 cx1v,
1237 2542 1284 2562 art.
1305 2537 1332 2568 3;
1353 2538 1394 2562 De
1412 2537 1494 2567 Malo,
1515 2545 1560 2569 qu.
1580 2544 1622 2568 111,
1641 2541 1687 2561 art.
1708 2536 1731 2561 5.

303 2642 356 2683 24
357 2646 362 2658 x
406 2658 417 2668 s
479 2638 502 2662 ι)
522 2637 693 2668 QUARTUM
713 2637 765 2662 s1c
786 2637 1022 2663 pnocamrun.
1043 2625 1201 2663 Videtur
1216 2626 1320 2674 quod

298 2663 457 2737 21⁷²*
481 2678 610 2715 omnia
636 2686 791 2726 peccata
814 2678 1015 2715 hominum
1035 2678 1107 2715 sint
1127 2691 1172 2715 ex
1191 2691 1322 2727 sugge-

287 2723 332 2778 ’Δι’
350 2749 407 2775 v,
420 2719 451 2774 ’ἑ
466 2730 600 2767 stione
629 2731 780 2768 diaboli.
809 2731 908 2768 Dicit
928 2731 1028 2768 enim
1048 2731 1265 2779 Dionysius,
1287 2743 1322 2768 1v

232 2807 239 2814 ·
326 2754 449 2815 <³⁴¹5
440 2779 562 2831 cap
592 2783 637 2819 de
668 2784 754 2820 Div.
780 2784 896 2820 Nom.
917 2783 957 2830 ²¹²,
992 2784 1095 2832 quod
1127 2784 1321 2821 multitudo

266 2837 492 2874 daemonum
518 2847 633 2872 causa
661 2841 714 2872 est
737 2836 904 2873 omnium
929 2837 1116 2874 malorum
1137 2843 1172 2874 et
1193 2838 1265 2874 sibi
1289 2843 1324 2874 et

265 2889 360 2926 aliis.

322 2954 358 2979 2.
378 2942 609 2987 PRAETEREA,
629 2941 862 2990 quicumque
880 2949 1012 2990 peccat
1035 2942 1252 2989 mortaliter,
1272 2943 1323 2979 ef-

268 2994 394 3031 ficitur
411 3005 544 3030 servus
572 2993 729 3039 diaboli;
753 2995 970 3032 secundum
988 2995 1079 3032 illud
1099 2995 1322 3034 Ioan.vm.*:

273 3047 347 3090 Qui
359 3046 463 3095 facit
478 3051 689 3094 peccatum,
707 3059 838 3084 servus
856 3053 910 3084 est
919 3048 1076 3095 peccati.
1108 3048 1185 3084 Sed
1204 3048 1240 3084 ei
1255 3048 1322 3084 ali-

268 3100 350 3148 quis
378 3100 415 3135 in
443 3099 655 3136 servitutem
679 3099 874 3146 addicitur,
894 3112 918 3136 a
937 3112 1010 3158 quo
1037 3106 1232 3148 superatus
1259 3106 1322 3147 est,

268 3160 308 3189 ut
329 3152 463 3190 dicitur
482 3153 514 3187 II
534 3152 634 3188 Petr.
655 3163 678 3188 11
699 3152 730 3188 *.
761 3153 862 3199 Ergo
882 3152 1114 3201 quicumque
1134 3153 1219 3189 facit
1236 3165 1323 3201 pec-

269 3213 409 3250 catum,
439 3211 637 3252 superatus
666 3211 722 3241 est
749 3217 772 3240 a
800 3204 964 3241 diabolo.

323 3259 358 3296 3.
379 3258 611 3303 ΡΒΑΕΤΕΒΕΑ,
632 3257 838 3305 Gregorius
857 3256 978 3294 dicit*
997 3257 1102 3305 quod
1123 3235 1323 3305 peccatum

269 3310 411 3348 diaboli
441 3317 495 3347 est
520 3309 774 3358 irreparabile,
804 3309 893 3358 quia
917 3308 1050 3345 cecidit
1066 3310 1173 3346 nullo
1193 3321 1324 3357 sugge-

269 3371 386 3401 rente.
417 3363 456 3400 Si
485 3362 595 3410 igitur
623 3362 738 3410 aliqui
765 3362 940 3398 homines
968 3369 1170 3410 peccarent
1195 3374 1265 3410 per
1283 3362 1323 3398 li-

268 3417 404 3454 berum
425 3415 632 3462 arbitrium,
653 3416 757 3452 nullo
782 3421 1016 3462 suggerente,
1038 3426 1171 3451 eorum
1192 3426 1324 3462 pecca-

267 3477 348 3506 tum
367 3477 465 3506 esset
493 3468 788 3505 irremediabile:
818 3467 922 3515 quod
949 3474 1050 3515 patet
1074 3479 1155 3503 esse
1176 3467 1322 3503 falsum.

1374 2626 1474 2673 Ergo
1513 2624 1643 2661 omnia
1676 2632 1831 2673 peccata
1864 2625 2031 2660 humana
2058 2636 2080 2660 a
2108 2624 2260 2661 diabolo
2288 2635 2418 2671 sugge-

1374 2685 1514 2715 runtur.

1429 2731 1503 2767 SED
1523 2741 1667 2766 CONTRA
1686 2741 1751 2766 EsT
1770 2729 1875 2778 quod
1895 2729 2028 2765 dicitur
2050 2729 2087 2765 in
2106 2729 2200 2765 libro
2227 2729 2272 2765 de
2297 2728 2423 2764 Eccle-

1374 2783 1528 2820 siasticis
1542 2782 1793 2831 Dogmatibus
1806 2781 1842 2818 *ε
1856 2782 1947 2819 Νοη
1963 2793 2090 2818 omnes
2104 2781 2342 2830 cogitationes
2359 2792 2424 2816 no·
2449 2794 2458 2802 ·

1374 2842 1473 2873 strae
1501 2835 1624 2872 malae
1651 2847 1675 2871 a
1703 2834 1850 2871 diabolo
1882 2835 2110 2880 excitantur,
2139 2834 2204 2870 sed
2233 2833 2424 2881 aliquoties

1375 2901 1425 2925 ex
1452 2888 1568 2924 nostri
1594 2887 1743 2924 arbitrii
1767 2893 1869 2923 motu
1897 2892 2103 2936 emergunt.

1429 2942 1651 2977 RESPONDEO
1685 2951 1866 2976 DtCENDuM
1900 2939 2004 2988 quod
2037 2937 2316 2975 occasionaliter
2343 2937 2424 2985 qui-

1377 2994 1464 3031 dem
1485 3001 1521 3029 et
1540 2992 1717 3029 indirecte
1744 2992 1915 3029 diabolus
1940 3000 1994 3028 est
2013 3003 2126 3027 causa
2146 2989 2317 3027 omnium
2337 3002 2424 3038 pec-

1376 3054 1547 3083 catorum
1575 3053 1808 3091 nostrorum,
1837 3045 2059 3092 inquantum
2087 3043 2231 3080 induxit
2256 3042 2424 3091 primum

1375 3099 1571 3135 hominem
1601 3098 1650 3134 ad
1676 3097 1935 3145 peccandum,
1965 3108 2010 3132 ex
2045 3095 2150 3132 cuius
2185 3102 2342 3143 peccato
2371 3095 2425 3132 in-

1375 3159 1520 3188 tantum
1548 3150 1675 3187 vitiata
1704 3157 1758 3185 est
1784 3150 1951 3186 humana
1979 3156 2122 3195 natura,
2151 3156 2192 3184 ut
2219 3159 2355 3184 omnes
2378 3148 2424 3184 si-

1376 3216 1462 3241 mus
1477 3203 1525 3240 ad
1540 3201 1777 3251 peccandum
1795 3201 2003 3249 proclives:
2024 3201 2118 3237 sicut
2138 3200 2324 3237 diceretur
2343 3212 2424 3237 esse

1376 3269 1489 3292 causa
1517 3253 1788 3291 combustionis
1816 3253 2002 3302 lignorum
2031 3253 2095 3301 qui
2122 3252 2220 3300 ligna
2249 3253 2423 3300 siccaret,

1376 3321 1421 3345 ex
1449 3320 1526 3356 quo
1546 3314 1764 3355 sequeretur
1782 3306 1887 3354 quod
1905 3306 2011 3342 facile
2031 3305 2330 3343 incenderentur.
2359 3306 2424 3342 Di-

1376 3368 1474 3397 recte
1503 3366 1630 3396 autem
1659 3371 1737 3395 non
1766 3366 1820 3395 est
1848 3370 1960 3395 causa
1989 3358 2160 3395 omnium
2182 3366 2424 3407 peccatorum

1376 3414 1644 3458 humanorum,
1661 3411 1711 3448 ita
1726 3412 1830 3459 quod
1849 3411 1993 3459 singula
2011 3418 2166 3460 peccata
2185 3411 2423 3470 persuadeat.

2481 521 2510 542 D
2524 526 2567 549 1²3-

2469 547 2536 574 '.Qu
2548 553 2579 575 ix
2589 551 2631 570 art.
2642 548 2664 570 6.

2473 2792 2531 2820 cap.
2547 2799 2609 2820 mx,
2628 2793 2659 2814 al.

2449 2825 2538 2840 Lxxxn.

1377 3465 1491 3511 Quod
1524 3464 1697 3512 Origines
1725 3464 1861 3513 probat
1883 3464 1903 3484 *
1937 3475 1981 3500 ex
2014 3465 2108 3511 hoc,
2139 3463 2227 3512 quia
2256 3463 2367 3501 etiam
2396 3463 2427 3500 si
2452 3454 2538 3502 „J‘fi'i
2546 3453 2664 3507 ,AY-3⁰2¹:
