2840 4010
131 390 139 397 '
151 388 198 415 Qu.
208 392 311 412 ιιινιιι,ιι

130 420 155 440 ες
171 417 211 435 art.
227 420 249 440 4,
266 412 293 434 ad
308 418 328 440 3

132 489 141 498 ·
156 487 223 509 Vers.
239 493 258 514 5.

139 2314 149 2324 ⁸
156 2313 183 2334 C.
193 2313 251 2334 Sunt

137 2339 190 2361 dist.
200 2345 234 2366 111,

137 2366 179 2387 nit.

139 2790 147 2797 ·
164 2788 230 2810 Vers.
244 2794 263 2816 5.

138 2946 146 2954 '
162 2945 211 2966 Art.
227 2951 243 2966 ι.

277 2314 348 2341 lures,

266 2347 279 2361 e
288 2340 347 2362 Poe-

367 191 442 236 334
1054 185 1319 231 QUAESTIO
1350 184 1490 229 CXIII,
1519 182 1814 219 ARTICULUS
1843 183 1877 218 V

368 270 426 306 nis
456 281 584 305 causa:
610 268 709 304 unde
739 267 819 303 talis
849 265 1010 313 cognitio
1040 276 1118 300 non
1142 262 1279 300 sufficit
1303 262 1350 299 ad
1370 262 1424 298 iu·
1478 262 1644 310 impium,
1667 261 1899 309 reputabitur
1911 260 2013 308 fides
2032 261 2110 297 eius
2129 262 2180 297 ad
2204 261 2392 307 iustitiam,
2412 272 2540 297 secun-

369 322 646 359 stificationem.
676 322 832 357 Donum
862 326 989 354 autern
1019 316 1224 365 sapientiae
1244 327 1424 363 praesup-
1477 315 1566 351 dum
1580 314 1816 363 propositum
1835 313 1993 372 'gratiae
2020 313 2104 349 Dei.
2135 313 2193 349 Ex
2217 325 2294 362 quo
2313 321 2417 362 patet
2436 312 2542 361 quod

336 375 475 424 ponit
496 373 750 421 cognitionem
779 371 881 417 fidei,
911 378 951 406 ut
971 382 1016 405 ex
1035 367 1291 417 supradictis*
1308 375 1422 415 patet.
1477 367 1516 404 in
1539 366 1803 404 iustificatione
1834 365 1940 414 impii
1970 365 2168 414 requiritur
2187 373 2293 402 actus
2310 366 2402 403 fidei
2421 378 2540 425 quan-

423 429 481 464 Αι)
509 437 667 463 TERTIUM
686 435 869 461 mOENDUM
889 422 1006 470 quod,
1028 422 1123 458 sicut
1141 421 1349 480 Apostolus
1370 420 1424 457 di·
1478 428 1558 457 tum
1583 420 1632 457 ad
1661 421 1747 467 hoc,
1769 419 1874 468 quod
1901 419 2021 456 homo
2043 417 2171 455 credat
2189 419 2319 455 Deum
2339 430 2420 455 esse
2440 418 2541 456 iusti-

371 480 433 527 cit,
463 480 514 516 ad
539 480 650 515 Rom.
672 489 707 513 ιν
725 476 762 523 *,
793 476 957 512 credenti
983 475 1018 510 in
1049 486 1134 510 eum
1163 474 1228 522 qui
1254 473 1428 521 iustificat
1478 473 1676 510 ficatorem
1705 471 1907 510 hominum
1936 483 2004 521 per
2031 470 2254 519 mysterium
2287 470 2435 508 Christi.

1040 577 1370 610 Commentario.
1392 576 1643 609 cardinalis
1664 577 1865 609 Caietam

373 682 446 742 IN
443 674 573 705 articulo
598 680 710 724 quarto
732 673 873 703 eiusdem
892 671 1095 712 quaestionis,
1115 671 1148 701 in
1169 669 1376 711 responsione
1391 670 1431 700 ad
1485 676 1558 696 rere
1581 668 1708 696 animae
1724 671 1809 704 tuae,
1820 667 1956 707 placens
1970 667 2040 697 Deo
2054 665 2080 696 *.
2098 664 2364 705 Comprehendor
2385 663 2469 695 enim
2484 673 2544 705 ego

401 718 549 768 primum,
575 717 663 753 scito,
684 716 811 753 novitie,
831 716 919 757 quod
935 714 1165 746 misericordiae
1186 720 1273 744 actus
1289 713 1429 745 simulta—
1485 711 1543 741 sub
1568 709 1735 741 dilectione
1749 710 1896 750 proximi,
1910 711 1965 752 qui
1979 717 2090 742 teneor
2106 709 2234 749 diligere
2258 708 2442 750 proximum
2465 708 2546 740 sicut

370 771 447 792 neus
463 762 495 792 in
510 761 731 792 iustificatione
750 760 840 801 impii
856 760 888 790 in
904 760 1005 790 littera
1022 759 1146 800 positus
1164 765 1260 799 prout
1275 757 1431 788 clauditur
1485 755 1654 795 meipsum.

369 806 402 835 in
426 805 592 836 dilectione
617 805 762 845 proximi,
781 811 826 835 est
848 804 900 835 ille
925 804 963 834 de
983 813 1048 844 quo
1073 803 1226 843 scripturn
1250 808 1307 832 est:
1332 802 1430 832 Mise-

1156 972 1473 1015 ARTICULUS
1504 969 1757 1024 QUINTUS

481 1079 636 1110 UTRUM
661 1078 718 1109 AD
744 1076 1126 1109 IUSTIFICATIONEM
1150 1075 1251 1107 1MP11
1276 1075 1561 1113 REQUIRATUR
1583 1072 1732 1105 Morus
1757 1071 1895 1103 LIBERI
1919 1070 2107 1102 ARBITRH
2131 1070 2175 1102 ιΝ
2197 1071 2436 1104 PECCATUM

698 1165 765 1189 Part.
785 1164 825 1195 111,
845 1171 890 1196 qu.
909 1171 1007 1194 Lxxxvx,
1027 1168 1073 1188 art.
1094 1170 1122 1194 23
1141 1163 1175 1187 IV
1195 1162 1277 1191 Sent„
1298 1162 1355 1186 dist.
1373 1169 1434 1191 xvn,
1453 1169 1506 1194 qu..
1520 1168 1542 1191 1,
1562 1166 1608 1186 art.
1630 1160 1653 1191 3,
1673 1160 1721 1192 qu¹³
1740 1167 1771 1191 45
1791 1158 1822 1183 111
1845 1159 1921 1184 Cont.
1943 1159 2030 1188 Germ,
2051 1165 2107 1191 cap.
2126 1164 2217 1189 οινιιις

1238 1197 1280 1222 De
1303 1196 1393 1227 Verit„
1413 1204 1458 1229 qu.
1475 1204 1562 1228 xxvm,
1582 1201 1626 1221 art.
1648 1195 1671 1220 5.

412 1313 470 1355 [ιρι
496 1318 538 1342 μ»-
587 1309 609 1334 D
634 1308 795 1339 Quinum
819 1307 872 1332 sm
894 1306 1132 1332 PROCEDlTUR.
1153 1293 1313 1330 Videtur
1328 1293 1433 1341 quod
1487 1301 1626 1330 motus.
1657 1291 1902 1329 Manifestum
1925 1298 1982 1328 est
2001 1298 2129 1328 autem
2149 1289 2188 1327 in
2207 1297 2316 1327 motu
2334 1289 2445 1328 locali
2465 1302 2547 1328 cor-

405 1375 413 1395 x
417 1346 451 1369 ··“
502 1340 568 1398 ’ῗῆ
586 1350 635 1387 ad
663 1348 968 1386 iustificationem
993 1347 1098 1406 impii
1122 1359 1201 1383 non
1225 1346 1435 1395 requiratur
1486 1358 1623 1395 porum
1653 1345 1756 1393 quod
1785 1356 1925 1393 corpus
1953 1351 2102 1380 motum
2131 1342 2273 1380 recedit
2295 1355 2319 1381 a
2342 1343 2508 1381 termino
2523 1355 2548 1380 a

392 1383 448 1452 ’,
449 1419 515 1460 „73
535 1399 713 1445 (motus
741 1401 847 1438 liberi
867 1400 1007 1438 arbitrii
1034 1400 1072 1436 in
1099 1407 1312 1448 peccatum.
1344 1399 1433 1436 Sola
1487 1411 1564 1448 quo
1591 1397 1617 1445 β,
1647 1406 1683 1434 et
1711 1397 1855 1434 accedit
1883 1397 1931 1434 ad
1964 1396 2168 1434 terminum
2197 1396 2246 1433 ad
2274 1408 2403 1445 quem.
2433 1396 2546 1434 Unde

449 1448 558 1487 ’ἕῖἷῖ
546 1447 689 1493 &enirn
719 1454 851 1492 caritas
875 1453 1013 1491 suffieit
1032 1453 1079 1490 ad
1101 1452 1329 1490 deletionem
1348 1464 1435 1500 pec·
1487 1459 1636 1500 oportet
1655 1451 1760 1499 quod
1784 1462 1894 1487 mens
1914 1450 2092 1497 humana,
2111 1449 2205 1486 dum
2225 1449 2458 1496 iustificatur,
2479 1461 2547 1498 per

375 1470 465 1553 cati3
496 1510 705 1546 secundum
736 1508 826 1544 illud
853 1508 966 1544 Prov.
987 1519 1010 1543 x
1029 1506 1064 1542 *ε
1091 1506 1274 1543 Universa
1302 1505 1434 1543 delicta
1486 1512 1636 1542 motum
1665 1503 1770 1540 liberi
1799 1502 1939 1540 arbitrii
1963 1502 2114 1540 recedat
2143 1514 2166 1539 a
2193 1509 2364 1551 peccato,
2385 1509 2422 1538 et
2441 1514 2547 1539 acce-

374 1561 494 1609 operit
514 1563 662 1599 caritas.
685 1561 761 1598 Sed
782 1560 940 1597 caritatis
960 1559 1152 1596 obiectum
1173 1571 1252 1595 non
1273 1566 1327 1595 est
1344 1570 1434 1608 pecss
1487 1557 1551 1595 dat
1579 1558 1627 1594 ad
1656 1556 1845 1593 iustitiam.
1875 1557 2065 1593 Recessus
2091 1563 2220 1603 autem
2250 1562 2286 1592 et
2313 1567 2489 1592 accessus
2509 1554 2547 1592 in

375 1622 511 1651 catum.
551 1617 653 1663 Ergo
690 1626 768 1651 non
806 1612 1005 1671 requiritur
1042 1612 1091 1649 ad
1127 1610 1432 1648 iustificationem
1488 1618 1595 1647 motu
1628 1609 1732 1646 liberi
1762 1608 1902 1646 arbitrii
1931 1608 2113 1658 accipitur
2141 1608 2355 1645 secundum
2385 1608 2545 1645 detesta-

374 1667 477 1715 impii
505 1675 631 1705 motus
659 1667 765 1704 liberi
793 1666 933 1703 arbitrii
960 1665 999 1702 in
1026 1672 1238 1713 peccatum.
1487 1663 1629 1701 tionem
1650 1671 1685 1699 et
1711 1662 1955 1700 desiderium:
1983 1662 2071 1699 dicit
2090 1661 2194 1698 enirn
2222 1660 2467 1709 Augustinus,
2485 1673 2546 1698 su-

428 1731 463 1756 2.
490 1721 722 1767 ΡιὶΑΕτΕιιΕΑ,
753 1719 818 1767 qui
847 1719 884 1755 in
913 1718 1102 1755 anteriora
1129 1717 1259 1764 tendit,
1289 1717 1338 1754 ad
1366 1729 1434 1765 po·
1481 1728 1554 1765 per
1580 1718 1713 1753 Ioann.
1743 1715 1782 1762 ³¹²,
1819 1727 2016 1763 exponens
2044 1715 2134 1752 illud
2166 1713 2216 1761 *³¹2
2248 1729 2267 1747 <
2285 1713 2548 1751 Mercenarius

374 1772 530 1809 steriora
549 1774 734 1823 respicere
750 1785 830 1809 non
849 1772 977 1817 debet;
998 1771 1210 1808 secundum
1225 1770 1316 1807 illud
1329 1771 1434 1819 Apo·
1488 1777 1616 1806 autem
1631 1768 1720 1816 fugit
1731 1781 1768 1805 »τ
1784 1768 2013 1818 Affectiones
2031 1773 2182 1805 nostrae
2195 1772 2317 1804 motus
2328 1767 2547 1817 animorum

373 1825 467 1872 stoli,
487 1827 538 1862 ad
554 1827 685 1875 Philip.
707 1838 743 1863 111
758 1825 794 1862 *ε
829 1826 934 1867 Quae
952 1825 1100 1873 quidem
1123 1830 1222 1860 retro
1241 1829 1326 1860 sunt
1344 1822 1435 1860 obli·
1486 1828 1592 1859 sunt.-
1620 1822 1756 1858 laetitia
1784 1821 1905 1858 animi
1931 1821 2100 1871 diffusio,
2129 1820 2242 1857 timor
2262 1824 2277 1848 Υ
2301 1819 2423 1857 animi
2439 1819 2548 1870 fuga

373 1879 533 1925 viscens,
562 1880 614 1916 ad
638 1891 683 1916 ea
711 1890 801 1915 vero
836 1889 933 1926 quae
963 1883 1051 1914 sunt
1069 1877 1205 1925 priora
1233 1876 1435 1914 extendens
1488 1881 1541 1912 est
1548 1889 1562 1920 ,·
1575 1875 1819 1924 progrederis
1846 1874 1975 1911 animo
2003 1886 2090 1911 cum
2117 1873 2274 1922 appetis,
2287 1872 2402 1922 fugis
2418 1872 2548 1911 animo

375 1931 568 1980 meipsum,
585 1933 636 1970 ad
652 1932 873 1969 destinatum
888 1942 1096 1979 persequor
1113 1930 1286 1967 bravium
1305 1941 1435 1977 super·
1488 1940 1574 1965 cum
1602 1928 1743 1965 metuis.
1774 1928 1936 1976 Oportet
1963 1926 2072 1975 igitur
2098 1926 2204 1975 quod
2223 1926 2263 1964 in
2280 1924 2547 1965 iustificatione

375 1996 447 2021 nae
473 1986 688 2022 vocationis.
721 1984 798 2021 Sed
826 1983 994 2021 tendenti
1022 1983 1060 2020 in
1093 1983 1270 2020 iustitiam
1300 1990 1435 2019 retror-
1488 1980 1594 2030 impii
1620 1981 1666 2017 sit
1692 1988 1818 2017 motus
1846 1980 1952 2017 liberi
1979 1979 2120 2017 arbitrii
2149 1979 2307 2039 duplex:
2336 1990 2435 2016 unus
2469 1990 2547 2028 quo

376 2049 461 2074 sum
489 2046 576 2075 sunt
602 2045 758 2087 peccata
786 2036 996 2086 praeterita.
1027 2037 1129 2084 Ergo
1160 2047 1293 2072 eorum
1323 2035 1436 2072 debet
1488 2047 1558 2083 per
1586 2033 1814 2072 desiderium
1842 2033 1972 2070 tendat
1998 2033 2037 2070 in
2065 2033 2138 2070 Dei
2165 2032 2361 2078 iustitiam;
2392 2039 2428 2068 et
2454 2031 2548 2069 alius

377 2090 559 2138 oblivisci,
589 2101 660 2128 nec
688 2090 726 2127 in
755 2103 800 2127 ea
828 2102 868 2126 se
897 2090 1012 2127 debet
1040 2089 1240 2126 extendere
1263 2101 1333 2137 per
1351 2101 1435 2126 mo·
1489 2100 1567 2135 quo
1598 2087 1801 2124 detestetur
1827 2093 2037 2135 peccatum.
2506 2099 2547 2119 η

374 2151 456 2180 tum
484 2144 592 2181 liberi
620 2143 760 2181 arbitrii
780 2148 808 2179 α.
1541 2142 1600 2177 AD
1620 2151 1756 2176 PR1MUM
1776 2151 1876 2177 ERGO
1894 2150 2081 2176 mCENDUM
2097 2138 2204 2188 quod
2222 2138 2273 2176 ad
2293 2137 2455 2175 eandem
2470 2137 2549 2176 vit-

429 2197 464 2234 3
494 2198 735 2243 PRAETEREA,
769 2196 808 2232 in
835 2195 1097 2232 iustificatione
1130 2194 1248 2255 impii
1266 2207 1346 2232 non
1379 2207 1435 2231 re·
1488 2200 1608 2230 tutem
1627 2200 1787 2242 pertinet
1801 2205 1980 2241 prosequi
1999 2204 2120 2230 unum
2139 2191 2420 2252 oppositorum,
2436 2197 2473 2228 et
2489 2202 2549 2228 re-

377 2249 532 2287 mittitur
559 2263 680 2287 unum
708 2256 908 2298 peccatum
933 2248 1013 2285 sine
1033 2248 1125 2285 alio·
1155 2248 1311 2296 impium
1333 2247 1435 2285 enim
1488 2247 1617 2294 fugere
1645 2245 1757 2283 aliud.
1788 2247 1837 2282 Et
1862 2246 1950 2283 ideo
1979 2245 2076 2282 sicut
2103 2245 2153 2282 ad
2174 2245 2370 2282 caritatem
2387 2243 2550 2293 pertinet

375 2308 428 2339 est
445 2315 469 2339 a
488 2304 570 2340 Deo
590 2303 782 2340 dimidiam
801 2313 954 2350 sperare
972 2301 1122 2338 veniam
1140 2301 1172 2337 *.
1203 2300 1243 2337 Si
1268 2301 1379 2349 igitur
1396 2300 1436 2338 in
1490 2299 1641 2347 diligere
1670 2300 1814 2346 Deum,
1844 2299 1894 2335 ita
1923 2298 2036 2335 etiarn
2070 2297 2246 2336 detestari
2273 2304 2451 2346 peccata,
2479 2308 2549 2346 per

375 2355 760 2404 1ust1fieat1one1mp11
776 2362 949 2403 oporteat
963 2354 1124 2391 hberum
1141 2354 1337 2391 arbitrium
1353 2366 1436 2390 mo·
1489 2365 1590 2400 quae
1617 2352 1744 2389 anima
1772 2360 1968 2401 separatur
1995 2364 2018 2388 a
2045 2352 2143 2388 Deo.

375 2409 456 2446 veri
476 2416 607 2446 contra
625 2415 837 2458 peccatum,
854 2414 1046 2456 oporteret
1064 2407 1169 2455 quod
1189 2407 1235 2444 de
1256 2407 1436 2444 omnibus
1541 2407 1600 2442 AD
1629 2417 1818 2442 SECUNDUM
1842 2416 2026 2442 DICENDUM
2046 2404 2153 2452 quod
2173 2403 2223 2441 ad
2241 2403 2452 2453 posteriora
2468 2413 2549 2440 non

374 2462 538 2510 peccatis
554 2462 630 2499 suis
646 2461 836 2509 cogitaret.
849 2460 966 2507 Quod
979 2460 1130 2498 videtur
1144 2459 1432 2497 inconveniens:
1489 2458 1602 2496 debet
1629 2459 1748 2495 homo
1777 2458 2011 2507 regredi-per
2037 2469 2235 2503 amorem;
2263 2456 2332 2494 sed
2360 2461 2547 2505 quantum

375 2522 456 2551 tum
485 2515 574 2563 quia
593 2514 844 2562 requireretur
867 2525 1049 2561 magnum
1069 2521 1221 2561 tempus
1239 2513 1288 2550 ad
1308 2513 1436 2550 huius·
1489 2511 1538 2548 ad
1571 2512 1645 2548 hoc
1682 2511 1794 2548 debet
1826 2523 1871 2548 ea
1903 2510 2096 2557 oblivisci,
2125 2517 2166 2547 ut
2198 2509 2246 2547 ad
2276 2521 2322 2546 ea
2354 2521 2434 2546 non
2466 2507 2548 2545 affi-

375 2567 481 2604 modi
511 2568 798 2616 cogitationem;
827 2574 908 2603 tum
935 2566 1048 2603 etiam
1077 2566 1166 2614 quia
1188 2573 1432 2615 peccatorum
1489 2564 1616 2601 ciatur.
1651 2565 1775 2601 Debet
1806 2571 1936 2601 tamen
1969 2575 2103 2600 eorum
2133 2562 2323 2600 recordari
2355 2573 2424 2610 per
2459 2572 2548 2598 con,

377 2633 542 2669 quorum
577 2628 631 2657 est
662 2621 781 2658 homo
815 2619 973 2665 oblitus,
1002 2619 1157 2656 veniam
1185 2620 1326 2656 habere
1354 2631 1434 2656 non
1489 2617 1756 2654 siderationem
1786 2624 1827 2654 ut
1859 2629 1904 2654 ea
1933 2617 2157 2654 detestetur:
2192 2615 2246 2652 sic
2278 2614 2382 2652 enim
2414 2614 2463 2651 ab
2496 2613 2550 2651 eis

375 2682 515 2722 posset.
536 2675 638 2722 Ergo
654 2681 780 2711 motus
800 2672 905 2709 liberi
920 2672 1059 2709 arbitrii
1078 2672 1117 2709 in
1136 2679 1335 2721 peccatum
1355 2684 1434 2710 non
1488 2670 1639 2707 recedit.

376 2727 574 2775 requiritur
601 2726 650 2764 ad
675 2725 981 2763 iustificationem
1009 2725 1127 2774 impii.
1541 2725 1600 2760 AD
1620 2735 1777 2760 TERTmM
1798 2735 1981 2760 montinum
2003 2722 2110 2771 quod
2128 2722 2167 2758 in
2192 2728 2367 2770 ternpore
2395 2731 2550 2768 praece-

429 2781 503 2817 SED
529 2791 674 2817 CONTRA
692 2791 758 2816 EST
776 2779 882 2827 quod
902 2778 1036 2815 dieitur
1058 2779 1097 2815 in
1123 2779 1276 2815 Psalmo
1295 2790 1379 2815 xxxi
1397 2777 1433 2814 *z
1489 2776 1600 2814 dente
1629 2776 1947 2822 iustificationem,
1968 2782 2119 2824 oportet
2137 2775 2243 2824 quod
2261 2774 2381 2811 horno
2401 2772 2550 2820 singula

374 2833 480 2879 Dixi,
515 2833 728 2880 Confitebor
753 2833 954 2869 adversum
982 2844 1043 2868 me
1070 2831 1285 2868 iniustitiam
1310 2842 1434 2868 meam
1489 2837 1645 2878 peccata
1672 2841 1770 2877 quae
1800 2828 1991 2866 commisit
2018 2828 2243 2875 detestetur,
2272 2837 2438 2876 quorum
2470 2837 2550 2863 me-

373 2886 561 2923 Domino:
589 2892 624 2922 et
650 2891 687 2922 tu
716 2885 890 2922 remisisti
919 2885 1143 2933 impietatem
1172 2884 1320 2932 peccati
1348 2884 1432 2921 mei.
1490 2882 1654 2919 moriam
1683 2883 1808 2919 habet.
1831 2883 1879 2919 Et
1907 2894 1953 2918 ex
1979 2881 2043 2918 tali
2071 2880 2374 2918 consideratione
2395 2890 2551 2928 praecee

427 2940 651 2975 RESPONDEO
671 2950 856 2975 mmmmm
875 2939 992 2986 quod,
1014 2937 1109 2974 sicut
1128 2937 1271 2985 supra*
1291 2936 1433 2974 dictum
1489 2935 1591 2973 denti
1620 2935 1860 2983 subsequitur
1886 2934 1924 2971 in
1953 2934 2082 2971 anima
2110 2934 2268 2982 quidam
2296 2939 2424 2970 motus
2445 2931 2548 2969 dete-

375 2999 440 3038 est,
470 2991 683 3028 iustificatio
713 2991 818 3040 impii
848 2998 903 3027 est
931 2990 1086 3039 quidam
1107 2997 1235 3027 motus
1263 3001 1341 3038 quo
1365 2990 1435 3026 hu·
1490 2988 1618 3025 stantis
1655 2987 1916 3024 universaliter
1954 2987 2085 3024 omnia
2121 2994 2278 3036 peccata
2314 2984 2549 3031 commissa,

375 3056 489 3081 mana
508 3057 617 3081 mens
637 3051 816 3081 movetur
835 3056 857 3080 a
876 3045 961 3081 Deo
981 3056 1004 3081 a
1023 3050 1120 3080 statu
1140 3042 1284 3091 peccati
1302 3042 1342 3079 in
1360 3049 1433 3079 sta·
1488 3041 1583 3078 inter
1615 3053 1713 3088 quae
1749 3040 1862 3078 etiam
1899 3040 2144 3078 includuntur
2178 3046 2336 3089 peccata
2365 3037 2550 3076 oblivioni

375 3103 456 3133 tum
484 3097 654 3134 iustitiae.
686 3097 847 3147 Oportet
874 3097 984 3145 igitur
1012 3095 1116 3145 quod
1135 3096 1305 3133 humana
1324 3107 1434 3132 mens
1489 3094 1641 3131 tradita.
1672 3093 1760 3143 quia
1785 3094 1906 3132 homo
1931 3094 1972 3131 in
1990 3101 2088 3131 statu
2105 3093 2169 3130 illo
2190 3099 2245 3130 est
2273 3092 2326 3129 sic
2347 3090 2550 3140 dispositus

376 3161 415 3185 se
447 3150 585 3186 habeat
613 3150 661 3187 ad
689 3158 891 3199 utrumque
928 3157 1186 3187 extremorum
1221 3148 1434 3186 secundum
1488 3155 1530 3184 ut
1558 3147 1671 3184 etiam
1700 3147 1747 3184 de
1775 3147 1833 3184 his
1859 3159 1959 3195 quae
1978 3159 2058 3184 non
2076 3145 2260 3192 meminit,
2280 3150 2549 3190 contereretur,

376 3210 524 3238 motum
552 3202 658 3239 liberi
686 3203 838 3250 arbitrii,
859 3203 956 3239 sicut
983 3215 1023 3239 se
1043 3200 1158 3239 habet
1177 3214 1315 3250 corpus
1334 3202 1436 3238 loca·
1489 3200 1520 3237 si
1538 3200 1750 3237 memoriae
1771 3200 1959 3237 adessent.
1980 3200 2030 3237 Et
2053 3199 2122 3236 iste
2142 3206 2270 3236 motus
2294 3195 2489 3238 concurrit
2498 3194 2550 3232 ad

376 3254 456 3290 liter
475 3263 623 3292 motum
644 3255 691 3292 ab
716 3256 842 3304 aliquo
863 3262 1045 3292 movente
1065 3255 1113 3292 ad
1133 3255 1231 3292 duos
1249 3254 1434 3292 terminos
1489 3253 1806 3290 iustificationem.

428 3376 455 3405 α)
475 3379 572 3400 motum
593 3376 668 3400 liberi
686 3377 799 3401 arbitrii.
818 3390 837 3396 -
855 3380 939 3402 totum
959 3377 1003 3402 lib.
1022 3378 1079 3402 arb.
1099 3378 1128 3403 P.
1457 3375 1461 3441 Ι
1538 3377 1565 3409 γ)
1585 3376 1673 3401 timor.
1692 3390 1711 3395 -
1733 3375 1845 3401 tristitia
1865 3375 1968 3410 codiceq
1985 3380 2011 3399 et
2028 3382 2055 3400 a.

428 3409 456 3443 β)
474 3410 610 3435 recedit...
628 3419 687 3443 quo.
705 3425 724 3431 -
743 3412 840 3437 recedi!
861 3411 944 3444 (redit
962 3412 995 3446 E)
1015 3413 1048 3437 ab
1067 3413 1156 3445 aliquo
1176 3413 1289 3438 termino
1307 3412 1362 3437 Ex.

2572 673 2675 701 'Eccla
2689 680 2711 696 c.
2727 679 2783 702 xxx,

2571 706 2632 722 vers.
2645 706 2682 727 ²4·

2575 1728 2584 1737 ·
2598 1726 2676 1749 Τιωι.
2690 1726 2775 1749 ΧΙΝΙ.

2573 1753 2596 1766 ““
2610 1753 2669 1782 Cup.
2685 1759 2711 1781 x,
2725 1758 2791 1775 vers.
