2840 4010
86 351 97 362 ·
110 351 136 372 In
151 354 266 377 corpore.

86 403 99 415 ⁴*
112 402 180 425 Vere.
194 409 218 429 ⁴·

91 2212 184 2236 ‘Ven-
215 2229 222 2236 .

1001 104 1266 150 QUAESTIO
1297 103 1434 149 CXIII,
1467 103 1758 140 ARTICULUS
1789 104 1820 139 ll

381 185 441 220 AD
457 193 594 220 PRlMUM
609 193 707 219 ERGO
722 193 906 219 DiCENDUM
922 182 1027 230 quod
1042 193 1158 218 omne
1172 189 1386 230 peccatum,

330 235 543 274 secundum
571 235 678 283 quod
705 234 884 283 importat
915 234 1110 282 quandam
1141 233 1389 271 inordinatio-

328 300 418 326 nem
434 288 570 325 mentis
586 300 662 325 non
679 287 850 324 subditae
866 288 963 334 Deo,
979 286 1156 324 iniustitia
1173 293 1298 335 potest
1317 286 1388 322 dici

326 340 543 391 praedictae
570 340 590 362 *
618 340 776 377 iustitiae
812 339 1017 385 contraria;
1050 339 1262 376 secundum
1297 338 1388 375 illud

329 395 344 430 I
365 395 469 430 Ioan.
491 406 526 430 111
545 393 582 430 *ε
604 393 732 431 Omnis
751 393 817 441 qui
821 393 925 441 facit
935 397 1144 440 peccatum,
1161 396 1197 428 et
1214 391 1387 438 iniquita-

329 452 401 484 tem
415 447 536 495 facit:
555 452 590 483 et
603 451 798 494 peccatum
828 451 883 482 est
901 444 1085 492 iniquitas.
1107 444 1156 480 Et
1175 443 1388 480 secundum

329 500 415 546 hoc,
445 499 607 536 remotio
628 498 826 536 cuiuslibet
843 496 987 546 peccati
1007 495 1142 533 dicitur
1159 495 1386 532 iustificatio.

381 554 441 589 AD
476 563 666 589 SECUNDUM
698 561 881 588 DicENDUM
909 548 1014 597 quod
1049 548 1146 585 fides
1180 555 1217 585 et
1254 548 1388 585 caritas

331 604 459 642 dicunt
493 604 668 641 ordinem
706 602 908 652 specialem
942 601 1078 638 mentis
1115 602 1312 638 humanae
1339 601 1387 638 ad

381 717 405 751 θ)
424 725 440 743 a
460 718 574 744 caritate
592 718 641 743 vel.
657 730 677 736 -
694 723 712 742 a
730 716 760 745 E,
778 715 893 741 caritate
911 716 952 740 vel
969 715 997 740 Ρ.

2423 105 2496 151 329

1442 183 1570 219 Deum
1599 182 1809 219 secundum
1842 181 2072 218 intellectum
2100 181 2162 218 vel
2198 182 2390 219 affectum.
2421 182 2498 219 Sed

1442 235 1580 272 iustitia
1611 235 1792 284 importat
1827 233 2050 282 generaliter
2077 241 2195 271 totam
2234 234 2498 272 rectitudinem

1443 287 1596 324 ordinis.
1627 288 1676 324 Et
1704 287 1789 324 ideo
1825 287 1945 335 magis
1978 287 2246 324 denominatur
2278 287 2498 325 huiusmodi

1442 340 1704 377 transmutatio
1725 353 1747 377 a
1769 339 1906 377 iustitia
1925 352 2042 389 quam
2065 352 2088 377 a
2117 340 2268 377 caritate
2286 341 2348 377 vel
2367 338 2380 361 θ
2407 341 2497 377 fide.

1495 394 1554 429 AD
1582 405 1741 430 TERTlUM
1761 405 1944 430 D1CENDUM
1971 393 2076 441 quod
2103 393 2255 430 vocatio
2275 393 2432 430 refertur
2451 394 2499 430 ad

1443 445 1622 482 auxilium
1643 446 1715 482 Dei
1738 445 1892 482 interius
1916 445 2106 483 moventis
2121 453 2158 482 et
2178 445 2368 483 excitantis
2392 458 2499 483 men-

1443 505 1520 535 tem
1541 499 1589 535 ad
1609 498 1863 535 deserendum
1879 506 2090 548 peccatum.
2108 499 2218 545 Quae
2238 498 2393 548 quidem
2414 511 2495 536 mo-

1443 549 1494 586 tio
1523 551 1594 587 Dei
1624 563 1701 588 non
1730 559 1785 588 est
1812 551 1894 599 ipsa
1913 551 2085 588 remissio
2114 552 2269 600 peccati,
2291 553 2356 589 sed
2387 564 2499 589 causa

1444 615 1533 639 eius.

1003 794 1332 827 Commentaria
1355 794 1603 827 Cardinalis
1625 795 1824 829 Caietam

332 897 379 958 IN
416 884 547 916 articulo
576 883 681 924 primo
714 883 907 924 quaestionis
938 881 1388 918 centesimaedecimaetertiae,

1443 893 1475 913 se
1499 893 1555 923 per
1584 884 1718 914 modurn
1752 885 1907 922 contrarii,
1931 886 1963 915 in
1993 887 2143 917 alterurn:
2169 888 2212 918 sic
2243 888 2328 918 enim
2351 898 2383 919 se
2406 888 2500 919 habet

360 936 436 960 nota
462 928 551 969 quod
573 930 695 958 Auctor
722 937 787 957 non
817 927 890 958 dicit
914 927 1002 968 quod
1034 926 1212 958 iustificatio
1234 925 1325 966 impii
1352 926 1390 956 de
1444 927 1566 957 macula
1590 928 1629 958 ad
1652 928 1792 968 gratiam.
1807 929 1848 959 Et
1871 937 2036 969 propterea
2059 930 2238 962 iustificatio
2261 931 2351 972 impii
2375 939 2420 963 est
2443 943 2499 973 per

329 983 394 1014 qua
417 982 502 1003 nunc
524 981 643 1007 sermo,
668 971 708 1002 sit
730 978 856 1002 motus:
881 972 936 1002 sed
958 971 1047 1012 quod
1070 977 1117 1002 est
1138 969 1311 1002 secundum
1336 979 1388 1000 ra-

329 1019 445 1048 tionem
470 1021 576 1047 motus
604 1016 644 1046 de
667 1016 830 1046 contrario
854 1017 886 1046 in
910 1016 1120 1046 contrarium.
1143 1015 1185 1045 Et
1216 1013 1287 1044 dico
1310 1013 1386 1050 hoc,

329 1061 404 1102 quia
426 1059 607 1091 iustificafio
635 1059 724 1100 impii
748 1069 813 1090 non
842 1066 967 1100 oportet
995 1059 1085 1100 quod
1107 1059 1147 1090 sit
1168 1058 1207 1089 de
1230 1058 1386 1088 contrario

328 1105 362 1136 in
386 1104 579 1136 contrarium
598 1104 741 1144 proprie:
766 1103 920 1145 quoniam
944 1103 1056 1144 culpae
1078 1102 1211 1139 macula,
1236 1111 1318 1143 quae
1342 1109 1387 1132 est

329 1148 482 1181 terminus
506 1158 523 1178 a
547 1158 623 1189 qu0‚
641 1158 706 1178 non
730 1154 776 1178 est
798 1158 847 1178 res
869 1147 1013 1188 positiva.
1040 1147 1102 1178 Sed
1125 1153 1171 1178 est
1192 1147 1231 1177 de
1254 1146 1388 1176 habente

1443 971 1577 1001 modum
1608 979 1715 1003 motus
1744 972 1777 1002 in
1806 973 1911 1003 nobis:
1935 974 1968 1003 in
1997 975 2114 1014 angelis
2138 981 2260 1011 autem,
2281 982 2311 1006 et
2339 976 2443 1006 Adam
2466 975 2498 1006 in

1443 1015 1608 1056 principio,
1633 1015 1692 1046 fuit
1714 1026 1771 1056 per
1792 1017 1928 1047 modum
1952 1017 2102 1058 simplicis
2125 1019 2342 1058 generationis.

1500 1059 1611 1089 Cetera
1627 1065 1708 1100 quae
1728 1067 1869 1100 spectant
1884 1062 1923 1091 ad
1940 1062 2177 1102 oppositionem
2193 1063 2308 1103 gratiae
2328 1070 2357 1094 et
2377 1064 2496 1104 culpae,

1442 1102 1571 1133 inferius
1594 1103 1612 1122 *
1634 1104 1857 1135 tractabuntur.

1098 1317 1412 1360 ARTICULUS
1442 1318 1738 1360 SECUNDUS

690 1411 846 1442 UTRUM
869 1410 927 1441 AD
951 1409 1240 1441 REMISSIONEM
1263 1408 1441 1445 CULPAE,
1467 1410 1586 1447 QUAE
1610 1410 1691 1441 EST
1715 1411 2003 1443 IUSTIFICATIO
2028 1413 2143 1449 IMPII,

1069 1453 1351 1491 REQUIRATUR
1375 1453 1567 1484 GRATIAE
1592 1455 1760 1486 INFUSIO

660 1533 694 1558 IV
714 1533 796 1562 Sene„
816 1532 874 1557 dist.
893 1540 952 1562 xvu.
972 1540 1016 1565 qu.
1039 1540 1060 1562 ι.
1079 1536 1126 1558 an.
1145 1531 1169 1562 3,
1187 1531 1236 1565 qu·
1260 1539 1268 1556 1
1279 1538 1287 1562 ;
1307 1531 1348 1556 De
1372 1531 1460 1562 Verit„
1479 1539 1524 1564 qu.
1543 1539 1628 1563 xxvm,
1648 1538 1694 1558 art.
1715 1540 1744 1564 2;
1762 1533 1806 1558 Ad
1825 1533 1929 1565 Ephes„
1949 1542 2003 1566 cap.
2023 1542 2046 1563 ν,
2066 1535 2123 1559 lect.
2142 1542 2166 1560 v.

521 1621 524 1624 ’
542 1633 565 1658 D
580 1633 772 1659 SECUNDUM
783 1632 837 1657 S1c
852 1632 1089 1658 PROCEDITUR.
1105 1619 1265 1658 Videtur
1278 1620 1383 1668 quod

381 1686 410 1730 3³
463 1654 515 1735 {335}
543 1675 591 1712 ad
619 1673 883 1711 remissionem
912 1674 1057 1722 culpae,
1078 1684 1176 1722 quae
1204 1679 1260 1710 est
1287 1672 1386 1709 iusti-

348 1730 393 1774 ’ἐφ’
411 1744 468 1771 ν,
487 1726 668 1764 ficatio
698 1726 817 1776 impii,
836 1738 915 1763 non
939 1725 1150 1774 requiratur
1174 1725 1312 1775 gratiae
1333 1725 1388 1762 in-

352 1756 484 1817 143⁵&
499 1773 654 1817 kfusio.
676 1780 806 1826 Potest
834 1779 935 1816 enim
962 1778 1095 1828 aliquis
1123 1778 1311 1816 removeri
1340 1778 1387 1815 ab

330 1845 409 1871 uno
439 1833 628 1870 contrario
664 1831 744 1869 sine
771 1833 846 1869 hoc
875 1832 982 1880 quod
1008 1832 1234 1881 perducatur
1261 1832 1309 1869 ad
1338 1832 1387 1868 al-

331 1894 468 1933 terum,
484 1886 514 1922 si
535 1885 720 1922 contraria
741 1885 814 1922 sint
831 1885 1007 1922 mediata.
1025 1884 1101 1922 Sed
1119 1891 1235 1922 status
1254 1885 1387 1934 culpae

333 1946 370 1976 et
389 1946 505 1975 status
524 1938 664 1987 gratiae
683 1945 770 1975 sunt
794 1937 980 1975 contraria
998 1937 1184 1975 mediata:
1204 1945 1260 1975 est
1285 1937 1386 1975 enim

332 1991 482 2029 medius
503 1996 520 2012 ⁴²
549 1998 665 2028 status
702 1991 960 2038 innocentiae,
989 1990 1027 2027 in
1056 2003 1132 2040 quo
1160 1990 1278 2028 homo
1317 2003 1388 2028 nec

332 2043 489 2096 gratiam
508 2044 624 2081 habet
641 2056 713 2081 nec
732 2044 894 2092 culpam.
916 2044 1018 2091 Ergo
1036 2051 1161 2092 potest
1179 2043 1286 2082 alicui
1300 2042 1316 2073 β
1330 2056 1387 2080 re-

332 2097 426 2135 mitti
456 2098 568 2146 culpa
586 2096 666 2134 sine
685 2098 760 2134 hoc
778 2098 883 2146 quod
901 2096 1131 2145 perducatur
1149 2097 1197 2135 ad
1216 2097 1385 2145 gratiam.

387 2162 422 2187 2.
442 2151 680 2196 PRAETEREA,
711 2149 880 2186 remissio
911 2150 1043 2198 culpae
1073 2149 1239 2187 consistit
1263 2149 1302 2186 in
1331 2162 1387 2186 re-

330 2203 527 2252 putatione
555 2203 703 2249 divina;
726 2202 937 2239 secundum
956 2202 1045 2239 illud
1073 2202 1213 2239 Psalmi
1240 2214 1322 2239 xxxi
1346 2202 1386 2239 *t

330 2256 471 2293 Beatus
489 2256 549 2293 vir
567 2256 629 2292 cui
655 2267 730 2292 non
759 2256 955 2304 imputavit
971 2255 1157 2292 Dominus
1174 2261 1384 2305 peccatum.

332 2309 409 2353 Sed
437 2309 574 2346 infusio
594 2308 732 2356 gratiae
760 2309 867 2357 ponit
896 2308 1008 2345 etiarn
1028 2307 1168 2358 aliquid
1195 2308 1234 2346 in
1262 2309 1384 2355 nobis,

1442 1622 1652 1658 secundum
1688 1622 1762 1658 hoc
1799 1629 1997 1670 peccatum
2031 1623 2140 1660 nobis
2178 1623 2312 1660 remitti
2347 1625 2495 1672 dicitur,

1441 1674 1546 1721 quod
1565 1675 1670 1710 Deus
1692 1674 1800 1711 nobis
1818 1682 1984 1723 pacatur.
2006 1676 2116 1722 Quae
2136 1675 2291 1724 quidem
2308 1689 2384 1726 pax
2404 1690 2495 1714 con-

1441 1726 1532 1763 sistit
1559 1726 1597 1763 in
1626 1726 1826 1764 dilectione
1853 1740 1929 1776 qua
1952 1728 2057 1765 Deus
2080 1741 2151 1765 nos
2181 1728 2307 1777 diligit.
2332 1730 2492 1767 Dilectio

1441 1787 1567 1816 autem
1595 1779 1678 1826 Dei,
1708 1788 1893 1828 quantum
1922 1788 1977 1817 est
2005 1793 2050 1818 ex
2076 1790 2182 1829 parte
2218 1790 2323 1819 actus
2351 1783 2491 1830 divini,

1442 1840 1496 1869 est
1531 1840 1682 1869 aeterna
1716 1840 1753 1869 et
1787 1833 2051 1870 immutabilis:
2081 1835 2148 1871 sed
2183 1843 2367 1882 quantum
2402 1837 2450 1873 ad
2481 1834 2494 1857 ὅ

1441 1885 1618 1922 effectum
1637 1897 1753 1934 quem
1781 1886 1892 1923 nobis
1912 1886 2103 1935 imprimit,
2124 1888 2356 1937 quandoque
2383 1888 2494 1925 inter—

1442 1938 1637 1986 rumpitur,
1658 1945 1772 1987 prout
1791 1938 1930 1975 scilicet
1957 1940 2004 1976 ab
2034 1939 2116 1988 ipso
2141 1940 2371 1990 quandoque
2401 1941 2493 1978 defi-

1442 1991 1561 2028 cimus
1587 1998 1622 2027 et
1646 1991 1877 2040 quandoque
1896 1992 2033 2030 iterum
2054 1997 2066 2013 ε
2090 2005 2370 2042 recuperamus.
2391 1993 2493 2030 Effe-

1442 2052 1520 2080 ctus
1549 2051 1677 2080 autem
1707 2043 1854 2082 divinae
1889 2044 2096 2082 dilectionis
2123 2045 2162 2083 in
2189 2046 2300 2083 nobis
2333 2047 2398 2094 qui
2426 2059 2494 2095 per

1441 2104 1638 2145 peccatum
1657 2097 1808 2144 tollitur,
1832 2105 1886 2134 est
1913 2098 2040 2145 gratia,
2062 2111 2136 2147 qua
2154 2099 2274 2135 homo
2299 2099 2342 2135 fit
2361 2099 2494 2146 dignus

1440 2149 1517 2186 vita
1545 2157 1716 2196 aeterna,
1746 2162 1768 2186 a
1797 2162 1872 2199 qua
1900 2159 2100 2198 peccatum
2129 2152 2288 2188 mortale
2322 2152 2493 2188 excludit.

1442 2203 1489 2239 Et
1517 2202 1603 2239 ideo
1632 2215 1709 2239 non
1736 2210 1866 2252 posset
1888 2202 2039 2251 intelligi
2067 2204 2236 2241 remissio
2257 2204 2401 2253 culpae,
2423 2204 2494 2241 nisi

1444 2254 1621 2293 adessett
1648 2255 1785 2292 Infusio
1813 2255 1965 2303 gratiae.
2034 2300 2037 2302 .

1493 2310 1551 2344 AD
1571 2320 1707 2346 PRIMUM
1726 2320 1824 2346 ERoo
1842 2320 2026 2346 D1CENDUM
2051 2309 2156 2357 quod
2185 2310 2268 2358 plus
2297 2309 2495 2357 requiritur

2527 1109 2607 1130 'Ana
2615 1112 2637 1130 et
2644 1115 2663 1137 5,
2671 1109 2739 1130 Com-

2527 1139 2597 1156 ment.

91 2373 102 2383 ·
116 2371 164 2400 Qu·
179 2377 216 2400 α,
231 2375 272 2394 m-
287 2377 303 2393 ι.
330 2369 372 2399 ut
399 2374 513 2411 supra
531 2362 551 2384 ³¹²
579 2361 751 2398 habitum
780 2369 845 2398 est.
867 2362 969 2409 Ergo
997 2361 1133 2398 infusio
1153 2361 1289 2409 gratiae
1310 2374 1388 2398 non
1441 2361 1490 2397 ad
1517 2362 1592 2397 hoc
1619 2361 1725 2409 quod
1746 2361 1954 2398 offendenti
1973 2362 2182 2401 reminatur
2201 2362 2358 2409 offensa,
2379 2374 2494 2409 quarn

331 2415 531 2463 requiritur
558 2415 607 2452 ad
635 2414 900 2451 remissionem
929 2415 1073 2462 culpae.
1441 2414 1490 2450 ad
1522 2414 1596 2450 hoc
1629 2414 1734 2463 quod
1769 2414 1986 2463 simpliciter
2022 2415 2154 2464 aliquis
2186 2427 2264 2451 non
2297 2415 2494 2452 offendens

341 2484 346 2485 ⁷
386 2469 419 2505 3.
442 2469 682 2514 PRAETEffEA,
713 2468 836 2504 nullus
874 2467 1066 2504 subiicitur
1092 2467 1203 2504 simul
1237 2467 1387 2504 duobus
1441 2479 1518 2503 non
1547 2467 1731 2504 habeatur
1767 2467 1869 2504 odio.
1903 2468 2032 2504 Potest
2060 2467 2162 2504 enim
2191 2468 2291 2516 apud
2319 2468 2494 2504 homines

331 2521 537 2558 contrariis.
560 2521 637 2558 Sed
665 2520 856 2569 quaedam
884 2528 1040 2570 peccata
1067 2526 1153 2557 sunt
1185 2520 1386 2564 contraria:
1442 2519 1656 2568 contingere
1685 2520 1790 2568 quod
1817 2532 1915 2557 unus
1942 2521 2062 2557 homo
2091 2520 2256 2568 aliquem
2285 2520 2401 2556 alium
2423 2533 2494 2557 nec

331 2574 425 2612 sicut
452 2573 692 2623 prodigalitas
722 2580 757 2610 et
783 2573 1020 2610 illiberalitas.
1051 2573 1154 2620 Ergo
1182 2572 1247 2622 qui
1275 2573 1386 2610 subii·
1442 2572 1566 2620 diligat
1593 2585 1664 2610 nec
1692 2572 1794 2609 odiat
1813 2578 1849 2619 *¹3
1878 2573 1946 2610 sed
1970 2573 2000 2610 si
2030 2585 2117 2610 eum
2137 2572 2316 2619 offendat,
2337 2573 2440 2621 quod
2461 2573 2495 2609 ei

331 2623 425 2664 citur
451 2634 609 2675 peccato
637 2626 922 2674 prodigalitatis,
951 2638 1029 2662 non
1057 2626 1168 2662 simul
1196 2626 1388 2663 subiicitur
1443 2625 1601 2663 dimittat
1638 2625 1825 2662 offensam
1842 2655 1852 2673 ,
1890 2626 1964 2662 hoc
2001 2638 2079 2662 non
2116 2633 2240 2674 potest
2277 2625 2493 2673 contingere

102 2699 150 2720 ‚W
330 2687 487 2729 peccato
530 2677 792 2715 illiberalitatis.
830 2679 960 2715 Potest
1000 2687 1127 2715 tamen
1170 2679 1385 2727 contingere
1442 2679 1584 2727 absque
1605 2678 1756 2727 speciali
1777 2678 2052 2715 benevolentia.
2074 2678 2344 2715 Benevolentia
2364 2686 2491 2714 autem

331 2733 438 2781 quod
463 2732 567 2781 prius
587 2731 620 2768 ei
644 2730 920 2768 subiiciebatur.
951 2732 1053 2779 Ergo
1076 2731 1272 2780 peccando
1296 2732 1386 2769 vitio
1442 2731 1512 2768 Dei
1542 2731 1589 2768 ad
1608 2731 1805 2768 hominem
1826 2731 1991 2780 reparari
2011 2731 2143 2768 dicitur
2160 2743 2229 2779 per
2249 2730 2394 2767 donum
2413 2742 2494 2778 gra-

188 2790 206 2816 Υ
329 2784 618 2835 prodigalitatis,
645 2784 823 2820 liberatur
841 2789 857 2811 Υ
885 2796 907 2821 a
933 2791 1090 2832 peccato
1119 2783 1384 2822 illiberalitatis.
1441 2783 1525 2821 tiae.
1555 2784 1604 2820 Et
1630 2783 1718 2821 ideo
1745 2783 1840 2831 licet,
1870 2791 2074 2832 antequam
2102 2784 2221 2820 homo
2248 2790 2401 2832 peccet,
2425 2795 2494 2832 po—

331 2839 380 2876 Et
407 2838 460 2876 sic
488 2837 685 2874 remittitur
713 2836 868 2885 aliquod
896 2845 1095 2886 peccatum
1124 2837 1203 2875 sine
1232 2838 1359 2886 gratia.
1441 2836 1551 2873 tuerit
1578 2849 1661 2873 esse
1690 2836 1770 2874 sine
1797 2836 1914 2884 gratia
1934 2844 1971 2873 et
1997 2837 2078 2873 sine
2107 2837 2234 2885 culpa;
2260 2843 2387 2873 tamen
2409 2843 2496 2884 post

91 2905 101 2915 ·
114 2903 182 2925 vm.
197 2909 233 2931 ιι.
385 2892 460 2929 SED
489 2902 634 2928 CONTRA
661 2901 727 2926 EST
745 2890 850 2938 quod
879 2889 1014 2927 dicitur
1031 2891 1143 2927 Rom.
1165 2902 1199 2927 111
1219 2891 1240 2912 *
1250 2904 1259 2927 ;
1279 2891 1387 2927 Iusti·
1442 2897 1652 2938 peccatum,
1673 2902 1751 2926 non
1769 2897 1894 2938 potest
1913 2902 1995 2926 esse
2014 2889 2094 2926 sine
2114 2890 2224 2938 culpa
2244 2889 2314 2925 nisi
2337 2888 2493 2936 gratiam

1442 2943 1591 2979 habeat.

1495 2997 1553 3032 AD
1573 3007 1761 3032 SECUNDUM
1789 3006 1972 3031 DiCENDUM
1990 2994 2106 3043 quod,
2128 2994 2222 3031 sicut
2246 2993 2394 3031 dilectio
2423 2993 2495 3030 Dei

1444 3060 1522 3085 non
1554 3048 1678 3084 solum
1712 3047 1878 3084 consistit
1911 3047 1949 3084 in
1978 3054 2063 3084 actu
2090 3046 2293 3084 voluntatis
2322 3046 2494 3094 divinae,

1444 3101 1510 3138 sed
1540 3100 1653 3137 etiam
1676 3100 1855 3148 importat
1874 3099 2066 3147 quendam
2087 3099 2224 3148 gratiae
2245 3099 2436 3147 effectum,
2455 3107 2496 3136 ut

1444 3165 1557 3201 supra
1579 3152 1599 3174 *
1627 3152 1770 3189 dictum
1799 3160 1874 3198 est;
1903 3152 1952 3189 ita
1981 3153 2094 3189 etiam
2133 3160 2169 3189 et
2205 3153 2280 3188 hoc
2309 3153 2413 3201 quod
2441 3159 2496 3189 est

319 2945 433 2993 ficati
457 2944 578 2994 gratis
601 2955 670 2991 per
697 2943 863 2992 gratiam
892 2943 1016 2991 ipsius.

385 2997 610 3034 RESPONDEo
650 3007 833 3032 DlCENDUM
876 2996 980 3043 quod
1030 2996 1149 3032 homo
1191 2995 1388 3045 peccando

91 3060 240 3109 ἐρα-ιω,
260 3065 302 3082 art·
330 3051 457 3087 Deum
487 3048 663 3096 offendit,
693 3048 788 3085 sicut
817 3060 862 3084 ex
890 3047 1110 3097 supradictis
1134 3047 1154 3069 *
1181 3055 1294 3097 patet.
1323 3048 1388 3085 Of-

91 3093 301 3142 ·hssulqssmu'
330 3103 436 3140 sensa
467 3109 595 3140 autem
627 3113 705 3138 non
738 3100 936 3138 remittitur
970 3100 1080 3137 alicui
1117 3100 1188 3137 nisi
1214 3112 1284 3150 per
1311 3101 1386 3138 hoc

331 3156 436 3205 quod
464 3155 614 3194 animus
642 3153 778 3191 offensi
801 3161 956 3202 pacatur
983 3152 1202 3190 offendenti.
1223 3154 1271 3190 Et
1299 3153 1386 3191 ideo

2524 3166 2534 3175 ⁸
2550 3164 2597 3192 Qu.
2612 3169 2649 3190 cx,
2664 3167 2705 3185 art.
2716 3168 2733 3185 1.

383 3287 411 3319 α)
430 3290 469 3312 est
488 3286 557 3311 enim
577 3285 685 3310 medius.
703 3298 722 3304 -
739 3284 835 3309 etenim
855 3284 956 3310 medius
974 3287 1013 3310 est
1032 3285 1061 3309 E.

384 3321 409 3355 β)
428 3322 517 3347 alfe-ui.
534 3335 553 3340 -
569 3321 682 3345 alicuius
700 3320 730 3344 F.
747 3334 765 3338 —
785 3320 835 3344 Pro
854 3319 966 3349 remitti,
988 3322 1089 3344 remota
1108 3318 1328 3353 CDEFGIpABH,
1348 3327 1386 3344 re-

330 3364 558 3433 moissr5i522ur.
571 3412 588 3417 -
600 3398 764 3423 liberabatur
772 3397 823 3428 EF,
835 3396 990 3422 liberabitur
1000 3396 1030 3425 Κ,
1041 3399 1152 3420 curatur
1161 3396 1214 3426 sH;
1225 3403 1272 3428 pro
1287 3395 1388 3428 Ergo...

330 3434 527 3465 illuminatis,
547 3434 621 3466 Ergo
634 3433 771 3465 peccando
789 3431 887 3457 iudicio
902 3431 1083 3464 prodigalitas
1102 3431 1153 3463 pH.

474 3487 582 3511 Summi:
601 3485 702 3510 Tuam.
721 3485 752 3510 D.
765 3485 879 3509 ΤΗοΜΑε
898 3484 928 3508 Τ.
952 3484 993 3508 lV.
2318 3483 2351 3507 4²

1494 3282 1519 3316 δ)
1538 3284 1584 3309 ad.
1601 3298 1619 3302 -
1637 3287 1676 3309 est
1693 3284 1731 3309 ad
1750 3284 1795 3308 Ρα.

1495 3319 1517 3350 ε)
1537 3319 1641 3344 iterum.
1660 3334 1679 3338 -
1697 3319 1758 3344 Om.
1778 3319 1828 3343 EF.

1494 3354 1519 3385 ζ)
1539 3355 1591 3380 nisi
1608 3355 1722 3380 adesset.
1739 3368 1758 3374 -
1776 3354 1828 3379 m'si
1846 3357 1912 3379 esset
1930 3354 1960 3383 D.
1979 3353 2002 3379 si
2020 3361 2071 3378 non
2091 3353 2195 3378 adesset
2214 3353 2259 3377 Pa.

1495 3392 1521 3424 η)
1541 3391 1638 3424 diligat
1657 3397 1702 3415 nec
1721 3389 1804 3415 odiat.
1822 3403 1840 3409 -
1858 3389 1946 3422 diligit
1965 3396 2011 3414 nec
2029 3389 2086 3414 odit
2104 3389 2214 3413 codices.
