2840 4010
100 1146 112 1158 ·
125 1145 195 1168 ven.
209 1149 226 1167 ι.

102 1462 112 1472 ·
125 1460 195 1485 Vtro.
210 1466 242 1490 ¹7·

105 1722 116 1734 ’
125 1721 229 1745 melin.

105 1940 199 1965 ‘Ven-
212 1946 230 1963 r.

110 2725 120 2735 '
134 2723 203 2746 Ver..
216 2730 240 2751 ⁴·

109 2833 121 2846 ⁸
134 2833 202 2856 Vers-
215 2839 231 2855 ι.

111 2993 182 3016 ‘Vide
189 2993 320 3016 commem.

110 3019 182 3044 Cum.
189 3023 244 3048 post
249 3024 291 3042 art.
298 3020 321 3042 6.

1005 149 1270 197 QUAESTIO
1300 149 1441 194 XCIX,
1470 146 1764 184 ARTlCULUS
1791 146 1826 182 V

2425 145 2498 180 203

1116 264 1325 307 ARTICU
1334 264 1430 305 LUS
1460 263 1716 314 QUINTUS

439 361 594 392 UTRUM
618 361 780 398 ALIQUA
803 361 903 391 ALIA
932 358 1185 390 PRAECEPTA
1209 356 1555 387 CONTINEANTUR
1578 357 1621 386 IN
1648 356 1760 387 LEGE
1785 357 1943 387 VETERI
1972 356 2171 386 PRAETER
2194 355 2399 390 MORALIA,

1070 400 1303 432 lUDlClALlA
1328 399 1385 429 ET
1410 399 1767 431 CAEREMONIALIA

881 481 939 506 Art.
959 480 1092 512 praeced.;
1111 478 1155 502 Ad
1175 478 1273 505 Galat„
1294 485 1348 508 cap.
1368 485 1392 505 v,
1412 477 1468 501 lect.
1488 484 1528 506 ιιι;
1548 477 1591 501 Ad
1612 478 1701 506 Hebr„
1722 486 1776 510 cap.
1796 486 1838 507 vn,
1859 479 1916 503 lect.
1936 486 1962 502 11.

369 576 431 619 '⁶2³'
474 591 509 607 ,
549 574 571 598 D
595 572 756 604 Qum‘rum
779 571 833 596 sm
853 567 1091 594 PROCEDITUR.
1112 555 1271 592 Videtur
1289 555 1394 613 quod

365 594 489 732 Ιςὲᾉῗῖ
453 579 529 675 J
549 613 672 662 aliqua
708 612 780 650 alia
821 617 1024 660 praecepta
1060 598 1323 645 contineantur
1358 607 1397 643 in

355 650 447 747 Ἀἶγα
461 691 464 693 ,
488 653 511 677 '‘
534 665 629 714 lege
666 663 783 702 veteri
810 670 961 712 praeter
998 661 1176 708 moralia,
1205 659 1393 698 iudicialia

358 713 371 726 ”
475 754 479 756 ,
530 726 586 755 et
614 715 914 754 caeremonialia.
941 714 1130 751 ludicialia
1159 714 1260 750 enim
1289 725 1396 762 prae-

339 743 459 831 cepta
472 729 661 820 pertinent
687 769 736 806 ad
764 776 891 805 actum
920 768 1091 814 iustitiae,
1117 779 1216 815 quae
1244 773 1300 803 est
1328 765 1397 801 ho-

338 825 451 862 minis
470 823 518 861 ad
537 822 756 867 hominem3
781 820 1071 858 caeremonialia
1095 832 1189 857 vero
1209 818 1398 867 pertinent

339 878 388 915 ad
416 883 541 914 actum
570 870 771 922 religionis,
791 886 867 923 qua
895 874 999 910 Deus
1029 873 1172 910 colitur.
1194 871 1271 908 Sed
1289 883 1397 920 prae-

338 938 395 967 ter
421 930 491 966 has
519 935 606 964 sunt
629 927 769 964 multae
790 926 883 963 aliae
902 926 1076 963 virtutes:
1099 925 1237 962 scilicet
1254 932 1398 972 tempe-

357 981 470 1041 antia,
489 979 681 1026 fortitudo,
702 980 915 1026 liberalitas,
936 987 973 1016 et
1000 979 1094 1016 aliae
1115 979 1254 1027 plures,
1273 985 1316 1014 ut
1335 989 1399 1013 su-

100 1041 222 1069 Ὠιι-ι
237 1042 280 1062 ⁸1¹-
291 1045 311 1068 ⁵·
338 1047 364 1083 p
385 1046 408 1071 a
425 1033 445 1055 *
465 1032 606 1070 dictum
637 1040 702 1070 est.
724 1033 826 1080 Ergo
855 1040 1004 1091 praeter
1027 1031 1220 1080 praedicta
1249 1037 1398 1078 oportet

339 1077 448 1136 plura
475 1086 548 1122 alia
575 1085 614 1122 in
642 1087 723 1134 lege
750 1085 870 1122 veteri
899 1085 1093 1121 contineri.

394 1150 428 1175 2.
458 1139 701 1185 PRAETEREA,
729 1139 840 1175 Deut.
861 1137 930 1174 xl*
959 1137 1112 1174 dicitur:
1140 1137 1240 1173 Ama
1268 1135 1400 1171 Domi-

340 1203 430 1229 num
459 1192 584 1228 Deum
612 1197 738 1237 tuum,
768 1197 804 1227 et
829 1193 986 1228 observa
1021 1191 1100 1226 eius
1126 1194 1329 1242 praecepta
1368 1194 1402 1224 et

335 1245 598 1282 marmonias
625 1249 662 1280 et
678 1244 815 1281 iudicia
843 1250 954 1292 atque
973 1243 1163 1280 mandata.
1189 1235 1267 1278 Sed
1294 1252 1401 1289 prae-

101 1302 176 1326 ·An·
191 1290 297 1332 pmied.
341 1304 449 1346 cepta
468 1297 656 1345 pertinent
683 1297 731 1334 ad
750 1297 922 1343 moralia,
942 1304 984 1333 ut
1007 1296 1148 1333 dictum
1173 1302 1230 1331 est
1247 1293 1277 1330 *.
1299 1294 1400 1341 Ergo

340 1357 490 1398 praeter
509 1350 679 1396 moralia,
695 1349 885 1386 iudicialia
899 1356 936 1385 et
956 1347 1256 1394 caeremonialia,
1277 1347 1402 1383 adhuc

341 1402 414 1440 alia
442 1403 681 1439 continentur
704 1402 742 1439 in
770 1403 863 1450 lege,
884 1414 983 1449 quae
1008 1402 1183 1438 dicuntur
1209 1400 1400 1437 mandata.

397 1456 432 1493 3.
453 1456 686 1501 PRAETEREA,
706 1456 817 1492 Deut.
838 1467 873 1491 νι
892 1454 912 1476 *
931 1454 1080 1491 dicitur:
1114 1453 1267 1491 Custodi
1285 1464 1402 1501 prae-

341 1513 446 1556 cepta
474 1508 632 1545 Domini
655 1509 731 1544 Dei
756 1508 820 1554 tui,
845 1519 892 1544 ac
919 1508 1125 1558 testimonia
1153 1512 1188 1543 et
1213 1517 1403 1543 caeremo-

342 1561 425 1597 nias
448 1572 542 1608 quas
565 1561 632 1600 tibi
644 1561 831 1608 praecepi.
853 1562 956 1608 Ergo
975 1568 1124 1609 praeter
1147 1559 1277 1596 omnia
1296 1571 1402 1607 prae-

343 1612 443 1650 dicta
462 1619 479 1634 ‘²
508 1615 632 1651 adhuc
660 1613 699 1650 in
726 1615 808 1661 lege
837 1614 1044 1650 testimonia
1073 1613 1324 1650 eontinentur.

395 1678 432 1712 4.
454 1667 686 1713 Pmmm,
706 1666 746 1702 in
764 1667 918 1703 Psalmo
939 1678 1045 1703 cxvnt
1063 1665 1084 1688 ’¹‘
1102 1665 1256 1703 dicitur:
1275 1666 1322 1701 In
1342 1677 1402 1701 ae-

343 1724 490 1756 ternum
505 1731 580 1756 non
595 1719 796 1756 obliviscar
809 1718 1084 1767 iustificationes
1099 1724 1198 1755 tuas:
1218 1719 1355 1755 Glossa
1370 1718 1402 1765 ²¹²,

343 1772 436 1808 idest
458 1772 592 1821 legem.
614 1772 716 1820 Ergo
740 1780 944 1821 praecepta
967 1772 1058 1819 legis
1085 1771 1223 1808 veteris
1246 1783 1324 1807 non
1344 1783 1404 1807 so-

343 1825 423 1861 lum
444 1832 530 1861 sunt
558 1825 728 1872 moralia,
751 1825 1041 1862 caeremonialia
1060 1834 1096 1861 et
1118 1824 1315 1871 iudicialia,
1336 1824 1404 1860 sed

345 1878 459 1915 etiam
488 1878 774 1925 iustificationes.

398 1931 473 1967 SED
502 1942 648 1967 CONTRA
675 1942 741 1967 usT
768 1930 874 1978 quod
903 1931 1035 1967 dicitur
1055 1931 1163 1966 Deut.
1183 1941 1219 1966 vi
1237 1930 1272 1966 *z
1293 1931 1405 1967 Haec

343 1989 429 2020 sunt
447 1989 651 2031 praecepta
675 1989 711 2020 et
729 1984 989 2021 caeremoniae
1014 1989 1126 2031 atque
1144 1983 1282 2020 iudicia
1307 1995 1405 2031 quae

344 2036 539 2073 mandavit
565 2037 753 2073 Dominus
779 2037 883 2072 Deus
914 2037 1030 2073 vohis.
1055 2037 1105 2072 Et
1129 2037 1226 2072 haee
1252 2048 1402 2085 ponun-

344 2097 405 2126 tur
432 2089 472 2126 in
490 2089 674 2137 principio
702 2089 804 2137 legis.
825 2090 926 2137 Ergo
947 2089 1077 2126 omnia
1095 2096 1297 2138 praecepta
1315 2089 1405 2136 legis

345 2142 416 2179 sub
445 2141 502 2178 his
531 2142 916 2190 comprehenduntur.

398 2196 624 2232 Rnspounso
662 2206 845 2232 melerinum
879 2195 984 2244 quod
1020 2192 1059 2231 in
1095 2196 1177 2242 lege
1212 2202 1406 2243 ponuntur

346 2247 470 2296 aliqua
498 2254 680 2296 tanquam
698 2255 920 2296 praecepta3
949 2247 1075 2295 aliqua
1100 2259 1196 2284 vero
1222 2255 1405 2297 tanquam

346 2300 395 2339 ad
422 2308 716 2349 praeceptorum
743 2300 1053 2349 adimpletionem
1084 2300 1268 2338 ordinata.
1293 2301 1406 2338 Prae-

347 2361 455 2403 cepta
484 2353 641 2401 quidem
669 2361 757 2390 sunt
779 2354 827 2391 de
846 2354 904 2390 his
923 2366 1023 2401 quae
1046 2361 1133 2390 sunt
1159 2354 1317 2402 agenda.
1343 2354 1405 2390 Ad

347 2418 511 2454 quorum
532 2406 794 2455 impletionem
815 2419 859 2443 ex
889 2407 1040 2443 duobus
1057 2407 1176 2443 homo
1194 2407 1398 2444 inducitur:

331 2459 486 2508 scilicet
514 2472 560 2497 ex
579 2460 800 2496 auctoritate
818 2459 1102 2508 praecipientis3
1131 2467 1168 2496 et
1187 2471 1232 2496 ex
1249 2460 1405 2496 utilitate

346 2511 587 2560 impletionis,
611 2525 710 2561 quae
739 2513 894 2561 quidem
922 2520 978 2549 est
1006 2512 1223 2549 consecutio
1250 2513 1406 2550 alicuius

347 2565 439 2604 bnni
466 2565 575 2613 utilis,
601 2565 831 2603 delectabilis
858 2566 920 2602 vel
948 2565 1108 2612 honesti,
1138 2573 1201 2602 aut
1227 2566 1315 2613 fuga
1343 2567 1407 2603 ali-

348 2618 455 2657 cuius
473 2619 563 2656 mali
578 2619 765 2656 contrarii.
775 2618 966 2667 Oportuit
990 2618 1101 2666 igitur
1119 2618 1157 2654 in
1179 2619 1298 2655 veteri
1326 2620 1406 2667 lege

347 2670 511 2718 proponi
536 2672 727 2720 quaedam
757 2684 863 2730 quae
883 2671 1143 2708 auctoritatem
1167 2671 1240 2708 Dei
1266 2673 1408 2720 praeci-

340 2723 484 2771 ·pientis
519 2723 748 2761 indicarent:
777 2724 874 2760 sicut
905 2724 994 2760 illud
1023 2725 1132 2761 Deut.
1161 2735 1196 2760 vl
1223 2724 1261 2761 *ε
1294 2726 1406 2771 Audi,

349 2776 481 2821 Israel,
506 2777 693 2813 Dominus
720 2778 824 2814 Deus
851 2783 934 2813 tuus
953 2778 1056 2813 Deus
1084 2788 1180 2813 unus
1207 2783 1278 2822 est‚·
1303 2787 1339 2814 et
1367 2778 1407 2815 il-

349 2828 415 2866 lud
437 2829 530 2866 Gen.
551 2841 562 2865 1
580 2829 619 2866 ²³:
638 2830 686 2866 In
707 2829 894 2878 principio
913 2830 1056 2866 creavit
1075 2831 1180 2867 Deus
1207 2831 1352 2868 caelum
1372 2837 1408 2868 et

349 2887 503 2919 terram.
519 2882 568 2919 Et
586 2882 806 2920 huiusmodi
827 2882 1233 2920 dicunturtestimonia.
1244 2904 1269 2911 -
1281 2884 1406 2932 Opor-

350 2935 417 2973 tuit
445 2934 559 2972 etiam
587 2935 693 2983 quod
716 2935 756 2972 in
783 2936 866 2983 lege
886 2943 1190 2984 proponerentur
1215 2937 1407 2986 quaedam

349 2987 521 3036 praemia
536 2988 822 3027 observantium
837 2989 961 3036 legem
970 2988 1002 3035 ⁴⁸,
1012 2996 1048 3025 et
1061 3000 1211 3036 poenae
1225 2997 1409 3037 transgre-

351 3040 552 3078 dientium:
578 3048 620 3077 ut
646 3047 749 3089 patet
776 3042 886 3078 Deut.
912 3052 1050 3078 xxvnr:
1079 3042 1122 3077 Si
1146 3042 1310 3079 audieris
1340 3054 1408 3079 vo-

350 3105 431 3131 cem
455 3093 613 3130 Domini
627 3094 704 3130 Dei
729 3094 792 3139 tui,
807 3094 926 3141 faciet
946 3099 980 3130 te
1006 3094 1249 3131 excelsiorem
1268 3096 1408 3132 cunctis

349 3147 630 3196 gentibus„etc.
651 3147 700 3184 Et
727 3146 947 3184 huius-modi
981 3146 1157 3184 dicuntur
1183 3147 1407 3195 iusttficatio-

405 3250 432 3282 α)
447 3250 598 3283 praedicta.
610 3263 629 3269 -
644 3254 788 3283 praecepta
807 3251 854 3278 Pa.

1448 567 1531 601 nes,
1568 556 1777 592 secundum
1816 558 1920 604 quod
1954 558 2058 593 Deus
2091 559 2238 607 aliquos
2270 559 2364 595 iuste
2397 559 2505 607 punit

1448 609 1509 643 vel
1537 609 1733 655 praemiat.

1503 662 1588 709 lpsa
1607 668 1734 697 autem
1764 662 1909 708 agenda
1937 664 2007 699 sub
2027 672 2229 712 praecepto
2261 676 2339 700 non
2367 664 2506 701 cadunt

1449 713 1519 749 nisi
1547 713 1771 760 inquantum
1800 715 1939 750 habent
1967 715 2132 762 aliquam
2162 716 2277 753 debiti
2305 717 2503 754 rationem.

1450 766 1517 802 Est
1537 774 1663 802 autem
1684 767 1822 813 duplex
1848 767 2035 804 debitum:
2056 781 2176 805 unum
2197 769 2351 817 quidem
2373 782 2505 807 secun·
2510 770 2528 774 '⁷

1451 818 1543 855 dum
1583 819 1750 866 regulam
1786 819 1958 865 rationis,
1995 821 2093 858 aliud
2130 830 2256 858 autem
2294 823 2505 860 secundum

1451 872 1619 918 regulam
1635 871 1726 919 legis
1747 871 2045 917 determinantis;
2067 874 2161 910 sicut
2180 875 2476 924 Philosophus,
2468 888 2506 912 1n

1449 924 1484 960 V
1510 925 1629 960 Ethic
1651 923 1670 945 '¹‘
1674 924 1894 971 ,distinguit
1922 925 2057 973 duplex
2086 926 2236 973 iustum,
2260 927 2398 964 scilicet
2425 941 2507 965 mo—

1451 978 1528 1012 rale
1549 984 1584 1012 et
1603 977 1732 1024 legale.
1754 977 1934 1013 Debitum
1965 985 2091 1014 autem
2112 981 2256 1015 morale
2278 988 2332 1016 est
2352 981 2506 1029 duplex:

1452 1029 1564 1066 dictat
1585 1029 1685 1065 enim
1715 1029 1808 1065 ratio
1837 1030 1976 1078 aliquid
1996 1031 2212 1068 faciendum
2240 1034 2301 1069 vel
2326 1041 2508 1081 tanquam

1453 1082 1721 1128 necessarium,
1745 1082 1823 1118 sine
1845 1095 1922 1130 quo
1951 1095 2028 1120 non
2052 1092 2176 1132 potest
2199 1097 2281 1121 esse
2311 1086 2405 1122 ordo
2433 1086 2509 1123 vir-

1452 1135 1557 1180 tutis;
1587 1136 1648 1171 vel
1676 1143 1857 1183 tanquam
1886 1136 1975 1172 utile
2004 1137 2051 1173 ad
2080 1137 2154 1173 hoc
2182 1139 2286 1185 quod
2315 1139 2409 1175 ordo
2438 1139 2510 1175 vir-

1453 1188 1539 1224 tutis
1560 1188 1694 1224 melius
1714 1196 1970 1226 conservetur.
1993 1190 2041 1226 Et
2059 1191 2269 1227 secundum
2289 1192 2374 1238 hoc,
2396 1204 2510 1240 quae-

1455 1241 1542 1277 dam
1569 1240 1769 1277 moralium
1798 1242 1968 1289 praecise
1988 1243 2270 1291 praecipiuntur
2294 1246 2355 1280 vel
2383 1245 2510 1292 prohi-

1455 1295 1590 1330 bentur
1618 1294 1655 1330 in
1684 1294 1781 1341 lege:
1811 1295 1925 1340 sicut,
1954 1295 2044 1331 Non
2070 1297 2224 1341 occides,
2249 1297 2339 1333 Non
2356 1299 2509 1345 furtum

1450 1347 1570 1393 facies
1603 1346 1633 1382 ²¹⁸.
1664 1347 1713 1382 Et
1740 1348 1835 1383 haec
1862 1348 2014 1396 proprie
2042 1348 2217 1385 dicuntur
2243 1356 2459 1398 praecepta:
2486 1371 2509 1377 -
2538 1356 2566 1403 ze
2601 1361 2615 1403 ξ

1457 1400 1657 1446 Quaedam
1680 1412 1773 1436 vero
1789 1399 2069 1448 praecipiuntur
2086 1402 2147 1437 vel
2161 1402 2420 1450 prohibentur,
2433 1415 2509 1439 non
2539 1414 2677 1455 seyr-‘⁷0‘
2714 1413 2722 1428 ¹

1456 1453 1563 1500 quasi
1581 1453 1750 1500 praecise
1780 1453 1917 1499 debita,
1940 1453 2007 1489 sed
2031 1461 2187 1502 propter
2205 1455 2351 1491 melius.
2372 1457 2421 1492 Et
2443 1456 2512 1492 ista

1455 1513 1615 1554 possunt
1629 1505 1700 1542 dici
1716 1506 1912 1542 mandata:
1937 1506 2025 1553 quia
2046 1508 2238 1555 quandam
2254 1507 2512 1545 inductionem

1456 1559 1596 1594 habent
1621 1567 1656 1594 et
1675 1558 1974 1606 persuasionem.
1997 1559 2100 1595 Sicut
2123 1560 2213 1596 illud
2238 1561 2361 1596 Exod.
2381 1573 2452 1597 ΧΧιι
2471 1560 2511 1596 *t
2541 1567 2549 1575 ·
2587 1571 2598 1586 ⁶

1458 1612 1498 1647 Si
1518 1612 1660 1660 pignus
1687 1611 1874 1658 acceperis
1898 1612 2152 1648 vestimentum
2182 1624 2205 1649 a
2227 1614 2409 1660 proximo
2438 1619 2512 1658 tuo,

1457 1670 1542 1700 ante
1578 1665 1665 1700 solis
1693 1676 1867 1700 occasum
1905 1665 2038 1701 reddas
2066 1666 2100 1701 ei
2108 1679 2120 1709 ‚·
2149 1673 2185 1701 et
2214 1666 2338 1713 aliqua
2366 1667 2511 1703 similia.

1458 1717 1568 1753 Unde
1598 1717 1856 1764 Hieronymus
1877 1717 1896 1737 *
1921 1717 2009 1753 dicit
2036 1718 2140 1765 quod
2170 1719 2206 1754 in
2232 1721 2439 1767 praeceptis
2463 1725 2516 1756 est
2542 1724 2564 1774 i'n
2585 1730 2599 1745 0
2662 1731 2717 1746 r0⁰2

1458 1770 1604 1815 iustitia,
1626 1770 1664 1805 in
1692 1770 1878 1806 mandatis
1908 1781 1996 1806 vero
2025 1772 2172 1807 caritas.
2194 1791 2217 1798 -
2238 1772 2419 1808 Debitum
2449 1785 2515 1809 au-

1457 1830 1533 1858 tem
1561 1835 1605 1858 ex
1631 1822 1938 1859 determinatione
1959 1823 2060 1870 legis,
2082 1823 2119 1860 in
2140 1825 2251 1860 rebus
2271 1825 2426 1872 quidem
2446 1826 2515 1862 hu-

1458 1876 1579 1912 manis
1607 1875 1767 1923 pertinet
1790 1875 1839 1912 ad
1868 1876 2076 1919 iudicialia‚·
2104 1877 2141 1913 in
2162 1878 2275 1912 rebus
2303 1885 2430 1914 autem
2461 1878 2514 1915 di-

1457 1928 1565 1971 vinis,
1595 1929 1641 1965 ad
1671 1928 1972 1965 caeremonialia.

1512 1981 1700 2027 Quamvis
1729 1981 1842 2018 etiam
1863 1979 1907 2017 ea
1937 1993 2034 2028 quae
2061 1982 2248 2030 pertinent
2275 1983 2323 2019 ad
2348 1995 2515 2031 poenam

1458 2036 1519 2071 vel
1548 2034 1730 2083 praemia,
1763 2034 1834 2070 dici
1862 2034 2008 2082 possint
2039 2031 2264 2080 testimonia,
2291 2036 2515 2084 inquantum

1462 2095 1549 2124 sunt
1575 2086 1865 2135 protestationes
1892 2088 2083 2135 quaedam
2114 2088 2262 2124 divinae
2292 2088 2461 2126 iustitiae.
2491 2110 2514 2116 -

1461 2140 1603 2177 Omnia
1631 2152 1724 2176 vero
1752 2148 1953 2188 praecepta
1981 2141 2071 2188 legis
2099 2149 2258 2189 possunt
2287 2141 2358 2178 dici
2387 2142 2516 2190 iustifi-

1461 2193 1640 2238 cationes,
1669 2193 1896 2240 inquantum
1930 2202 2017 2230 sunt
2049 2194 2238 2242 quaedam
2278 2195 2517 2231 executiones

1459 2246 1586 2293 legalis
1606 2245 1775 2282 iustitiae.
1793 2266 1816 2273 -
1832 2247 1997 2283 Possunt
2025 2247 2138 2283 etiam
2167 2247 2271 2283 aliter
2298 2247 2476 2284 mandata
2496 2260 2518 2284 a

1459 2299 1668 2347 praeceptis
1696 2299 1888 2346 distingui:
1917 2306 1958 2335 ut
1979 2305 2182 2348 praecepta
2216 2299 2386 2336 dicantur
2419 2313 2517 2349 quae

1460 2353 1564 2388 Deus
1592 2364 1660 2400 per
1692 2351 1859 2400 seipsum
1889 2352 2013 2397 iussit;
2043 2353 2222 2397 mandata
2251 2361 2389 2400 autem,
2421 2365 2518 2402 quae

1459 2417 1528 2453 per
1555 2406 1648 2442 alios
1677 2405 1883 2452 mandavit,
1905 2413 1946 2441 ut
1973 2405 2097 2453 ipsum
2126 2417 2269 2442 nomen
2299 2418 2434 2442 sonare
2461 2406 2517 2442 vi-

1460 2458 1578 2494 detur.

1514 2512 1570 2547 Ex
1600 2510 1738 2558 quibus
1773 2511 1951 2547 omnibus
1979 2519 2135 2560 apparet
2171 2511 2275 2559 quod
2313 2512 2442 2548 omnia
2469 2512 2518 2547 le-

1460 2565 1514 2612 gis
1543 2571 1745 2612 praecepta
1774 2563 2013 2600 continentur
2045 2564 2115 2600 sub
2139 2564 2365 2611 moralibus,
2396 2576 2519 2600 caere-

1462 2617 1690 2654 monialibus
1719 2624 1754 2653 et
1772 2617 2027 2654 iudicialibus:
2057 2617 2128 2653 alia
2157 2628 2250 2653 vero
2275 2629 2352 2653 non
2380 2618 2520 2653 habent

1463 2671 1646 2707 rationem
1675 2677 1978 2718 praeceptorum,
1999 2670 2066 2706 sed
2096 2670 2316 2707 ordinantur
2339 2670 2385 2706 ad
2413 2681 2519 2718 prae-

1463 2731 1660 2772 ceptorum
1691 2722 2011 2770 observationem,
2037 2730 2078 2759 ut
2106 2723 2247 2759 dictum
2277 2730 2343 2758 est.

1516 2779 1574 2813 AD
1594 2787 1730 2812 Palmum
1750 2787 1848 2812 ERGO
1868 2787 2050 2812 mcENDUM
2075 2776 2177 2823 quod
2203 2776 2283 2811 sola
2302 2775 2446 2821 iustitia,
2467 2774 2521 2810 in-

1462 2838 1518 2866 ter
1537 2829 1628 2865 alias
1642 2829 1810 2876 virtutes,
1828 2829 2004 2877 importat
2019 2830 2205 2865 rationem
2223 2828 2348 2864 debiti.
2366 2828 2415 2864 Et
2433 2826 2520 2864 ideo

1464 2882 1622 2919 moralia
1637 2882 1824 2918 intantum
1839 2889 1926 2918 sunt
1939 2883 2020 2929 lege
2038 2880 2345 2927 determinabilia,
2362 2880 2521 2928 inquan-

1464 2944 1544 2972 tum
1574 2935 1762 2984 pertinent
1780 2935 1829 2971 ad
1848 2934 2043 2971 iustitiam:
2069 2934 2174 2970 cuius
2194 2934 2306 2970 etiam
2331 2933 2520 2981 quaedam

1464 3001 1552 3038 pars
1581 2995 1637 3024 est
1665 2987 1804 3035 religio,
1825 2995 1867 3024 ut
1894 2987 2040 3023 Tullius
2070 2987 2157 3024 dicit
2182 2986 2211 3023 ²¹³.
2242 2986 2352 3023 Unde
2381 2986 2521 3022 iustum

1465 3042 1582 3089 legale
1611 3053 1689 3078 non
1717 3048 1842 3089 potest
1869 3052 1950 3076 esse
1979 3039 2131 3088 aliquod
2152 3047 2301 3087 praeter
2329 3050 2522 3076 caeremo-

1467 3094 1578 3131 nialia
1604 3101 1640 3130 et
1668 3093 1854 3130 iudicialia
1888 3100 2100 3141 praecepta.

1520 3147 1580 3183 Ad
1600 3146 1671 3182 alia
1685 3153 1788 3194 patet
1803 3145 1999 3193 responsio
2016 3157 2084 3193 per
2099 3156 2143 3181 ea
2163 3157 2261 3193 quae
2278 3144 2376 3181 dicta
2390 3152 2477 3181 sunt
2490 3144 2521 3181 ³¹⁸.
2552 3155 2559 3164 ·
2588 3160 2602 3175 n

1025 3307 1356 3342 Commentariis.
1378 3309 1628 3342 Cardinalis
1650 3308 1850 3340 Caietam

355 3389 402 3452 IN
425 3386 539 3420 quarto
564 3386 594 3409 et
617 3380 729 3419 quinto
754 3378 891 3409 articulis
915 3378 1057 3409 eiusdem
1081 3379 1406 3419 nonagesimaenonae
1463 3379 1495 3408 in
1521 3379 1564 3409 eis
1589 3386 1619 3409 et
1642 3379 1674 3408 in
1707 3378 1827 3418 reliqua
1850 3378 2008 3418 Scriptura
2037 3378 2116 3408 clare
2139 3377 2292 3418 inspicere
2325 3379 2523 3415 testimonia,

383 3422 586 3464 quaestionis,
604 3423 729 3454 adverte
752 3422 867 3462 primo,
884 3423 973 3463 quod
990 3422 1040 3453 hic
1061 3423 1157 3454 habes
1180 3422 1407 3463 expositionem

353 3466 561 3498 terminorum
585 3466 763 3508 frequenter
785 3467 816 3497 in
832 3467 963 3497 Psalmis
983 3466 1175 3507 positorum:
1198 3474 1234 3497 ut
1256 3467 1358 3507 possis
1379 3474 1409 3497 et

1458 3428 1645 3463 praecepta,
1666 3423 1828 3458 mandata,
1847 3422 2096 3463 iustificationes,
2114 3422 2242 3453 iudicia.

1522 3467 1656 3497 Adverte
1689 3467 1845 3502 secundo,
1870 3466 1902 3496 in
1926 3466 2131 3506 responsione
2163 3467 2202 3496 ad
2234 3466 2374 3506 primum
2404 3466 2523 3496 articuli

2535 930 2588 952 'Ca
2606 946 2612 952 .
2622 935 2662 956 vn,
2674 936 2697 951 n.
2708 936 2724 951 1.
2734 941 2744 946 -

2535 936 2612 980 ἃτὲ.
2628 958 2682 978 lect.
2691 962 2732 978 ιιι.

2550 2994 2630 3016 'er-D!
2632 2993 2760 3016 thRke-

2550 3021 2760 3048 tor„1i.,b11‹:ap.
