2840 4010
150 1139 158 1147 ·
173 1137 240 1159 Vers.
256 1142 287 1164 17.

149 1357 199 1378 ·Cf.
208 1363 246 1384 qu.
258 1363 303 1383 xer,
315 1360 356 1378 art.

146 1390 172 1410 4.

149 1714 155 1722 ·
172 1711 297 1739 sufficiente
312 1711 335 1732 P.

147 2385 158 2396 ⁴
172 2384 238 2406 Vers.
253 2391 283 2412 ¹7-

152 2863 160 2871 ·
175 2861 241 2883 Vers.
257 2867 285 2883 12.
297 2873 307 2878 -
323 2862 358 2883 Cf.

150 2888 357 2915 Luc.cap.v1,vers.

150 2919 183 2942 ²3·

247 2950 264 2966 α

151 3016 159 3025 ·
171 3013 238 3036 Vere.
254 3020 281 3042 13.

394 177 467 222 298
1088 169 1354 217 QUAESTIO
1384 168 1485 215 cut,
1516 167 1811 206 ARTICULUS
1839 169 1874 205 v

391 260 554 294 praecepta
582 253 653 283 fidei
678 260 708 283 et
731 252 811 292 spei,
837 251 910 291 quia
942 260 1004 279 non
1030 256 1102 278 sunt
1126 253 1289 288 praecepta
1314 246 1372 275 nisi
1401 245 1449 275 in-
1559 246 1742 276 Secundum
1755 245 1816 275 hoc
1829 255 1903 285 ergo
1917 246 2088 276 dicendum
2101 254 2147 277 est
2158 248 2245 288 quod
2258 248 2427 288 responsio
2442 248 2511 278 data
2525 249 2574 278 ad*

391 304 547 337 quantum
564 307 599 327 ex
622 296 683 326 fide
701 304 730 326 et
746 305 800 335 spe
824 295 912 329 fiunt,
931 303 994 323 non
1013 293 1128 322 cadunt
1151 292 1209 321 sub
1229 291 1287 320 hac
1303 289 1448 320 distribu-
1502 290 1631 320 tertium
1653 290 1686 319 in
1710 289 1819 325 littera,
1838 290 2013 320 extenditur
2037 291 2075 319 ad
2097 291 2206 321 omnia
2229 299 2393 331 praecepta
2409 292 2564 323 virtutum

391 342 487 371 tione.
505 342 545 371 Et
561 348 725 381 propterea
741 342 860 369 Auctor
879 337 976 366 solius
1001 335 1156 375 praecepti
1178 333 1353 364 dilectionis
1370 333 1450 363 inter
1503 333 1748 373 theologalium:
1762 333 1803 363 ita
1811 334 1899 373 quod
1913 333 2005 363 etiam
2020 334 2152 370 credere,
2165 344 2297 373 sperare,
2306 335 2434 375 diligere
2446 337 2562 372 Deum,

391 385 561 424 spectantia
573 386 612 415 ad
627 382 819 422 theologales
836 381 964 410 virtutes
981 379 1125 409 meminit
1140 379 1172 408 in
1189 377 1394 417 responsione
1410 377 1450 407 ad
1503 377 1644 408 confiteri
1662 378 1769 418 ipsum
1794 378 1898 408 Iesum
1919 377 2092 413 Christum,
2113 384 2217 417 potest
2239 378 2340 409 homo
2358 390 2416 419 per
2434 390 2490 411 sua
2510 391 2563 410 na-

391 429 530 464 tertium,
556 436 590 459 ut
613 427 783 457 insinuaret
805 425 893 464 quod
915 425 952 453 de
969 423 1017 452 his
1041 422 1220 462 disputabat
1243 431 1323 462 quae
1346 421 1448 451 solam
1501 421 1613 452 turalia
1632 428 1787 462 quantum
1807 422 1846 451 ad
1866 421 2074 451 substantiam
2094 431 2228 460 operum
2245 421 2426 463 adimplere,
2447 431 2478 455 et
2496 434 2562 455 non

390 473 519 512 gratiam
536 482 600 501 non
617 470 826 500 continebant.
845 471 871 497 A
889 466 1051 497 doctrinali
1069 476 1207 506 namque
1225 465 1446 505 disputatione,
1501 465 1692 505 inquantum
1720 465 1892 506 implentur
1916 475 1951 495 ex
1975 475 2030 505 spe
2045 472 2075 495 et
2107 464 2168 495 fide
2192 472 2222 495 et
2250 465 2384 497 caritate.
2405 467 2446 498 Et
2474 469 2563 508 quod

391 517 506 546 nedum
532 514 663 555 puerili,
689 511 935 543 remotissimum
960 517 1005 541 est
1029 517 1063 540 ut
1086 517 1224 540 vertatur
1247 509 1279 539 in
1313 508 1446 539 dubium
1501 509 1562 540 hoc
1586 510 1625 540 sit
1648 519 1768 545 verum,
1794 519 1830 539 ex
1854 519 1892 539 eo
1914 509 2099 539 convincere
2118 519 2290 549 possumus
2323 510 2412 550 quod
2438 512 2562 550 gentilis

390 561 427 589 de
444 558 614 599 praeceptis
629 557 726 587 solius
747 555 871 595 gratiae,
888 555 913 584 si
930 565 985 594 per
1001 554 1153 584 naturalia
1170 553 1285 593 expleri
1303 560 1446 593 possunt.
1501 554 1632 584 edoctus
1647 553 1753 590 fidem,
1769 554 1881 583 nolens
1897 563 1964 583 esse
1977 553 2184 588 Christianus,
2203 563 2276 583 cum
2300 553 2360 583 hoc
2377 561 2485 593 posset
2499 565 2561 586 cre-

389 604 430 633 Et
450 603 624 632 secundum
645 601 717 637 hoc,
734 600 805 629 licet
826 598 935 628 titulus
952 598 1072 628 articuli
1090 597 1182 628 fuerit
1203 598 1241 627 de
1262 597 1338 636 legis
1358 605 1446 636 prae·
1500 598 1573 627 dere
1587 603 1686 627 totam
1703 597 1799 627 fidem
1816 607 1882 627 esse
1894 596 2010 633 veram,
2025 604 2060 628 ut
2072 597 2210 627 Ecclesia
2225 604 2324 627 tenet:
2338 604 2462 628 constat
2476 598 2561 630 enim

389 647 485 686 ceptis
508 645 700 680 indistincte,
725 653 760 673 ac
784 652 839 682 per
862 642 923 672 hoc
947 642 1111 678 omnibus;
1143 641 1308 681 responsio
1341 648 1446 671 tamen
1500 642 1589 682 quod
1605 641 1673 672 talis
1688 641 1775 671 nulla
1790 641 2020 681 supernaturali
2036 641 2133 681 gratia
2148 641 2274 671 adiutus
2291 642 2438 672 crederet.
2451 642 2562 674 Posset

389 701 460 720 cum
485 690 537 720 tali
569 688 780 722 distinctione,
805 686 922 716 scilicet
945 686 1052 726 quoad
1080 686 1288 717 substantiam
1311 694 1447 725 operum
1500 695 1630 726 quoque
1644 685 1729 715 idern
1745 695 1868 725 sperare
1889 695 1922 716 se
1938 685 2005 716 fore
2020 686 2149 716 beatum
2164 685 2197 715 in
2214 685 2318 716 caelo:
2335 685 2480 726 quamvis
2494 687 2561 717 ina-

387 734 436 763 vel
455 734 589 763 modum
608 730 891 771 supernaturalem,
907 730 1077 760 insinuavit
1101 730 1189 770 quod
1205 729 1257 759 illa
1282 738 1363 770 quae
1379 738 1445 758 non
1500 729 1548 759 nis
1565 735 1645 759 esset
1664 739 1735 768 spes
1752 728 1829 764 eius,
1843 729 1923 759 sicut
1936 736 1966 760 et
1977 728 2064 760 fides.
2084 729 2145 760 Sed
2157 729 2197 759 ad
2208 729 2412 769 propositum
2422 729 2497 761 satis
2515 738 2563 762 est

388 778 445 807 nisi
461 775 736 816 supernaturaliter
759 774 871 804 servari
888 780 1031 814 possunt,
1052 773 1246 804 discussione
1263 780 1328 803 non
1344 779 1444 812 egent.
1500 773 1538 803 de
1559 772 1743 803 sufficientia
1763 773 1803 802 ad
1824 773 2031 803 substantiam
2054 782 2205 813 operum;
2223 783 2320 814 quam
2344 773 2377 804 in
2400 773 2561 805 haereticis

441 822 478 852 V.
493 821 553 851 Sed
577 820 650 850 huic
665 817 864 858 responsioni
880 817 987 848 obviat
1006 817 1120 857 primo,
1139 818 1227 858 quod
1243 820 1364 848 Auctor
1380 826 1446 846 non
1500 824 1656 857 quantum
1672 817 1711 846 ad
1733 815 1966 846 confessionem
1990 817 2176 848 exteriorem
2198 824 2228 848 et
2244 824 2330 848 actus
2352 817 2515 848 interiores
2531 825 2562 850 et

387 865 549 904 distinguit
578 863 830 893 observationem
864 862 1088 892 mandatorum
1116 868 1274 902 quantum
1301 861 1341 891 ad
1372 861 1445 890 sub·
1500 861 1733 900 susceptionem
1765 867 2034 891 sacramentorum
2065 861 2257 901 experimur,
2283 862 2337 902 qui
2361 869 2450 893 actus
2473 860 2560 899 fidei,

387 909 542 942 stantiam,
563 914 671 938 contra
686 905 940 936 observationem
962 906 1137 936 eorundem
1158 903 1444 946 supernaturaliter,
1499 905 1566 945 spei
1583 912 1613 935 et
1629 904 1772 940 caritatis,
1793 911 1950 944 quantum
1965 905 2005 934 ad
2026 905 2233 936 substantiam
2253 915 2398 946 operum,
2423 906 2509 937 intus
2529 913 2560 937 et

388 953 441 983 sed
466 963 502 983 ex
526 952 659 982 caritate.
674 968 695 973 -—
716 950 786 980 Dici
810 957 915 980 tamen
939 957 1044 990 potest
1067 950 1156 990 quod
1178 959 1278 990 genus
1302 960 1319 980 a
1342 948 1444 989 specie
1499 956 1583 979 extra
1606 955 1756 983 exercent,
1782 948 1848 978 sine
1873 948 1939 978 ullo
1963 949 2191 988 supernaturali
2215 950 2302 980 dono
2325 950 2358 980 in
2381 950 2435 981 eis.

386 995 570 1032 nominavit,
595 994 832 1035 supernaturale
856 1004 873 1024 a
890 993 1029 1024 caritate:
1052 994 1126 1034 quia
1146 993 1178 1024 in
1205 994 1370 1034 proposito
1398 1002 1448 1023 ae·
1553 993 1618 1023 VII.
1634 993 1681 1022 De
1698 991 1973 1022 sacramentalibus
1984 999 2091 1022 autem
2103 993 2223 1024 actibus
2236 993 2324 1024 facile
2338 994 2450 1025 dicitur
2461 995 2560 1035 quod,

386 1041 557 1082 quivalent.
1500 1037 1573 1077 quia
1604 1043 1769 1076 praecepta
1793 1036 1906 1066 dantur
1934 1036 1972 1065 de
1996 1036 2116 1066 actibus
2139 1037 2309 1074 virtutum3
2335 1046 2422 1069 actus
2453 1045 2559 1069 autem

441 1084 555 1115 Obviat
574 1083 713 1113 secundo
737 1082 834 1122 quod,
856 1082 929 1122 quia
942 1081 1030 1122 fides
1054 1087 1100 1112 est
1124 1091 1165 1112 ex
1187 1082 1315 1119 auditu,
1341 1088 1376 1112 ut
1400 1081 1444 1111 di·
1500 1080 1738 1111 sacramentales
1765 1089 1829 1109 non
1854 1085 1928 1110 sunt
1955 1086 2042 1110 actus
2072 1081 2273 1120 propriexaut
2295 1092 2374 1122 pure
2396 1083 2559 1118 virtutum,

387 1129 466 1159 citur
489 1128 531 1159 ad
552 1128 643 1158 Rom.
666 1137 684 1156 x
704 1126 737 1162 *,
769 1125 963 1156 nonnullum
987 1132 1190 1166 praeceptum
1214 1132 1261 1156 est
1287 1133 1322 1156 ut
1345 1126 1445 1155 homo
1499 1125 1553 1155 sed
1570 1131 1762 1164 potestatum
1780 1123 2076 1163 supernaturalium,
2093 1134 2160 1155 non
2175 1124 2322 1156 facientes
2338 1127 2487 1157 habentes
2502 1127 2561 1157 bo-

386 1173 506 1203 auditui
529 1171 601 1201 fidei
625 1181 657 1200 se
680 1170 828 1210 praebeat
844 1170 972 1210 qualem
995 1170 1087 1200 debet
1110 1179 1143 1199 se
1167 1169 1310 1200 exhibere
1333 1170 1366 1199 in
1388 1170 1445 1199 ob·
1500 1179 1568 1204 nos,
1591 1168 1644 1198 sed
1668 1174 1826 1208 potentes:
1851 1167 1924 1197 ideo
1941 1167 2126 1199 huiusmodi
2138 1178 2235 1208 opera
2249 1170 2338 1200 nullo
2351 1171 2450 1201 modo
2466 1181 2560 1211 posse

386 1217 532 1257 sequium
548 1215 630 1245 fidei.
1499 1212 1663 1243 hominem
1679 1212 1711 1242 in
1728 1219 1809 1242 statu
1829 1218 1957 1242 naturae
1980 1211 2117 1251 integrae
2129 1235 2136 1248 ,
2166 1222 2232 1242 non
2255 1214 2359 1245 obstat
2381 1215 2560 1255 proposito,

440 1261 492 1291 VI.
510 1260 600 1291 Unde
618 1258 730 1289 dicitur
750 1257 899 1293 secundo,
914 1257 1002 1298 quod
1020 1255 1078 1286 alia
1096 1263 1142 1287 est
1165 1256 1308 1297 quaestio
1334 1257 1372 1287 de
1394 1267 1445 1287 co-
1500 1257 1554 1287 ubi
1582 1257 1620 1286 de
1643 1255 1815 1296 praeceptis
1839 1255 1965 1295 agitur:

385 1304 524 1345 gnitione
547 1301 833 1343 supernaturalium
849 1307 1106 1341 praeceptorum,
1125 1307 1155 1331 et
1169 1300 1228 1331 alia
1245 1301 1284 1331 de
1300 1301 1446 1332 facultate
1553 1300 1636 1331 VIII.
1654 1300 1744 1331 Circa
1761 1307 1821 1330 tres
1841 1299 1936 1330 simul
1956 1299 2104 1330 articulos
2119 1299 2300 1331 immediate
2317 1301 2486 1341 expositos,
2507 1302 2561 1332 ad-

385 1347 577 1389 adimplendi
600 1347 664 1377 iam
687 1345 826 1385 cognita;
848 1352 878 1376 et
901 1345 990 1386 quod
1012 1344 1076 1375 iam
1095 1344 1112 1364 *
1133 1345 1377 1376 determinatum
1400 1351 1447 1375 est
1499 1351 1583 1374 verte
1607 1344 1705 1385 quod,
1730 1343 1802 1374 licet
1825 1343 2015 1374 conveniant
2037 1343 2070 1374 in
2093 1344 2155 1375 hoc
2179 1344 2268 1384 quod
2289 1344 2421 1385 quilibet
2444 1338 2562 1376 claudit

385 1393 473 1434 quod
495 1399 561 1422 tam
582 1392 631 1421 lex
654 1391 760 1421 divina
783 1389 1028 1430 supernaturalis
1052 1395 1108 1425 est,
1126 1398 1223 1429 quam
1247 1389 1336 1429 quod
1360 1399 1446 1419 exce·
1499 1388 1530 1418 in
1555 1398 1588 1418 se
1604 1388 1822 1429 quaestionem
1847 1388 1886 1418 de
1910 1387 2092 1418 necessitate
2110 1388 2226 1428 gratiae
2241 1395 2384 1429 respectu
2400 1389 2562 1420 universo·

385 1437 429 1468 dit
446 1436 660 1476 cognitionem
684 1434 873 1470 naturalem;
895 1441 925 1464 et
941 1433 1029 1474 quod
1048 1443 1133 1463 nunc
1154 1439 1199 1463 est
1215 1432 1362 1473 quaestio·
1380 1443 1446 1464 non
1499 1442 1572 1463 rum
1584 1439 1713 1462 actuum
1724 1431 1950 1468 humanorum,
1963 1438 1994 1462 et
2002 1438 2167 1472 propterea
2178 1433 2218 1462 ad
2231 1442 2328 1463 unam
2340 1433 2562 1474 quaestionem

385 1482 424 1511 de
440 1480 629 1520 cognitione,
646 1479 700 1509 sed
717 1478 953 1518 adimpletione.
970 1478 1101 1517 Propter
1117 1477 1205 1517 quod
1225 1476 1375 1508 articulus
1389 1477 1446 1507 iste
1500 1483 1654 1517 spectant;
1676 1476 1836 1506 diversitas
1858 1483 1964 1506 tamen
1985 1475 2207 1507 difficultatum
2229 1476 2392 1508 distinctos
2413 1477 2562 1509 articulos

385 1525 498 1555 directe
523 1531 630 1555 tractat
654 1522 874 1563 quaestionem
898 1521 984 1552 illam
1007 1531 1089 1562 quae
1116 1520 1244 1560 Pelagio
1275 1520 1371 1551 tribui
1399 1521 1447 1551 vi·
1500 1520 1745 1561 poposcit.Nam
1757 1520 1788 1549 in
1800 1520 1940 1550 secundo
1951 1520 2083 1551 articulo
2097 1531 2133 1551 ex
2144 1521 2213 1561 ipsa
2224 1521 2345 1552 ratione
2357 1521 2433 1552 boni
2442 1522 2561 1562 operis;

385 1569 491 1604 detur,
516 1579 555 1598 an
579 1567 694 1598 scilicet
718 1567 817 1597 homo
845 1566 945 1606 possit
968 1575 1024 1606 per
1051 1575 1107 1596 sua
1131 1565 1285 1595 naturalia
1313 1564 1446 1606 implere
1499 1564 1532 1595 in
1549 1565 1650 1600 tertio,
1668 1575 1703 1594 ex
1723 1564 1906 1594 celsitudine
1929 1564 2053 1600 obiecti,
2069 1565 2127 1595 Dei
2142 1564 2268 1601 scilicet,
2286 1572 2316 1596 et
2331 1572 2429 1602 actm,
2443 1565 2562 1597 scilicet

386 1613 489 1643 divina
512 1619 686 1652 praecepta,
711 1610 951 1650 praesupposita
979 1610 1046 1649 lege
1071 1615 1266 1639 monstrante
1289 1608 1351 1640 illa.
1371 1608 1448 1649 Opi·
1500 1619 1595 1648 super
1607 1608 1731 1643 omnia;
1752 1608 1784 1637 in
1800 1615 1923 1648 quarto,
1940 1618 1977 1638 ex
1993 1608 2098 1638 divina
2109 1605 2306 1639 institutione
2322 1608 2488 1640 difficultas
2503 1616 2560 1642 est.

385 1664 494 1688 natum
519 1663 564 1687 est
587 1656 672 1686 enim
693 1656 781 1696 quod
805 1654 904 1684 homo
929 1661 998 1694 eget
1021 1653 1120 1693 gratia
1140 1659 1335 1684 monstrante
1358 1662 1446 1693 prae·
1499 1653 1576 1684 Post
1599 1652 1790 1682 decisionem
1814 1652 1970 1693 siquidem
1996 1652 2115 1693 primae
2139 1652 2340 1689 difficultatis,
2364 1653 2503 1684 secunda
2524 1663 2562 1685 ex

385 1708 483 1741 cepta,
505 1701 559 1731 sed
583 1710 649 1731 non
671 1698 829 1730 faciente*
849 1698 1020 1738 adimplere
1041 1697 1103 1728 illa.
1121 1698 1161 1727 Et
1184 1704 1292 1728 contra
1316 1697 1378 1727 hoc
1402 1704 1448 1728 est
1500 1697 1635 1737 propriis
1660 1697 1854 1736 explananda
1869 1704 1949 1732 erat,
1975 1704 2006 1727 et
2032 1696 2174 1727 similiter
2197 1696 2300 1728 tertia:
2321 1704 2353 1728 et
2374 1707 2483 1728 rursus
2504 1706 2561 1739 np-

385 1745 601 1775 determinatio
613 1744 708 1774 huius
719 1743 851 1779 articuli,
864 1749 899 1773 ut
911 1741 1258 1781 auctoritasAugustini
1268 1741 1300 1771 in
1315 1751 1447 1781 corpore
1501 1747 1589 1782 paret
1608 1742 1696 1781 quod
1720 1740 1848 1779 diligere
1871 1741 1976 1771 Deum
2002 1750 2098 1781 super
2121 1740 2230 1771 omnia
2253 1748 2382 1772 naturae
2405 1742 2486 1772 vioes
2508 1751 2560 1772 ex-

384 1789 504 1819 articuli
529 1789 621 1819 allata
644 1795 782 1818 testatur.
1501 1785 1605 1821 cedat,
1630 1792 1660 1816 et
1683 1784 1824 1814 similiter
1847 1785 1970 1815 divinae
1992 1784 2070 1825 legis
2094 1785 2282 1816 observatio.

1173 1947 1488 1989 ARTicous
1519 1929 1773 1998 QuiNTus
2072 2004 2078 2007 χ

779 2050 933 2081 UTRUM
957 2049 1086 2080 HOMO
1110 2048 1257 2080 POSSIT
1282 2048 1443 2079 MERERI
1468 2012 1606 2080 vITAM
1629 2048 1872 2080 AETERNAM
1891 2047 1985 2078 SINE
2011 2048 2173 2080 GRATIA

715 2138 788 2169 Infra,
809 2146 853 2171 qu.
873 2146 940 2168 cxiv,
959 2142 1005 2162 art.
1026 2145 1053 2166 23
1073 2137 1093 2162 11
1113 2137 1195 2166 Senr„
1217 2137 1276 2162 dist.
1295 2143 1380 2166 xxvnt,
1401 2142 1447 2162 art.
1470 2145 1496 2168 1;
1516 2136 1575 2161 dist.
1594 2144 1659 2167 xx1x,
1679 2142 1724 2162 art.
1747 2143 1774 2167 15
1795 2136 1825 2160 111
1847 2137 1923 2162 Cont.
1947 2137 2033 2165 Gent„
2053 2144 2108 2168 cap.
2128 2131 2224 2167 cxxssnu

957 2173 998 2198 De
1022 2173 1111 2202 Verit„
1132 2180 1176 2205 qu.
1196 2180 1261 2202 11er,
1281 2177 1328 2197 art.
1351 2180 1371 2201 1,
1391 2173 1423 2197 ad
1443 2179 1470 2202 25
1490 2178 1535 2197 art.
1559 2179 1603 2203 14;
1625 2172 1720 2202 Quodl.
1741 2172 1759 2201 I,
1779 2180 1823 2204 qu.
1843 2179 1877 2202 iv,
1898 2177 1945 2196 art.
1966 2179 1989 2197 2.

595 2283 617 2307 D
642 2282 803 2313 QUINTUM
823 2282 875 2307 sm
894 2281 1134 2306 paocaorrua.
1163 2268 1321 2306 Videtur
1339 2268 1446 2317 quod
1498 2267 1631 2305 turalia
1649 2274 1774 2316 potest
1793 2267 1991 2317 pervenire
2007 2268 2056 2305 ad
2070 2267 2190 2306 vitam
2205 2275 2401 2306 aeternam
2415 2268 2560 2319 absque

562 2366 565 2369 v
595 2324 715 2360 homo
730 2323 849 2372 possit
863 2322 1000 2359 mereri
1015 2322 1135 2359 vitam
1151 2329 1345 2359 aeternam
1364 2321 1445 2359 sine
1500 2321 1624 2369 aliqua
1652 2321 1778 2368 gratia.

500 2395 521 2421 ς
532 2360 563 2423 ’ἦ
596 2376 723 2424 gratia.
737 2376 834 2412 Dicit
850 2375 950 2412 enim
967 2376 1171 2423 Dominus,
1188 2375 1322 2412 Matth.
1338 2374 1446 2412 xxx*:
1554 2374 1628 2411 SED
1653 2385 1797 2410 CONTRA
1821 2385 1887 2410 EST
1912 2373 2016 2421 quod
2031 2375 2239 2423 Apostolus
2258 2374 2358 2422 dicit,
2378 2375 2430 2412 ad
2444 2375 2558 2412 Rom.

441 2443 451 2455 κ
472 2430 490 2453 1
551 2420 583 2464 N
597 2429 639 2465 Si
663 2429 719 2466 vis
737 2430 789 2466 ad
804 2429 919 2466 vitam
940 2429 1099 2478 ingredi,
1119 2440 1229 2465 serva
1249 2428 1446 2465 mandata.-
1499 2437 1534 2462 vl
1558 2426 1594 2463 *ε
1628 2427 1759 2463 Gratia
1779 2427 1853 2463 Dei
1875 2426 1952 2463 vita
1976 2432 2141 2464 aeterna.
2167 2426 2286 2474 Quod
2304 2426 2392 2467 ideo
2412 2426 2558 2474 dicitur,

386 2494 431 2518 ex
450 2494 527 2529 quo
547 2481 697 2518 videtur
725 2482 830 2530 quod
867 2481 1010 2529 ingredi
1041 2481 1079 2518 in
1102 2481 1222 2518 vitam
1251 2488 1445 2518 aeternam
1499 2479 1595 2516 sicut
1610 2480 1746 2516 Glossa
1761 2479 1939 2516 *ibidem
1961 2478 2060 2526 dicit,
2077 2485 2117 2516 ut
2130 2480 2420 2529 intelligeremus
2433 2481 2558 2517 Deum

386 2534 431 2571 sit
451 2534 695 2571 constitutum
715 2535 753 2571 in
773 2534 936 2571 hominis
956 2534 1163 2571 voluntate.
1189 2534 1266 2571 Sed
1285 2533 1323 2571 id
1343 2533 1447 2583 quod
1499 2532 1551 2569 ad
1576 2538 1768 2569 aeternam
1796 2533 1921 2582 vitam⁴
1936 2543 2011 2580 pro
2037 2543 2107 2569 sua
2130 2532 2374 2570 miseratione
2391 2545 2460 2570 nos
2472 2545 2560 2582 per-

385 2587 424 2624 in
443 2594 571 2624 nostra
589 2588 785 2625 voluntate
812 2587 1058 2624 constitutum
1078 2595 1144 2634 est,
1166 2599 1234 2636 per
1253 2599 1324 2624 nos
1342 2586 1447 2636 ipsos
1499 2585 1645 2622 ducere.

384 2652 601 2688 possumus.
632 2642 734 2689 Ergo
753 2640 903 2678 videtur
921 2641 1026 2688 quod
1051 2640 1170 2677 homo
1189 2652 1258 2689 per
1277 2639 1446 2689 seipsum
1554 2639 1793 2675 Responnao.
1811 2649 1994 2675 mear-inum
2027 2638 2138 2687 quod
2168 2645 2273 2675 actus
2308 2638 2560 2687 perducentes

385 2693 502 2741 possit
529 2693 647 2730 vitam
677 2701 869 2730 aeternam
899 2692 1046 2730 mereri.
1500 2691 1550 2728 ad
1574 2692 1692 2728 finem
1718 2698 1870 2741 oportet,
1891 2702 1972 2728 esse
1996 2690 2063 2728 fini
2082 2691 2402 2740 proportionatos.
2423 2691 2561 2728 Nullus

441 2758 475 2782 2.
504 2747 737 2794 PRAETEREA,
767 2746 846 2783 vita
874 2753 1027 2783 aeterna
1056 2753 1110 2782 est
1138 2745 1355 2794 praemium
1383 2745 1446 2782 vel
1501 2751 1628 2782 autem
1650 2752 1753 2782 actus
1775 2743 1919 2782 excedit
1937 2744 2227 2793 proportionem
2242 2743 2416 2794 principii
2435 2743 2559 2783 activi.

432 2287 478 2304 «1
498 2288 570 2338 qa<

434 2332 440 2342 b

422 2313 444 2328 ‘a'
452 2320 459 2328 a
509 2312 553 2351 ΐὶΐ.

445 2334 454 2342 2
526 2334 536 2342 s
542 2332 551 2336 ἣ
570 2339 573 2341 ,

520 2350 533 2372 N
567 2348 569 2357 1

2585 2497 2596 2508 ⁸
2613 2496 2683 2519 Vere.
2697 2502 2731 2525 ²3-

2586 2549 2597 2560 ·
2613 2549 2670 2572 ord.
2685 2555 2714 2571 ex
2730 2550 2792 2576 Aug.

386 2810 532 2836 merces
560 2811 658 2848 quae
687 2799 905 2836 hominibus
934 2798 1104 2836 redditur
1127 2811 1150 2835 a
1178 2799 1284 2844 Deo;
1314 2810 1446 2836 secun·
1501 2798 1551 2835 Et
1569 2797 1657 2834 ideo
1684 2797 1860 2834 videmus
1879 2797 1917 2834 in
1937 2797 2051 2834 rebus
2075 2797 2308 2835 naturalibus
2331 2797 2435 2846 quod
2459 2797 2562 2837 nulla
2612 2813 2619 2817 ·

388 2851 481 2888 dum
500 2851 590 2889 illud
610 2853 743 2889 Matth.
764 2863 788 2889 v
805 2852 842 2888 *ε
870 2852 1022 2889 Merces
1050 2857 1173 2888 vestra
1201 2851 1319 2889 multa
1339 2857 1393 2888 est
1410 2851 1447 2887 in
1501 2863 1562 2887 res
1590 2857 1713 2899 potest
1738 2851 1922 2899 perficere
1941 2848 1956 2879 β
1985 2849 2164 2887 effectum
2192 2862 2262 2899 per
2288 2862 2398 2888 suam
2427 2861 2561 2899 opera-

387 2904 508 2941 caelis.
539 2905 616 2942 Sed
652 2917 798 2942 merces
840 2905 903 2941 vel
939 2904 1150 2953 praemium
1190 2904 1357 2941 redditur
1381 2909 1398 2925 ²
1426 2916 1448 2940 a
1501 2903 1645 2940 tionem
1670 2903 1736 2952 qui
1765 2903 1921 2940 excedat
1943 2902 2122 2940 virtutem
2148 2903 2322 2951 activam,
2344 2903 2411 2940 sed
2435 2903 2560 2940 solum

387 2957 471 2993 Deo
487 2957 633 2994 homini
649 2957 861 2995 secundum
877 2969 994 3006 opera
1010 2956 1107 3003 eius3
1124 2957 1338 2994 secundum
1357 2956 1448 2993 illud
1501 2963 1627 3005 potest
1650 2955 1863 3004 producere
1882 2967 1951 3004 per
1970 2955 2233 3004 operationem
2253 2968 2363 2994 suam
2383 2955 2563 2993 effectum

388 3010 529 3046 Psalmi
545 3010 650 3047 th*:
677 3012 732 3047 Tu
747 3011 877 3047 reddes
897 3009 1096 3058 unicuique
1114 3010 1318 3047 secundum
1333 3021 1448 3059 opera
1503 3021 1594 3046 suae
1622 3008 1749 3046 virtuti
1776 3008 2120 3057 proportionatum.
2149 3008 2236 3047 Vita
2259 3016 2388 3047 autem
2408 3016 2563 3046 aeterna

389 3062 476 3099 eius.
507 3063 607 3100 Cum
633 3063 742 3111 igitur
760 3064 880 3100 homo
905 3063 951 3100 sit
970 3063 1150 3100 dominus
1179 3075 1337 3100 suorum
1358 3074 1449 3112 ope·
1503 3069 1559 3105 est
1586 3062 1672 3099 finis
1701 3061 1886 3099 excedens
1922 3061 2212 3111 proportionem
2244 3069 2400 3100 naturae
2427 3062 2564 3100 huma-

390 3127 486 3161 rum,
514 3115 664 3153 videtur
692 3116 797 3165 quod
825 3116 863 3153 in
892 3116 971 3153 eius
995 3123 1183 3165 potestate
1203 3115 1448 3154 constitutum
1503 3127 1587 3161 nae,
1608 3122 1649 3151 ut
1677 3127 1722 3151 ex
1750 3114 1972 3163 supradictis
1990 3115 2011 3137 *
2038 3123 2151 3164 patet.
2182 3116 2231 3152 Et
2249 3115 2336 3153 ideo
2355 3116 2475 3152 homo
2493 3126 2564 3164 per

390 3167 435 3203 sit
461 3167 511 3204 ad
537 3167 655 3205 vitam
684 3176 878 3206 aeternam
906 3169 1120 3217 pervenire.
1504 3179 1572 3205 sua
1600 3167 1784 3204 naturalia
1813 3180 1891 3205 non
1918 3175 2043 3217 potest
2065 3167 2278 3217 producere
2308 3180 2424 3218 opera
2451 3166 2564 3205 meri-

446 3220 479 3255 3.
500 3221 732 3268 PRAETEREA,
753 3222 831 3258 vita
850 3229 1004 3259 aeterna
1029 3229 1084 3258 est
1102 3221 1255 3258 ultimus
1274 3221 1361 3258 finis
1379 3221 1450 3258 hu·
1502 3220 1599 3257 toria
1626 3220 1913 3270 proportionata
1947 3221 2046 3258 vitae
2080 3228 2277 3270 aeternae,
2312 3220 2380 3258 sed
2408 3220 2458 3258 ad
2488 3220 2564 3257 hoc

392 3283 527 3308 manae
554 3273 667 3310 vitae.
698 3274 776 3311 Sed
804 3274 993 3323 quaelibet
1018 3286 1078 3311 res
1098 3274 1276 3311 naturalis
1294 3286 1364 3323 per
1382 3285 1451 3311 sua
1505 3273 1660 3322 exigitur
1687 3274 1797 3311 altior
1814 3273 1946 3317 virtus,
1967 3286 2065 3323 quae
2085 3282 2141 3311 est
2158 3273 2278 3312 virtus
2295 3273 2436 3322 gratiae
2453 3272 2485 3310 ⁴³.
2513 3270 2564 3309 Et
2590 3284 2597 3291 ·

391 3324 574 3362 naturalia
588 3333 712 3373 potest
731 3327 913 3375 consequi
929 3326 1046 3364 finem
1064 3339 1189 3364 suum.
1206 3328 1308 3375 Ergo
1329 3327 1450 3364 multo
1504 3326 1590 3364 ideo
1619 3326 1700 3364 sine
1727 3326 1843 3375 gratia
1869 3327 1990 3364 homo
2019 3339 2098 3364 non
2125 3334 2251 3376 potest
2278 3325 2415 3364 mereri
2441 3324 2561 3363 vitam

392 3376 512 3423 magis
539 3378 671 3424 homo,
692 3379 756 3427 qui
785 3387 840 3416 est
858 3379 998 3416 altioris
1018 3387 1188 3428 naturae,
1209 3392 1278 3428 per
1297 3392 1366 3417 sua
1385 3392 1451 3416 na·
1505 3387 1698 3417 aeternam
1717 3380 1748 3416 ²¹⁵.
1770 3381 1899 3416 Potest
1918 3387 2046 3416 tamen
2070 3380 2194 3416 facere
2217 3390 2334 3428 opera
2352 3378 2562 3427 perducen-

446 3505 472 3537 α)
493 3504 624 3529 redditur.
641 3517 660 3522 -
678 3504 804 3529 reddetur
823 3505 852 3528 E.
1475 3500 1478 3540 Ι
1558 3505 1583 3538 β)
1598 3507 1733 3539 perficere.
1752 3520 1771 3524 -
1789 3505 1892 3539 efficere
1911 3505 1961 3531 EF.

2589 3125 2601 3137 ⁸
2616 3124 2665 3152 Qn-
2678 3129 2701 3151 v,
2715 3126 2758 3146 m.
2771 3129 2791 3151 5.

2614 3282 2644 3304 D.
2657 3287 2720 3310 ¹⁰44·

2591 3389 2598 3397 ·
2613 3387 2642 3409 D.
2657 3393 2696 3415 74.
