2840 4010
109 670 118 678 ·
133 668 198 690 Vers.
216 667 238 689 6.

110 1548 119 1555 “’
133 1545 199 1567 Vers.
214 1551 233 1573 5.

109 1598 120 1609 '⁵
135 1598 201 1619 Vers.
216 1597 239 1619 6.

111 2159 120 2167 “
141 2156 219 2178 Exod.
237 2162 257 2177 c.
279 2162 321 2182 xx;
369 2148 373 2154 ’
400 2146 404 2151 ’

110 2183 179 2204 Deut.
187 2188 321 2210 cap.v,vers.

111 2209 321 2262 §iiffl'Paradisffi

111 2268 163 2290 cap.
178 2267 224 2283 vm.

348 124 423 148 210

1068 107 1332 154 QUAESTIO
1363 106 1410 153 C,
1440 106 1734 143 ARTlCULUS
1762 107 1797 144 V

346 191 476 228 Potius
513 198 640 227 tamen
672 197 758 226 sunt
794 189 919 226 danda
943 193 957 215 Υ
987 187 1034 223 de
1071 185 1176 222 latria
1209 196 1325 232 quam
1355 184 1402 221 de
1454 196 1547 221 vum
1569 185 1902 233 comprehenditur
1928 186 1967 223 in
1994 189 2170 236 negativo
2189 191 2251 227 vel
2272 203 2291 227 e
2313 200 2511 238 converSO,

347 244 443 290 fide,
475 243 563 291 quia
595 250 840 291 praeceptum
876 240 966 277 fidei
1003 237 1321 287 praesupponitur
1354 237 1401 273 ad
1456 249 1533 273 non
1572 237 1707 274 dantur
1741 250 1856 286 super
1889 239 1963 275 hoc
1991 240 2140 277 diversa
2167 251 2390 292 praecepta:
2420 244 2514 280 sicut

346 304 548 344 praecepta
576 295 757 341 decalogi,
787 293 881 329 sicut
909 298 1154 340 praeceptum
1180 289 1400 326 dilectionis.

1457 302 1534 326 non
1555 291 1664 327 datur
1683 290 1783 327 aliud
1802 299 2047 340 praeceptum
2064 293 2110 328 de
2126 294 2199 330 hoc
2215 297 2319 343 quod
2335 304 2400 344 est,
2420 297 2511 334 Non

348 349 451 385 Sicut
479 348 579 384 enim
607 347 730 395 prima
758 352 960 394 praecepta
987 340 1208 379 communia
1227 342 1318 390 legis
1338 355 1403 379 na·
1444 344 1598 391 furtum
1607 344 1743 392 facies,
1765 350 1801 380 et
1821 343 1867 380 de
1886 344 1961 380 hoc
1981 345 2085 392 quod
2104 353 2160 381 est
2185 359 2411 385 conservare
2430 361 2511 386 rem

346 408 451 437 turae
480 407 566 436 sunt
592 411 660 447 per
688 411 727 434 se
756 405 845 433 nota
872 395 1026 432 habenti
1051 395 1235 431 rationem
1255 403 1404 432 natura-

346 455 434 500 lem,
465 461 500 488 et
527 450 829 499 promulgatione
853 461 931 485 non
951 448 1138 495 indigent;
1167 448 1217 484 ita
1237 448 1347 485 etiam
1369 456 1405 484 et

346 507 420 542 hoc
448 504 551 552 quod
581 511 634 539 est
663 502 816 538 credere
844 501 881 537 in
911 502 1060 547 Deum,
1091 508 1146 537 est
1172 500 1340 550 primurn
1368 508 1404 538 et

346 570 413 606 per
446 569 486 592 se
520 563 654 592 notum
689 554 722 590 ei
755 553 818 602 qui
851 554 966 589 habet
1001 553 1141 590 fidem:
1170 555 1403 591 accedentem

345 610 443 646 enim
476 608 527 644 ad
552 609 676 643 Deum
709 612 852 655 oportet
878 606 1030 642 credere
1061 607 1148 654 quia
1177 613 1252 653 est,
1282 614 1323 643 ut
1351 606 1403 644 di-

346 662 438 698 citur
456 661 507 696 ad
531 660 630 696 Heb.
651 659 730 695 x1²¹‘.
762 660 810 695 Et
837 659 924 696 ideo
945 671 1024 695 non
1051 659 1191 707 indiget
1218 660 1289 696 alia
1315 672 1403 708 pro—

345 713 575 760 mulgatione
603 711 673 748 nisi
701 712 889 748 infusione
918 711 1019 748 fidei.

396 767 454 802 AD
484 776 672 802 SECUNDUM
691 776 875 802 D1cENDUM
894 765 999 812 quod
1018 772 1220 813 praecepta
1240 766 1404 802 affirma-

343 818 420 855 tiva
449 818 725 864 distinguuntur
743 829 766 854 a
785 817 978 865 negativis,
1009 818 1162 865 quando
1187 830 1305 854 unum
1325 831 1404 855 non

345 870 679 919 comprehenditur
706 870 744 907 in
774 870 868 906 alio:
898 870 993 906 sicut
1011 870 1049 906 in
1069 870 1320 907 honoratione
1338 883 1405 919 pa-

344 930 492 960 rentum
526 935 604 960 non
632 923 833 960 includitur
865 923 968 972 quod
998 923 1121 959 nullus
1153 924 1272 960 homo
1307 924 1404 960 occi-

346 976 471 1023 datur,
502 988 572 1012 nec
601 988 620 1012 e
651 988 837 1012 converso
857 973 882 1012 δ.
914 975 990 1012 Sed
1024 976 1177 1023 quando
1211 976 1403 1013 affirmati-

343 1089 422 1148 DHP
438 1089 537 1113 danda.
549 1102 568 1107 -
581 1089 636 1113 alia
650 1088 751 1121 (aliqua
766 1088 795 1121 Ρ)
805 1092 950 1121 praecepta
971 1089 1062 1114 danda
1076 1090 1127 1119 Pa,·
1146 1089 1265 1115 Potius...
1273 1090 1330 1123 fide
1349 1097 1403 1114 om.

1456 396 1631 443 alienam,
1646 397 1708 433 vel
1725 395 1916 432 restituere
1933 409 2031 434 eam.
2049 397 2097 433 Et
2117 399 2251 436 eadem
2272 395 2414 437 ratione
2434 414 2513 439 non

1456 457 1543 486 sunt
1570 449 1720 486 diversa
1747 457 1948 498 praecepta
1977 450 2024 486 de
2050 451 2240 487 credendo
2260 451 2297 488 in
2317 453 2456 501 Deum,
2477 462 2514 491 et

1457 501 1503 538 de
1523 503 1597 538 hoc
1617 502 1721 549 quod
1741 514 1819 538 non
1841 503 2014 539 credatur
2033 502 2070 539 in
2091 503 2234 540 alienos
2253 504 2369 541 Deos.

1509 557 1567 591 Ao
1595 566 1753 592 TERTIUM
1772 566 1955 592 DICENDUM
1975 556 2080 604 quod
2100 556 2225 593 omnis
2245 556 2514 605 concupiscen-

1455 607 1506 643 tia
1539 607 1717 644 convenit
1753 607 1791 644 in
1825 620 1901 644 una
1936 609 2130 645 communi
2166 609 2329 645 ratione:
2360 617 2396 646 et
2426 609 2513 647 ideo

1456 660 1662 708 Apostolus
1690 659 1925 707 singulariter
1953 661 1999 698 de
2021 662 2201 698 mandato
2222 662 2514 711 concupiscendi

1456 712 1631 761 loquitur.
1655 711 1755 758 Quia
1774 719 1902 750 tamen
1921 713 1959 750 in
1987 715 2140 762 speciali
2161 715 2331 751 diversae
2352 722 2439 751 sunt
2458 727 2513 752 ra-

1457 765 1578 802 tiones
1612 764 1916 813 concupiscendi,
1945 766 2032 803 ideo
2060 768 2292 815 Augustinus
2326 767 2515 816 distinguit

1457 819 1605 855 diversa
1637 824 1840 866 praecepta
1869 818 1915 854 de
1943 831 2021 855 non
2051 820 2378 869 concupiscendo:
2409 820 2516 857 diffe-

1457 878 1543 907 runt
1570 870 1671 907 enim
1701 869 1825 918 specie
1861 871 2188 920 concupiscentiae
2221 874 2432 910 secundum
2462 873 2515 911 di-

1455 924 1671 961 versitatem
1693 922 1885 959 actionum
1904 924 1967 960 vel
1987 926 2348 974 concupiscibilium,
2368 933 2410 963 ut
2428 921 2514 964 Phi-

1456 977 1639 1025 losophus
1668 975 1765 1022 dicit,
1795 975 1834 1012 in
1862 976 1897 1011 X
1914 977 2032 1013 Ethic.
2049 976 2069 999 '¹‘

1473 1088 1534 1149 (ωδ)
1554 1097 1567 1114 e
1573 1096 1714 1149 ¹:conversa
1727 1102 1745 1107 —
1759 1092 1785 1114 et
1794 1091 1909 1120 propter
1923 1088 1971 1114 hoc
1985 1089 2086 1115 dantur
2098 1091 2204 1116 diversa
2212 1096 2358 1124 praecepta
2375 1100 2455 1126 super
2467 1094 2515 1119 hoc

1458 1133 1472 1149 a
1510 1130 1554 1149 unt
1592 1132 1619 1150 α.

1019 1204 1349 1237 commentaria.
1372 1204 1620 1237 Cardinalis
1643 1204 1840 1237 Caietani

348 1293 394 1354 IN
418 1282 549 1313 articulo
572 1289 685 1322 quarto
706 1282 847 1313 eiusdem
871 1282 1073 1323 quaestionis,
1090 1283 1123 1313 in
1139 1283 1345 1323 responsione
1366 1284 1405 1314 ad

375 1333 525 1372 primum,
543 1339 619 1362 nota
642 1332 717 1363 duo.
735 1332 853 1368 Primo,
870 1333 958 1373 quod
981 1335 1103 1363 Auctor
1126 1333 1262 1364 excludit
1283 1333 1356 1364 fidei
1376 1340 1407 1364 et

346 1383 479 1414 caritatis
503 1390 590 1414 actus
614 1393 632 1413 a
654 1383 827 1424 praeceptis
850 1383 1001 1423 decalogi,
1019 1384 1172 1424 quoniam
1194 1384 1263 1415 vult
1285 1394 1322 1414 ea
1337 1394 1406 1424 per-

345 1434 443 1465 tinere
458 1435 497 1464 ad
513 1434 666 1474 principia
681 1441 921 1475 praeceptorum
941 1435 1093 1474 decalogi,
1109 1435 1190 1466 sicut
1205 1435 1307 1475 prima
1323 1435 1407 1475 prin-

346 1485 427 1525 cipia
450 1485 631 1515 naturaliter
654 1492 739 1516 nota.
768 1485 809 1515 Et
833 1485 870 1515 de
894 1485 1019 1515 caritate
1047 1485 1178 1525 quidem
1201 1492 1286 1526 patet
1309 1495 1346 1516 ex
1367 1496 1406 1517 eo

346 1538 435 1578 quod
447 1538 524 1577 finis
531 1539 697 1578 praecepti
709 1543 756 1568 est
771 1539 903 1574 caritas,
917 1537 927 1567 I
939 1538 981 1568 ad
998 1538 1077 1567 Tim.
1091 1547 1102 1567 1
1117 1537 1148 1566 *z
1166 1537 1204 1567 de
1216 1536 1278 1567 fide
1290 1545 1406 1575 autem,

346 1590 389 1620 ad
403 1590 486 1620 Heh.
501 1600 531 1620 xi
545 1589 577 1619 *2
601 1590 807 1620 Accedentem
825 1590 868 1620 ad
883 1590 987 1620 Deum
1005 1596 1063 1620 etc.
1087 1589 1180 1620 Ratio
1196 1589 1228 1619 in
1243 1589 1346 1621 littera
1362 1590 1408 1620 af-

1458 1283 1564 1320 fertur,
1589 1283 1663 1324 quia
1686 1293 1750 1313 non
1775 1291 1866 1322 egent
1891 1284 1950 1314 alia
1973 1285 2239 1324 promulgatione,
2257 1287 2311 1316 sed
2327 1296 2364 1317 ex
2378 1286 2447 1328 ipsa
2462 1298 2516 1318 na-

1458 1335 1528 1358 tura
1550 1328 1600 1358 vel
1623 1327 1781 1357 infusione
1804 1328 1927 1358 adsunt.

1514 1371 1660 1402 Secundo
1684 1371 1781 1411 quod,
1798 1371 1870 1402 licet
1888 1379 2053 1412 praecepta
2075 1382 2141 1403 non
2157 1373 2220 1404 sint
2235 1373 2456 1415 distinguenda
2471 1383 2517 1406 se-

1461 1416 1602 1446 cundum
1625 1415 1856 1445 distinctionem
1881 1414 1954 1446 fidei
1977 1426 1995 1446 a
2017 1417 2115 1453 latria,
2132 1424 2186 1448 aut
2202 1427 2218 1448 e
2233 1425 2358 1455 contra,
2382 1425 2457 1450 sunt
2471 1419 2517 1450 ta*-

1460 1469 1534 1490 men
1558 1459 1776 1499 distinguenda
1798 1469 1894 1499 penes
1918 1459 2037 1490 diversa
2052 1461 2238 1500 pertinentia
2261 1462 2300 1492 ad
2322 1462 2445 1494 latriam
2461 1472 2518 1494 seu

1460 1503 1659 1543 religionem:
1685 1503 1759 1543 quia
1781 1502 1840 1533 ista
1863 1509 1908 1533 est
1930 1513 2001 1543 pars
2016 1504 2161 1542 iustitiae,
2179 1511 2209 1536 et
2223 1513 2341 1546 spectat
2356 1507 2395 1537 ad
2410 1506 2517 1547 ipsum

1462 1547 1659 1586 decalogum.
1673 1547 1765 1577 Unde
1788 1547 1846 1577 tria
1868 1547 1970 1587 prima
1992 1555 2159 1589 praecepta
2180 1549 2319 1590 decalogi
2335 1550 2374 1581 de
2397 1550 2517 1582 actibus

1462 1591 1620 1630 religionis
1644 1597 1726 1621 sunt.
1742 1591 1782 1621 Et
1804 1598 1970 1631 propterea
1992 1595 2114 1623 Auctor
2135 1593 2197 1623 hoc
2220 1593 2296 1624 dixit
2318 1593 2351 1624 in
2373 1594 2474 1626 littera
2487 1595 2516 1626 *0

1133 1743 1448 1786 ARTICULUS
1478 1744 1732 1796 QUINTUS

734 1836 889 1866 UTRUM
913 1835 1170 1866 PRAECEPTA
1193 1835 1414 1867 DECALom
1439 1836 1778 1867 CONVENJENTER
1800 1838 2133 1871 ENUMERENTUR

633 1915 664 1939 111
684 1914 765 1944 Sent„
785 1914 844 1939 dist.
862 1921 952 1943 xxxvu,
971 1918 1017 1939 art.
1039 1921 1061 1943 2,
1077 1919 1125 1946 qu·
1146 1921 1176 1945 2;
1195 1913 1227 1938 111
1248 1914 1324 1939 Cont.
1345 1914 1431 1943 Gent„
1450 1922 1506 1947 cap.
1525 1922 1580 1944 cxx,
1600 1922 1706 1945 cxxvn1;
1727 1915 1768 1940 De
1790 1915 1895 1946 Vin-tut„
1915 1923 1959 1948 qu.
1977 1923 2004 1947 n,
2023 1921 2070 1941 art.
2089 1925 2113 1950 7,
2133 1916 2165 1942 ad
2187 1925 2231 1949 ¹03

1221 1949 1265 1974 Ad
1282 1949 1368 1980 Rom„
1388 1957 1443 1983 cap.
1461 1957 1515 1981 1111,
1534 1950 1592 1975 lect.
1610 1958 1638 1974 u.

384 2057 444 2090 ,ha
470 2060 549 2112 Α(
562 2052 584 2077 D
605 2051 765 2082 QUINTUM
785 2051 838 2076 sm
862 2051 1099 2076 PROCEDlTUR.
1127 2039 1286 2076 Videtur
1304 2039 1407 2088 quod

477 2082 537 2153 ’ἤια
562 2092 872 2130 inconvenienter
899 2100 1100 2141 praecepta
1120 2091 1290 2140 decalogi
1319 2104 1409 2129 enu-

407 2154 409 2156 ·
428 2161 489 2192 ¹⁷4
504 2136 551 2190 ss,
564 2153 756 2183 merentur
775 2147 806 2182 ''.
829 2146 1032 2182 Peccatum
1054 2144 1167 2192 enirn,
1187 2152 1229 2182 ut
1245 2145 1408 2182 Ambro-

409 2174 505 2234 ξεἓ49)
519 2190 641 2235 &sius
670 2199 757 2236 dicit
776 2199 813 2246 ²⁸,
843 2206 898 2235 est
925 2198 1171 2248 transgressio
1199 2198 1293 2248 legis
1320 2198 1410 2235 divi-

350 2264 433 2298 nae,
461 2256 496 2287 et
522 2252 732 2289 caelestium
762 2251 1006 2288 inobedientia
1034 2251 1311 2288 mandatorum.
1333 2251 1409 2290 Sed

349 2312 505 2355 peccata
535 2304 811 2353 distinguuntur
835 2316 903 2353 per
922 2305 996 2341 hoc
1016 2304 1121 2353 quod
1140 2305 1259 2342 homo
1279 2312 1412 2353 peccat

349 2359 412 2395 vel
440 2357 478 2394 in
506 2359 645 2406 Deum,
674 2358 736 2395 vel
765 2357 803 2395 in
830 2357 1061 2406 proximum,
1089 2358 1151 2395 vel
1172 2357 1209 2394 in
1229 2356 1408 2406 seipsum.

352 2412 452 2448 Cum
481 2410 591 2459 igitur
618 2411 657 2448 in
683 2411 891 2460 praeceptis
921 2410 1089 2458 decalogi
1117 2422 1195 2447 non
1222 2418 1411 2459 ponantur

352 2463 475 2514 aliqua
494 2471 696 2513 praecepta
716 2463 926 2501 ordinantia
945 2463 1143 2500 hominem
1163 2464 1212 2501 ad
1231 2463 1409 2512 seipsum,

352 2518 420 2554 sed
448 2518 571 2554 solum
601 2517 812 2554 ordinantia
840 2516 966 2565 ipsum
995 2516 1044 2553 ad
1072 2517 1199 2553 Deum
1230 2524 1265 2553 et
1287 2516 1410 2566 proxi-

351 2583 480 2616 mum;
509 2570 660 2607 videtur
697 2570 802 2619 quod
834 2569 1065 2606 insufficiens
1098 2569 1144 2606 sit
1176 2569 1410 2607 enumeratio

351 2630 642 2673 praeceptorum
672 2622 853 2670 decalogi.

406 2688 441 2713 2.
469 2677 701 2724 PRAETEREA,
732 2676 827 2713 sicut
854 2675 902 2712 ad
932 2675 1073 2712 cultum
1102 2674 1174 2712 Dei
1202 2674 1412 2723 pertinebat

353 2729 566 2766 observatio
592 2729 758 2776 sabbati,
787 2729 837 2766 ita
866 2728 977 2765 etiarn
1010 2727 1226 2764 observatio
1254 2727 1411 2765 aliarum

353 2782 656 2829 solemnitatum,
692 2790 728 2819 et
761 2781 972 2819 immolatio
1011 2780 1295 2818 sacrificiorum.
1336 2781 1412 2819 Sed

352 2835 447 2871 inter
474 2843 677 2884 praecepta
713 2834 881 2885 decalogi
915 2841 971 2870 est
997 2846 1118 2870 unum
1145 2833 1336 2882 pertinens
1364 2833 1413 2871 ad

354 2888 634 2924 observantiam
672 2887 829 2925 sabbati.
865 2888 966 2935 Ergo
1005 2886 1118 2924 etiam
1157 2886 1295 2923 debent
1332 2898 1413 2924 esse

354 2940 478 2989 aliqua
505 2940 730 2988 pertinentia
758 2941 806 2978 ad
835 2940 925 2977 alias
954 2939 1223 2986 solemnitates,
1245 2947 1281 2976 et
1299 2939 1348 2976 ad
1367 2939 1413 2976 ri-

354 3000 434 3029 tum
464 2993 747 3030 sacrificiorum.

411 3047 444 3082 3.
465 3047 697 3093 PRAETEREA,
719 3046 814 3083 sicut
842 3052 972 3082 contra
991 3046 1118 3082 Deum
1146 3056 1304 3093 peccare
1325 3056 1413 3081 con-

355 3098 460 3145 tingit
493 3099 724 3146 peiurando,
758 3099 808 3135 ita
845 3098 958 3135 etiam
993 3098 1318 3147 blasphemando,
1351 3097 1415 3134 vel

358 3150 447 3186 alias
476 3158 606 3188 contra
635 3149 847 3189 doctrinam
878 3151 1047 3188 divinam
1076 3150 1308 3188 mentiendo.
1339 3150 1416 3187 Sed

357 3202 509 3250 ponitur
536 3216 655 3240 unum
684 3213 928 3253 praeceptum
961 3203 1167 3253 prohibens
1194 3203 1414 3252 periurium,

359 3267 447 3291 cum
477 3254 628 3302 dicitur,
657 3257 747 3294 Non
776 3269 942 3294 assumes
971 3268 1106 3293 nomen
1131 3257 1206 3293 Dei
1222 3256 1278 3292 tui
1294 3257 1330 3293 in
1350 3267 1415 3292 va-

359 3319 461 3343 num.
491 3308 591 3355 Ergo
619 3317 818 3356 peccatum
846 3309 1116 3358 blasphemiae,
1147 3317 1183 3346 et
1210 3309 1324 3346 falsae
1349 3308 1416 3346 do—

413 3419 441 3454 α)
460 3420 534 3444 alios.
553 3433 571 3439 -
590 3420 650 3444 Om.
669 3421 701 3445 K.

1462 2038 1618 2086 ctrinae,
1642 2039 1780 2076 debent
1807 2039 1935 2089 aliquo
1963 2048 2166 2090 praecepto
2196 2041 2367 2090 decalogi
2393 2041 2520 2092 prohi-

1461 2092 1553 2129 beri.
2504 2122 2514 2137 s

1513 2157 1552 2192 4.
1581 2146 1812 2192 PRAETEREA,
1843 2145 1938 2182 sicut
1965 2147 2086 2184 horno
2114 2148 2324 2185 naturalem
2353 2147 2520 2194 dilectio-

1463 2210 1551 2234 nem
1580 2198 1695 2234 habet
1723 2199 1769 2236 ad
1794 2206 1980 2247 parentes,
2001 2198 2051 2236 ita
2071 2200 2183 2237 etiam
2205 2200 2254 2237 ad
2273 2200 2381 2238 filios.
2411 2201 2521 2241 Man·

1465 2250 1595 2287 datum
1621 2251 1732 2287 etiam
1762 2251 1921 2288 caritatis
1949 2252 1999 2290 ad
2026 2252 2376 2302 omnes'proximos
2395 2261 2521 2291 exten-

1465 2303 1572 2340 ditur.
1603 2304 1679 2340 Sed
1699 2313 1899 2353 praecepta
1919 2305 2087 2354 decalogi
2109 2306 2329 2356 ordinantur
2351 2307 2400 2344 ad
2428 2305 2523 2344 cari·

1463 2363 1598 2404 tatem;
1628 2357 1838 2394 secundum
1858 2357 1950 2395 illud
1970 2359 1983 2394 1
2008 2358 2102 2395 Tim.
2119 2371 2129 2395 1
2148 2358 2183 2396 *z
2212 2359 2317 2396 Finis
2330 2359 2525 2409 praecepti
2549 2367 2558 2377 ·

1465 2410 1602 2446 caritas
1629 2415 1692 2447 est.
1713 2411 1815 2458 Ergo
1848 2410 1944 2447 sicut
1966 2410 2123 2460 ponitur
2149 2411 2347 2460 quoddam
2367 2423 2520 2461 praece-

1464 2470 1571 2511 ptum
1601 2463 1789 2511 pertinens
1817 2463 1865 2500 ad
1893 2471 2080 2512 parentes,
2109 2464 2159 2500 ita
2179 2463 2291 2501 etiam
2310 2464 2523 2503 debuerunt

1464 2515 1557 2564 poni
1586 2515 1712 2563 aliqua
1739 2524 1943 2565 praecepta
1968 2516 2193 2565 pertinentia
2220 2517 2269 2554 ad
2294 2517 2392 2555 filios
2419 2525 2454 2555 et
2473 2518 2522 2555 ad

1466 2568 1558 2605 alios
1579 2574 1596 2589 α
1622 2568 1829 2616 proximos.
2377 2594 2390 2598 -κ

1522 2623 1554 2657 5.
1583 2622 1815 2669 PRAETEREA,
1845 2621 1882 2658 in
1911 2621 2082 2670 quolibet
2104 2635 2241 2670 genere
2261 2622 2406 2671 peccati
2433 2634 2534 2669 cons

1465 2673 1570 2721 tingit
1598 2686 1754 2722 peccare
1776 2674 1890 2712 corde
1910 2682 1947 2711 et
1966 2687 2094 2724 opere.
2125 2675 2202 2712 Sed
2230 2675 2268 2712 in
2293 2675 2523 2724 quibusdam

1466 2726 1663 2774 generibus
1690 2734 1950 2775 peccatorum,
1981 2727 2119 2764 scilicet
2153 2728 2191 2765 in
2219 2728 2317 2764 furto
2357 2735 2393 2764 et
2419 2727 2524 2765 adul-

1465 2779 1570 2826 terio,
1597 2792 1769 2816 seorsum
1797 2780 2022 2829 prohibetur
2048 2788 2248 2830 peccatum
2277 2780 2413 2830 operis,
2436 2792 2524 2818 cum

1467 2832 1611 2880 dicitur,
1631 2833 1721 2869 Non
1751 2834 2015 2880 moechaberis,
2039 2831 2130 2871 Non
2147 2834 2302 2882 furtum
2319 2833 2463 2885 faciest,-
2489 2840 2526 2871 et

1467 2897 1638 2922 seorsum
1658 2893 1858 2933 peccatum
1879 2886 2014 2933 cordis,
2036 2899 2123 2923 cum
2154 2886 2300 2933 dicitur,
2319 2886 2411 2923 Non
2439 2897 2527 2924 con·-

1468 2938 1630 2986 cupisces
1663 2950 1743 2974 rem
1769 2939 1943 2986 proximi
1972 2939 2045 2986 tui,
2076 2947 2128 2986 et,
2163 2940 2254 2976 Non
2290 2939 2538 2987 concupisce&

1469 3002 1627 3028 uxorem
1636 2991 1809 3039 proximi
1825 2991 1888 3028 tui.
1910 2992 2011 3039 Ergo
2033 2991 2146 3029 etiarn
2165 2992 2268 3030 idem
2289 2991 2417 3029 debuit
2434 2990 2539 3040 poni·

1467 3043 1505 3080 in
1533 3051 1689 3093 peccato
1717 3043 1913 3080 homicidii
1943 3052 1978 3081 et
2005 3044 2087 3081 falsi
2114 3044 2331 3082 testimonii.
2521 3067 2541 3094 5.

1522 3097 1557 3133 6.
1579 3097 1812 3143 PRAETEREA,
1837 3096 1932 3133 sicut
1956 3097 2134 3145 contingit
2161 3105 2360 3146 peccatum
2386 3107 2539 3146 prove-f

1469 3149 1549 3186 nire
1578 3161 1623 3186 ex
1647 3149 1925 3186 inordinatione
1946 3150 2257 3199 concupiscibilis,
2278 3150 2328 3187 ita
2349 3149 2460 3193 etiam
2480 3159 2526 3186 ex

1469 3201 1746 3239 inordinatione
1774 3202 1977 3240 irascibilis.
2013 3203 2090 3240 Sed
2117 3203 2347 3251 quibusdam
2373 3212 2526 3251 praece-

1469 3255 1541 3304 ptis
1573 3255 1794 3304 prohibetur
1826 3255 2038 3292 inordinata
2075 3255 2400 3304 concupiscentia,
2437 3265 2526 3290 curn

1471 3307 1619 3356 dicitur,
1639 3308 1730 3345 Non
1750 3309 1996 3357 concupisces.
2018 3309 2120 3357 Ergo
2141 3308 2255 3346 etiam
2277 3307 2401 3355 aliqua
2417 3318 2526 3355 prae—

2510 1001 2515 1006 ·
2542 970 2600 1019 “8¹04
2617 986 2624 1019 Ῑ
2638 970 2755 1020 ἷέοιηνῖιιῖ

2543 1599 2554 1611 ’
2569 1599 2595 1621 ln
2609 1605 2716 1628 corpore.

2571 2365 2640 2388 Ven-
2667 2380 2674 2388 .
