2840 4010
988 150 1252 197 QUAESTIO
1281 150 1420 198 XCVI,
1449 150 1744 188 ARTICULUS
1774 151 1806 188 11

325 240 445 275 surae,
466 240 564 276 quae
585 236 640 265 est
658 236 699 266 ut
719 242 762 266 ex
782 242 860 266 uno
881 224 999 266 multa
1026 229 1173 278 possint
1192 229 1380 277 cognosci.

324 283 374 319 Et
400 281 450 318 ita
479 281 580 318 nulla
610 290 707 319 esset
729 283 865 319 utilitas
893 282 994 330 legis,
1025 282 1055 319 si
1082 294 1161 318 non
1188 294 1229 319 se
1258 289 1382 318 exten-

325 334 430 371 deret
463 334 533 371 nisi
562 334 612 371 ad
643 348 763 372 unum
797 336 1026 384 singularem
1053 342 1192 371 actum.
1221 335 1281 371 Ad
1311 333 1383 369 sin-

324 387 471 435 gulares
501 387 602 424 enirn
632 395 736 424 actus
770 387 984 436 dirigendos
1021 387 1157 424 dantur
1183 386 1383 433 singularia

190 439 203 470 Ε
323 448 527 489 praecepta
558 441 802 489 prudentium
823 439 850 477 E:
880 440 947 477 sed
969 440 1029 476 lex
1058 446 1113 475 est
1140 444 1382 486 praeceptum

86 478 297 532 ;,‘.²i¹i.²i.⁰¹¹’¹“'
325 504 535 539 commune,
564 501 605 530 ut
633 506 746 542 supra
764 493 784 515 '¹‘
813 493 956 529 dictum
986 498 1052 527 est.

2424 151 2490 187 181

1489 231 1546 266 An
1566 241 1725 266 TERTIUM
1744 241 1927 266 mel-:NDUM
1952 229 2055 278 quod
2084 241 2158 266 non
2187 235 2241 266 est
2267 229 2395 266 eadem
2416 240 2495 265 cer-

1437 282 1550 319 titudo
1578 282 1792 330 quaerenda
1821 283 1857 319 in
1886 283 2069 329 omnibus,
2098 290 2138 319 ut
2163 282 2201 319 in
2222 283 2235 318 I
2255 283 2374 318 Ethic.
2391 281 2411 303 *
2439 281 2495 318 di-
2521 289 2575 338 gea
2595 296 2734 339 '¹1¹2'cx¹¹'11¹1“

1439 334 1542 371 eitur.
1571 335 1681 372 Unde
1715 335 1754 372 in
1789 335 1901 372 rebus
1934 335 2256 383 contingentibus,
2287 334 2382 371 sicut
2410 341 2496 370 sunt
2541 331 2546 337 '
2595 331 2601 338 ’
2661 332 2668 339 ‘
2711 332 2719 339 ’

1438 387 1619 423 naturalia
1648 395 1683 424 et
1711 400 1770 424 res
1797 388 2004 436 humanae,
2033 388 2170 425 sufficit
2196 387 2278 425 talis
2311 387 2494 424 certitudo

1438 446 1479 474 ut
1505 439 1644 487 aliquid
1673 441 1719 477 sit
1745 453 1881 477 verum
1909 449 1950 477 ut
1973 441 2011 477 in
2030 441 2200 490 pluribus
2218 440 2249 488 ²¹³,
2279 440 2364 477 licet
2382 440 2495 476 inter·
2523 446 2636 474 '0-918-

1439 491 1531 527 dum
1561 492 1712 529 deficiat
1740 493 1777 529 in
1805 493 2060 541 paucioribus.

377 622 402 657 ξ)
415 624 600 657 prudentium.
617 637 637 644 -
648 622 862 656 praesidentium
882 621 928 646 Pa.
2185 608 2215 622 f

1089 772 1405 816 ARTICULUS
1435 773 1732 816 SECUNDUS

674 869 830 901 UTRUM
853 868 911 899 AD
935 867 1083 899 LEGEM
1105 866 1328 898 HUMANAM
1351 865 1598 897 PERTINEAT
1621 867 1762 898 OMNIA
1784 868 1903 899 VITIA
1926 868 2142 900 COHIBERE

325 951 417 984 Supra,
441 956 487 982 qu.
503 955 555 979 xcx.
575 953 622 973 art.
639 955 670 979 4;
691 955 735 980 qu.
753 955 825 977 xcur,
844 953 890 972 art.
911 946 934 977 3,
954 947 985 972 ad
1005 946 1034 978 33
1054 946 1126 976 infra,
1146 950 1192 971 art.
1213 944 1236 975 3,
1257 945 1288 970 ad
1311 953 1339 975 13
1359 953 1403 977 qu.
1422 952 1508 974 xcvm.
1529 950 1575 971 art.
1599 951 1626 977 1;
1647 946 1680 970 111·
1700 947 1756 976 11⁸³,
1776 955 1819 979 qu.
1839 955 1903 977 ωαχ,
1923 953 1968 972 art.
1989 955 2013 978 2,
2032 949 2063 973 ad
2087 956 2111 978 1;
2131 956 2176 981 qu.
2194 956 2285 980 uxvn,
2306 954 2352 976 art.
2375 958 2396 981 1,
2415 951 2447 975 ad
2466 958 2493 981 ις

392 993 438 1018 qm
456 991 557 1015 unm,
575 989 621 1010 an.
644 991 665 1014 1,
685 983 717 1008 nd
737 983 766 1013 33
787 983 828 1008 De
846 983 929 1012 Malo,
949 990 994 1015 qu.
1011 989 1066 1013 xm,
1085 986 1132 1007 nrt.
1149 988 1176 1013 4,
1194 981 1227 1006 ad
1245 979 1276 1011 ὃς
1298 980 1394 1010 Quodl.
1413 980 1442 1009 11,
1461 988 1506 1013 qu.
1525 988 1549 1010 v,
1569 985 1615 1006 art.
1636 988 1658 1011 2.
1678 982 1710 1006 ad
1732 989 1753 1013 ι,
1774 990 1804 1013 2;
1824 983 1854 1007 In
1875 982 1928 1012 Iob,
1948 990 2003 1015 cap.
2021 991 2055 1013 ¹1,
2076 984 2134 1009 lect.
2151 991 2174 1015 ¹3
2194 984 2224 1008 In
2243 985 2341 1010 Psalm.
2359 988 2429 1010 xvm.v

85 1236 98 1248 ⁶
103 1234 157 1259 ub.
165 1234 193 1263 V,
201 1239 253 1263 etp.
258 1240 298 1256 xx.

358 1086 384 1121 j„
410 1090 417 1112 ι
440 1090 449 1102 ν
460 1101 494 1121 ζ.)-
534 1084 557 1109 D
572 1083 762 1109 SECUNDUM
778 1083 831 1108 εις
845 1081 1085 1109 moeson-un.
1104 1069 1264 1107 Videtur
1279 1068 1384 1117 quod

454 1102 514 1183 t)
535 1124 586 1163 ad
622 1125 746 1173 legem
781 1124 990 1161 humanam
1030 1121 1214 1171 pertineat
1255 1121 1385 1158 omnia

342 1173 461 1222 ’,Ῡρὲ
480 1171 626 1215 ‘f‘vitia
660 1177 852 1214 cohibere.
882 1176 981 1213 Dicit
1009 1177 1110 1213 enim
1139 1174 1317 1221 Isidorus,
1346 1174 1384 1211 in

315 1276 318 1279 .
345 1207 632 1268 Jffi'ssffifibro
667 1231 834 1279 Etymol.
858 1229 900 1277 ²¹⁸,
929 1228 1035 1278 quod
1070 1227 1172 1278 leges
1205 1233 1294 1265 sunt
1316 1229 1384 1276 fa-

325 1289 407 1324 ctae
439 1289 478 1322 ut
508 1295 642 1322 earum
669 1288 768 1321 metu
793 1288 810 1304 ‘²
837 1287 1056 1327 coerceatur
1086 1281 1258 1319 audacia.
1293 1281 1385 1318 Non

325 1345 453 1374 autem
473 1336 703 1374 sufficienter
721 1342 968 1383 coerceretur,
988 1334 1060 1372 nisi
1077 1333 1266 1382 quaelibet
1285 1335 1386 1371 mala

325 1389 593 1429 cohiberentur
619 1401 689 1437 per
715 1389 851 1436 legem.
882 1389 984 1436 Ergo
1007 1388 1067 1427 lex
1084 1389 1254 1433 humana
1273 1386 1386 1427 debet

325 1442 516 1493 quaelibet
541 1442 643 1479 mala
671 1441 862 1479 cohibere.

331 1528 338 1532 .
378 1507 415 1534 2.
440 1495 674 1542 PRAETEREA,
703 1494 859 1531 intentio
881 1492 1100 1541 legislatoris
1128 1500 1184 1530 est
1210 1492 1315 1530 cives
1332 1493 1385 1529 fa-

325 1560 412 1591 eere
437 1547 643 1587 virtuosos.
678 1547 755 1584 Sed
783 1559 862 1584 non
890 1553 1015 1595 potest
1042 1552 1123 1583 esse
1151 1545 1284 1595 ali-quis
1312 1546 1386 1583 vir-

322 1607 470 1647 tuosus,
499 1600 571 1638 nisi
593 1601 642 1638 ab
661 1600 842 1637 omnibus
859 1599 959 1636 vitiis
978 1607 1253 1648 compescatur.
1282 1599 1385 1646 Ergo

323 1653 375 1692 ad
406 1654 531 1702 legem
562 1654 774 1691 humanam
807 1652 970 1701 pertinet
1000 1652 1131 1691 omnia
1157 1651 1249 1689 vitia
1283 1664 1386 1690 com-

322 1712 491 1756 pescere.
1237 1725 1242 1737 .

364 1761 414 1801 ,3.
434 1760 669 1806 Pam-mam,
698 1759 757 1795 lex
785 1759 955 1795 humana
983 1770 1005 1794 a
1032 1758 1114 1805 lege
1141 1758 1302 1795 naturali
1322 1759 1386 1796 de-

323 1813 482 1861 rivatur,
512 1819 553 1849 ut
580 1823 695 1860 supra
712 1811 732 1833 ²¹⁶
761 1811 903 1848 dictum
933 1818 999 1848 est.
1034 1811 1112 1849 Sed
1139 1811 1268 1848 omnia
1294 1811 1385 1849 vitia

323 1872 535 1914 repugnant
562 1865 634 1913 legi
663 1871 831 1901 naturae.
861 1865 963 1911 Ergo
989 1864 1048 1900 lex
1067 1864 1236 1902 humana
1257 1865 1385 1902 omnia

321 1918 414 1958 vitia
441 1918 556 1956 debet
583 1917 773 1955 cohibere.
1201 1941 1207 1944 -

377 1972 452 2009 San
472 1982 618 2010 CONTRA
636 1982 703 2008 EST
722 1970 828 2025 quod
847 1969 982 2007 dicitur
999 1969 1038 2006 in
1058 1971 1072 2006 1
1091 1970 1139 2007 de
1151 1970 1233 2008 Lib.
1249 1970 1384 2007 Arh.*.·

193 2049 218 2063 κ
267 2047 270 2054 ·
329 2024 483 2063 Videtur
513 2024 608 2061 mihi
633 2023 755 2073 Iegem
783 2023 892 2061 istam
925 2022 1022 2071 q'uae
1041 2022 1184 2071 populo
1217 2025 1384 2073 regendo

315 2077 508 2123 scribitur,
537 2082 635 2113 recte
662 2077 731 2113 ista
754 2076 982 2124 permittere,
1010 2081 1046 2112 et
1070 2076 1236 2113 divinam
1253 2077 1384 2124 provi-

322 2130 486 2167 dentiam
518 2130 725 2167 vindicare.
758 2129 834 2166 Sed
869 2128 998 2166 divina
1028 2128 1269 2178 providentia
1305 2142 1384 2167 non

321 2182 490 2220 vindicat
508 2182 581 2219 nisi
599 2182 701 2219 vitia.
718 2183 820 2229 Ergo
836 2189 935 2218 recte
950 2182 1008 2218 lex
1023 2182 1192 2220 humana
1205 2183 1386 2231 permittit

323 2235 449 2285 aliqua
475 2235 577 2282 vitia,
607 2247 685 2272 non
719 2234 934 2271 cohibendo
963 2234 1056 2283 ipsa.

377 2290 602 2326 RESPONnEo
631 2299 815 2324 DmENDUM
844 2288 960 2335 quod,
981 2287 1076 2324 sicut
1102 2287 1179 2325 iam
1196 2287 1218 2310 ²¹²
1241 2288 1383 2326 dictum

324 2349 392 2389 est,
420 2342 481 2381 lex
506 2341 660 2390 ponitur
687 2348 734 2378 utv
756 2341 944 2389 quaedam
969 2341 1098 2388 regula
1119 2342 1182 2380 vel
1206 2353 1385 2380 mensura

323 2395 583 2434 humanorum
610 2401 779 2431 actuum.
808 2394 991 2430 Mensura
1018 2401 1145 2431 autem
1170 2394 1284 2431 debet
1302 2407 1385 2432 esse

290 2466 297 2500 ς
323 2447 565 2496 homogenea
579 2454 811 2494 mensurato,
822 2453 866 2482 ut
883 2445 1018 2483 dicitur
1031 2445 1070 2487 in
1084 2447 1118 2483 X
1129 2448 1384 2497 Metapltys.*:

325 2500 476 2538 diversa
513 2499 616 2537 enirn
654 2498 812 2537 diversis
850 2499 1038 2537 mensuris
1063 2497 1079 2529 β
1105 2504 1384 2539 mensurantur.

323 2554 435 2595 Unde
464 2560 614 2605 oportet
641 2553 746 2604 quod
775 2552 888 2591 etiam
916 2552 1018 2600 leges
1045 2551 1291 2601 imponantur
1316 2555 1385 2592 ho-

323 2605 492 2648 minibus
511 2605 723 2644 seeundum
752 2618 889 2643 eorum
919 2604 1196 2644 conditionem:
1224 2606 1326 2655 quia,
1345 2615 1386 2644 ut

228 2667 234 2672 '
253 2682 260 2688 -
290 2683 297 2721 ζ
325 2659 492 2696 Isidorus
511 2658 600 2696 dicit
617 2657 650 2706 *,
678 2659 739 2697 lex
766 2658 880 2695 debet
899 2671 982 2695 esse
994 2659 1182 2707 possibilis
1199 2665 1238 2696 et
1254 2672 1384 2697 secun-

323 2712 414 2749 dum
433 2716 622 2758 naturam,
637 2716 675 2747 et
685 2711 888 2748 secundum
908 2712 1209 2749 consuetudinem
1221 2714 1384 2762 patriae.

324 2765 503 2803 Potestas>
525 2771 654 2800 autern
678 2763 759 2800 sive
778 2763 934 2801 facultas
954 2764 1136 2825 operandi
1155 2777 1200 2802 ex
1219 2765 1385 2804 interiori

324 2816 456 2856 habitu
479 2828 546 2857 seu
569 2815 817 2864 dispositione
835 2818 1028 2868 procedit:
1057 2830 1135 2857 non
1159 2818 1260 2859 enim
1285 2818 1386 2859 idem

326 2877 384 2907 est
408 2868 589 2918 possibile
619 2868 653 2909 ei
681 2869 747 2917 qui
772 2881 852 2909 non
878 2870 995 2908 habet
1020 2871 1192 2909 habitum
1220 2871 1384 2920 virtutis,

325 2930 364 2962 et
389 2922 582 2966 virtuoso3
611 2921 707 2959 sicut
742 2922 856 2959 etiam
887 2935 967 2960 non
995 2930 1051 2960 est
1076 2923 1180 2962 idem
1209 2925 1386 2973 possibile

324 2987 446 3024 puero
475 2982 512 3011 et
537 2974 623 3011 viro
650 2975 830 3023 perfecto.
852 2976 905 3013 Et
930 2983 1087 3028 propter
1112 2978 1188 3014 hoc
1210 2986 1294 3015 non‘
1317 2991 1386 3028 po-

325 3027 426 3067 nitur
466 3027 603 3067 eadem
644 3027 706 3065 lex.
735 3027 862 3078 pueris
898 3041 996 3076 quae
1037 3029 1193 3079 ponitur
1229 3028 1384 3071 adultis:

325 3081 444 3121 multa
472 3079 575 3121 enim
602 3079 730 3129 pueris
757 3080 1025 3131 permittuntur
1052 3094 1151 3132 quae
1182 3082 1222 3123 in
1249 3083 1384 3123 adultis

323 3133 406 3181 lege
421 3132 640 3182 puniuntur,
655 3133 717 3173 vel
731 3133 849 3172 etiam
861 3133 1134 3183 vituperantur.
1150 3136 1200 3174 Et
1217 3135 1388 3177 similiter

325 3187 446 3223 multa
474 3191 561 3223 s'unt
586 3186 840 3235 permittenda
857 3186 1077 3226 hominibus
1105 3200 1183 3225 non
1210 3189 1386 3238 perfectis

378 3298 406 3332 α)
427 3301 505 3325 metu.
523 3312 542 3317 -
560 3299 677 3323 humana
696 3299 765 3323 addit
783 3299 827 3324 sB.

378 3341 404 3376 β)
424 3342 564 3367 mensum‘s.
581 3357 601 3362 -
619 3342 680 3367 Om.
700 3342 770 3368 PKa.

1436 1067 1592 1127 virtute,
1605 1081 1704 1116 quae
1733 1081 1812 1106 non
1840 1077 1964 1107 essent
1987 1071 2182 1109 toleranda
2209 1072 2248 1110 in
2275 1072 2494 1110 hominibus

1436 1128 1626 1158 virtuosm.

1491 1175 1569 1210 Lex
1599 1182 1726 1211 autem
1753 1175 1923 1212 humana
1942 1176 2095 1224 ponitur
2121 1177 2349 1216 multitudini
2372 1179 2497 1216 homi-

1438 1239 1543 1274 num,
1573 1227 1611 1264 in
1638 1240 1715 1277 qua
1741 1228 1865 1265 maior
1886 1241 1974 1277 pars
2000 1237 2055 1268 est
2077 1230 2278 1269 hominum
2307 1243 2386 1268 non
2412 1243 2497 1280 per-

1437 1280 1622 1316 fectorum
1642 1280 1790 1317 virtute.
1812 1282 1860 1318 Et
1878 1282 1965 1318 ideo
1985 1283 2066 1330 lege
2085 1283 2255 1321 humana
2274 1296 2353 1322 non
2370 1285 2497 1333 prohi-

1438 1333 1575 1370 bentur
1589 1333 1718 1370 omnia
1732 1334 1823 1371 vitia
1836 1334 1867 1381 ²⁸,
1879 1346 1901 1371 a
1917 1335 2054 1382 quibus
2068 1335 2227 1373 virtuosi
2241 1337 2493 1384 abstinent**;
2521 1345 2532 1356 ⁸
2556 1345 2595 1393 {ee

1439 1386 1506 1423 sed
1526 1387 1650 1423 solum
1676 1387 1861 1434 graviora,
1886 1399 1908 1424 a
1928 1388 2065 1436 quibus
2088 1389 2265 1436 possibile
2293 1397 2348 1427 est
2376 1390 2494 1427 maio·
2522 1413 2542 1435 ,;

1439 1451 1518 1475 rem
1547 1447 1694 1488 partem
1721 1440 1968 1478 multitudinis
1996 1441 2203 1487 abstinere;
2228 1449 2264 1479 et
2291 1443 2495 1491 praecipue

1438 1504 1537 1540 quae
1557 1492 1699 1529 suntin
1718 1501 1992 1531 nocumentum
2021 1493 2194 1541 aliorum,
2223 1495 2304 1532 sine
2331 1507 2496 1543 quorum

1438 1545 1692 1593 prohibitione
1713 1545 1872 1582 societas
1890 1547 2057 1583 humana
2077 1547 2293 1585 conservari
2313 1560 2391 1585 non
2409 1561 2496 1597 pos-

1439 1606 1515 1645 set,
1544 1599 1640 1635 sicut
1666 1598 1916 1647 prohibentur
1939 1599 2019 1647 lege
2038 1600 2207 1637 humana
2231 1601 2437 1638 homicidia
2461 1610 2496 1638 et

1439 1651 1535 1688 furta
1564 1658 1599 1688 et
1626 1651 1858 1688 huiusmodi.

1491 1706 1551 1741 An
1580 1716 1716 1741 ptumum
1744 1716 1842 1741 ERGO
1871 1716 2053 1742 DmENDUM
2082 1706 2187 1753 quod
2206 1707 2365 1743 audacia
2383 1707 2496 1755 perti-

1439 1769 1529 1794 nere
1556 1757 1707 1794 videtur
1734 1757 1783 1794 ad
1801 1757 2038 1799 invasionem
2059 1758 2228 1795 aliorum.
2260 1759 2369 1796 Unde
2388 1772 2496 1808 prae·

1439 1811 1548 1859 cipue
1577 1811 1738 1859 pertinet
1765 1810 1813 1848 ad
1834 1810 1895 1848 illa
1913 1818 2069 1859 peccata
2097 1811 2233 1859 quibus
2256 1812 2391 1849 iniuria
2409 1824 2496 1861 pro-

1437 1864 1546 1900 ximis
1575 1864 1779 1911 irrogatum
1807 1864 2015 1911 quaelege
2042 1864 2211 1906 humana
2237 1865 2496 1914 prohibentur,

1437 1924 1479 1954 ut
1507 1917 1648 1954 dictum
1678 1923 1734 1953 est
1747 1916 1778 1954 ²¹⁶.

1491 1971 1548 2007 AD
1577 1981 1770 2007 SECUNDUM
1802 1980 1986 2006 DICENDUM
2018 1970 2123 2017 quod
2159 1970 2219 2007 lex
2245 1971 2414 2008 humana
2441 1971 2495 2008 in-

1437 2022 1556 2060 tendit
1574 2022 1750 2059 homines
1777 2022 1957 2059 inducere
1977 2022 2026 2059 ad
2043 2022 2234 2070 virtutem,
2255 2035 2332 2060 non
2354 2025 2492 2072 subito,

1439 2077 1504 2112 sed
1533 2075 1730 2123 gradatim.
1760 2076 1809 2111 Et
1836 2075 1922 2112 ideo
1946 2087 2024 2111 non
2043 2075 2167 2112 statim
2184 2077 2408 2113 multitudini
2428 2078 2495 2113 im-

1437 2129 1691 2177 perfectorum
1720 2128 1882 2176 imponit
1910 2140 1955 2164 ea
1982 2140 2079 2177 quae
2108 2136 2195 2170 sunt
2217 2129 2292 2166 iam
2310 2130 2495 2167 virtuoso-

1439 2194 1543 2228 rum,
1581 2189 1632 2221 ut
1658 2181 1797 2217 scilicet
1831 2181 1878 2217 ab
1917 2180 2095 2217 omnibus
2128 2182 2236 2218 malis
2273 2182 2494 2220 abstineant.

1437 2234 1615 2284 Alioquin
1629 2234 1849 2283 imperfecti,
1860 2234 2078 2271 huiusmodi
2091 2243 2294 2283 praecepta
2308 2236 2403 2272 ferre
2419 2249 2498 2272 non

1436 2289 1617 2334 valentes,
1635 2287 1672 2323 in
1692 2286 1878 2324 deteriora
1893 2287 1993 2324 mala
2008 2296 2315 2336 prorumperent:
2336 2289 2430 2325 sicut
2445 2289 2497 2326 di-

1439 2341 1532 2378 citur
1545 2342 1659 2378 Prov.
1674 2352 1747 2377 xxx
1760 2339 1795 2376 *ε
1821 2340 1895 2382 Qui
1911 2340 2022 2377 nimis
2035 2341 2216 2390 emungit,
2231 2341 2330 2378 elicit
2343 2343 2497 2391 sangui-

1439 2406 1542 2437 nem;
1563 2400 1598 2430 et
1612 2393 1747 2430 Matth.
1764 2405 1799 2429 ix
1812 2392 1832 2415 *
1856 2393 1990 2430 dicitur
2009 2389 2126 2441 quo‘d,
2145 2394 2180 2430 si
2194 2395 2324 2431 vinum
2344 2406 2495 2441 novum,

1438 2447 1534 2484 idest
1561 2453 1764 2495 praecepta
1791 2446 1979 2494 perfectae
2007 2446 2118 2494 vitae,
2148 2447 2316 2484 mittatur
2342 2448 2379 2484 in
2400 2453 2498 2484 utres

1438 2506 1590 2546 veteres,
1611 2499 1708 2536 idest
1730 2499 1768 2535 in
1786 2499 1963 2536 homines
1990 2498 2245 2548 imperfectos,
2269 2506 2368 2537 utres
2393 2513 2495 2538 rum-

1432 2559 1588 2602 puntur,
1607 2558 1643 2590 et
1663 2552 1793 2590 vinum
1821 2551 2036 2602 effunditur,
2060 2552 2167 2600 idest,
2186 2561 2387 2603 praecepta
2408 2566 2496 2590 con-

1438 2613 1669 2652 temnuntur,
1700 2612 1737 2641 et
1762 2605 1940 2642 homines
1969 2618 2013 2642 ex
2043 2613 2262 2654 contemptu
2290 2607 2338 2643 ad
2365 2606 2496 2654 peiora

1439 2660 1539 2703 mala
1556 2664 1572 2687 Υ
1600 2665 1867 2707 prorumpunt.

1492 2714 1552 2749 AD
1587 2723 1746 2748 TERTmM
1780 2722 1963 2748 mmmmm
2001 2711 2105 2759 quod
2141 2712 2199 2748 lex
2231 2710 2407 2748 naturalis
2441 2719 2496 2748 est

1440 2765 1629 2815 quaedam
1649 2763 1884 2815 participatio
1904 2763 1995 2812 legis
2015 2772 2188 2801 aeternae
2203 2763 2240 2800 in
2256 2763 2365 2801 nobis
2379 2763 2415 2801 *ε
2436 2765 2495 2805 lex

1440 2826 1568 2856 autem
1596 2818 1766 2855 humana
1794 2817 1922 2857 deficit
1940 2830 1962 2854 a
1981 2817 2061 2865 lege
2082 2825 2245 2854 aeterna.
2274 2817 2374 2854 Dicit
2393 2817 2494 2857 enim

1439 2871 1692 2919 Augustinus,
1723 2870 1760 2908 in
1789 2871 1802 2907 1
1831 2870 1877 2909 de
1904 2870 1986 2908 Lib.
2005 2870 2098 2907 Arb.
2118 2869 2154 2906 *ε
2187 2871 2271 2907 Lex
2303 2870 2371 2909 ista
2398 2882 2496 2918 quae
2522 2883 2531 2892 ·

1439 2925 1614 2974 regendis
1641 2923 1848 2960 civitatibus
1869 2924 2006 2970 fertur,
2040 2923 2156 2960 multa
2188 2923 2358 2959 concedit
2385 2929 2497 2971 atque

1440 2977 1621 3026 impunita
1655 2977 1847 3024 relinquit,
1878 2988 1974 3024 quae
1999 2987 2072 3024 per
2106 2975 2271 3012 divinam
2294 2976 2496 3025 providen-

1440 3030 1530 3068 tiam
1566 3030 1815 3067 vindicantur.
1847 3029 1984 3076 Neque
2010 3028 2108 3065 enim
2137 3028 2224 3077 quia
2257 3040 2331 3065 non
2366 3029 2495 3066 omnia

1426 3083 1541 3132 facit,
1558 3083 1638 3119 ideo
1653 3094 1750 3130 quae
1752 3081 1863 3130 facit,
1880 3081 2127 3129 improbanda
2141 3086 2237 3119 sunt.
2254 3081 2366 3118 Unde
2381 3081 2496 3120 etiam

1439 3137 1499 3173 lex
1532 3136 1701 3172 humana
1736 3146 1816 3171 non
1848 3134 1978 3171 omnia
2009 3141 2133 3182 potest
2159 3134 2362 3182 prohibere
2396 3146 2496 3183 quae

1438 3187 1615 3237 prohibet
1640 3188 1698 3223 lex
1727 3194 1894 3223 naturae.

1410 3299 1415 3377 Ι
1493 3300 1520 3334 γ)
1540 3301 1620 3325 mala.
1637 3314 1654 3319 ·-
1673 3300 1734 3325 Om.
1753 3300 1804 3324 EF.

2521 1924 2533 1935 '
2546 1924 2572 1945 In
2587 1928 2692 1952 corpore.

2524 2349 2533 2358 ·
2547 2347 2613 2369 Vers.
2627 2353 2660 2377 33.

2524 2402 2532 2411 ·
2546 2401 2614 2423 Vei-s.
2630 2407 2661 2429 ¹7·

2520 2776 2530 2788 ⁸
2544 2776 2573 2797 D.
2587 2775 2641 2798 808.

2545 2882 2602 2903 Loc.
2617 2881 2657 2903 eit.
