2840 4010
79 465 89 474 ·
98 463 170 485 Lem.
183 467 289 489 capam,

79 495 139 511 vers.
154 494 187 518 3²·

78 1642 173 1667 *ναι
188 1642 211 1666 ⁸.

1036 145 1302 191 QUAESTIO
1333 145 1380 191 e,
1410 144 1704 181 ARTICULUS
1735 144 1765 180 11

318 223 427 261 tiliori
460 222 760 275 consideratione
796 224 948 261 rationis
978 237 999 261 a
1027 223 1256 273 sapientibus
1284 222 1378 259 iudi-

318 283 449 313 cantur
476 288 558 313 esse
588 277 841 314 observanda.
871 278 919 314 Et
945 277 1015 313 ista
1043 276 1095 313 sic
1123 283 1210 312 sunt
1229 275 1277 311 de
1296 275 1377 322 lege

316 336 494 375 naturae,
523 336 564 365 ut
591 337 719 366 tamen
747 330 938 377 indigeant
967 328 1176 377 disciplina,
1205 339 1281 374 qua
1310 327 1378 363 mi-

317 393 429 418 nores
458 393 480 418 a
508 382 797 430 sapientioribus
819 381 833 404 δ
861 382 1110 419 instruantur:
1140 380 1234 416 sicut
1266 379 1375 425 illud,

323 434 462 470 Coram
501 446 596 471 cano
631 436 751 483 capite
782 446 988 483 consurge,
1017 438 1053 469 et
1077 433 1224 469 honora
1249 443 1377 479 perso-

319 498 408 524 nam
435 487 533 524 senis
551 487 581 534 ³¹⁶,
613 495 648 524 et
667 488 738 524 alia
765 485 996 524 huiusmodi.
1017 505 1041 512 -
1062 484 1263 530 Quaedam
1282 495 1376 519 vero

370 604 400 638 ὃ)
413 605 629 638 sapientioribus.
645 618 665 625 -
680 603 843 636 sapientibus
861 602 936 627 EFK.

2417 152 2491 189 207

1433 231 1518 259 sunt
1546 223 1595 260 ad
1623 234 1722 270 quae
1745 221 1948 259 iudicanda
1975 221 2069 258 ratio
2089 222 2258 257 humana
2281 220 2420 267 indiget
2438 220 2491 256 in—

1433 275 1636 312 structione
1665 275 1804 321 divina,
1832 287 1902 323 per
1929 286 2045 322 quam
2074 273 2269 310 erudimur
2287 278 2299 293 ⁵
2329 273 2376 309 de
2401 272 2492 308 divi-

1433 327 1505 363 nis:
1527 328 1622 364 sicut
1641 335 1696 364 est
1714 327 1824 374 illud,
1849 328 1940 364 Non
1947 327 2076 375 facies
2099 327 2165 363 tibi
2185 325 2351 374 sculptile
2375 336 2493 372 neque

1432 391 1580 416 omnem
1612 380 1912 424 similitudinem;
1938 380 2029 417 Non
2061 391 2228 416 assumes
2256 389 2391 415 nomen
2420 378 2495 414 Dei

1431 432 1485 468 tui
1512 433 1547 468 in
1577 444 1717 469 vanum
1737 432 1767 469 ²⁸.

1485 485 1533 520 Et
1560 497 1628 532 per
1655 485 1728 521 hoc
1757 492 1858 533 patet
1887 485 2083 533 responsio
2112 484 2160 521 ad
2189 484 2346 523 obiecta.

1487 603 1508 633 ε)
1528 603 1674 626 erudimur.
1692 617 1711 621 -
1729 603 1888 628 ordinamur
1906 604 1957 627 EF.

993 673 1324 705 Commentaria
1346 671 1594 704 cardinalis
1617 672 1816 705 Caietam

349 766 369 786 N
392 755 496 796 primo
520 754 652 785 articulo
675 752 869 803 quaestionis
894 753 1090 788 centesimae,
1112 759 1188 783 nota
1211 751 1299 792 quod
1323 761 1377 791 ap-

322 767 520 840 Ipellatione
535 791 732 828 moralium
724 807 757 826 m
776 796 837 827 hoc
860 797 933 827 loco
949 796 1167 837 intelliguntur
1190 806 1255 826 non
1271 795 1377 825 solum

319 853 356 874 ea
377 846 458 884 quae
481 852 518 872 ex
540 841 660 872 ratione
684 840 817 871 naturali
841 851 920 880 pura
941 841 1120 871 derivantur
1142 846 1178 871 ut
1201 839 1378 870 conclusio-

320 897 375 917 nes
399 895 436 916 ex
458 884 631 926 principiis
656 884 710 914 sed
734 884 829 915 etiam
851 895 933 925 quae
957 885 1068 921 eidem,
1093 884 1242 915 adiuncto
1266 882 1310 912 illi
1330 883 1378 913 lu-

318 930 404 961 mine
426 928 510 965 fidei,
534 935 720 960 consonant.
737 929 778 959 Et
801 935 967 969 propterea
991 939 1064 959 cum
1086 929 1120 959 in
1141 928 1242 959 littera
1265 926 1379 957 dicitur

320 973 409 1016 quod
431 972 569 1004 moralia
595 978 671 1003 sunt
697 972 737 1003 de
761 973 824 1003 illis
855 982 938 1013 quae
965 972 1138 1003 secundum
1161 982 1195 1002 se
1217 971 1261 1002 ad
1282 971 1379 1001 bonos

318 1026 424 1048 mores
439 1018 614 1057 pertinent,
635 1017 667 1057 ly
689 1017 864 1047 secundum
881 1026 915 1047 se
930 1026 996 1047 non
1018 1016 1181 1056 distinguit
1200 1022 1308 1046 contra
1323 1015 1377 1044 ad-

1431 751 1571 782 iunctam
1595 751 1700 787 fidem,
1718 753 1772 782 sed
1796 759 1904 783 contra
1923 754 2164 784 institutionem.
2183 754 2228 784 Ita
2250 754 2338 794 quod
2362 752 2493 783 moralia

1432 802 1506 825 sunt
1522 805 1613 839 quae,
1638 795 1663 826 si
1681 806 1847 836 nunquam
1864 804 1966 827 essent
1979 797 2047 837 lege
2070 797 2175 838 aliqua
2197 804 2321 833 statuta,
2341 796 2492 827 servanda

1432 846 1506 869 sunt
1529 849 1565 870 ex
1589 840 1723 870 naturali
1747 840 1866 870 ratione
1885 841 1935 870 vel
1955 841 2036 876 sola,
2058 841 2107 870 vel
2129 840 2201 871 fidei
2224 841 2344 871 lumine
2371 840 2491 870 adiuta:

1433 883 1671 913 caeremonialia
1695 890 1802 914 autem
1821 891 1850 914 et
1869 884 2024 914 iudicialia
2048 894 2140 924 quae,
2165 891 2335 924 antequam
2350 884 2418 924 lege
2434 893 2491 924 po-

1433 934 1594 963 nerentur,
1619 927 1795 957 indifferens
1827 935 1892 958 erat
1922 928 1966 958 sic
1991 928 2041 958 vel
2064 927 2151 959 aliter
2181 927 2273 968 pon'i;
2300 935 2378 967 puta
2405 927 2493 968 quod

1432 970 1638 1010 blasphemus
1662 971 1852 1011 lapidaretur
1868 972 1966 1011 magis
1990 982 2087 1011 quam
2103 972 2339 1011 decapitaretur‚
2360 978 2390 1001 et
2405 971 2493 1012 quod

1433 1014 1580 1045 offeratur
1603 1025 1702 1054 agnus
1726 1016 1826 1055 magis
1850 1026 1947 1056 quam
1970 1015 2099 1052 haedus,
2116 1022 2147 1046 et
2170 1016 2363 1046 huiusmodi.

1088 1166 1402 1208 ARTICULUS
1433 1166 1731 1208 SECUNDUS

255 1278 262 1280 -
321 1262 419 1273 ‘w
489 1252 493 1253 ’
572 1261 728 1292 UTRUM
751 1260 1006 1292 PRAECEPTA
1029 1259 1224 1291 MORALIA
1249 1259 1370 1289 LEGls
1394 1259 1489 1289 SINT
1514 1260 1570 1289 DE
1595 1260 1784 1291 OMNIBUS
1809 1260 1991 1291 ACTlssus
2015 1262 2244 1292 VIRTUTUM

1228 1334 1260 1362 11³
1280 1337 1336 1368 11⁸0,
1356 1345 1399 1369 qu.
1419 1345 1475 1366 cxi,
1495 1343 1542 1363 art.
1563 1345 1587 1363 2.

354 1444 417 1477 „⁵5⁹
436 1444 445 1460 ι
456 1454 507 1489 „fi
530 1439 553 1464 D
568 1438 758 1469 SECUNDUM
773 1437 826 1463 Sic
841 1437 1080 1462 puocanrrun.
1100 1424 1259 1462 Videtur
1273 1424 1378 1473 quod

459 1476 502 1538 {³3
530 1487 733 1529 praecepta
775 1479 932 1515 moralia
972 1478 1062 1526 legis
1100 1490 1177 1515 non
1218 1477 1290 1515 sint
1331 1478 1379 1514 de

338 1516 499 1577 *fior-'1
480 1533 710 1571 {omnibus
745 1532 890 1568 actibus
921 1531 1116 1568 virtutum.
1151 1530 1378 1568 observatio

378 1550 523 1615 ᾆξ’)
491 1575 636 1622 emm
670 1592 961 1633 praeceptorum
994 1583 1133 1620 veteris
1159 1584 1251 1632 legis
1279 1583 1380 1620 iusti-

320 1639 448 1677 ficatio
469 1638 704 1684 nominatur;
726 1637 938 1674 secundum
958 1637 1049 1675 illud
1068 1637 1209 1675 Psalmi
1227 1636 1379 1674 cxvu1*:

320 1692 604 1740 Iusti'ficationes
632 1697 715 1727 tuas
738 1690 954 1727 custodiam.
986 1690 1064 1727 Sed
1090 1689 1303 1727 iustificatio
1326 1698 1382 1727 est

321 1745 492 1782 executio
530 1744 701 1780 iustitiae.
737 1744 837 1791 Ergo
875 1750 1077 1792 praecepta
1113 1742 1271 1779 moralia
1303 1755 1381 1779 non

168 1844 171 1853 ¹
228 1814 230 1816 ’
284 1833 286 1836 ,
322 1806 409 1835 sunt
437 1797 506 1834 nisi
538 1799 584 1834 de
613 1796 756 1833 actibus
785 1796 954 1832 iustitiae.
1070 1801 1087 1818 x,

89 2807 99 2817 '
114 2807 209 2835 Qu.xe,
224 2810 267 2828 art
278 2812 298 2828 2.

86 2961 298 3015 πμῗὸῐνζῗιξιὶιζ.

87 2993 204 3063 1ιὲιὲιιῖπιι.
215 3020 234 3036 ι.
242 3013 296 3041 Th„

377 1862 411 1887 2.
442 1851 683 1896 PRAETEREA,
713 1849 751 1886 id
784 1850 888 1898 quod
923 1848 1022 1885 cadit
1053 1849 1123 1885 sub
1156 1856 1381 1897 praecepto,

321 1904 436 1944 habet
462 1903 649 1940 rationem
679 1902 807 1939 debiti.
838 1902 914 1939 Sed
943 1901 1037 1939 ratio
1065 1901 1180 1939 debiti
1203 1913 1280 1939 non
1299 1914 1382 1950 per-

321 1956 414 1998 tinet
444 1956 493 1993 ad
526 1956 616 1992 alias
648 1955 805 1992 virtutes
842 1954 913 1992 nisi
945 1954 993 1991 ad
1032 1955 1152 1993 solam
1183 1954 1382 2001 iustitiam,

323 2009 430 2047 cuius
457 2009 632 2057 proprius
659 2015 765 2044 actus
793 2016 850 2044 est
878 2007 1035 2044 reddere
1055 2006 1256 2057 unicuique
1282 2007 1384 2044 debi-

323 2070 417 2105 tum.
447 2062 549 2109 Ergo
578 2069 778 2110 praecepta
810 2060 900 2108 legis
930 2059 1088 2099 moralia
1115 2072 1193 2098 non
1221 2068 1308 2098 sunt
1337 2060 1384 2097 de

323 2115 470 2155 actibus
498 2114 656 2151 aliarum
685 2114 886 2161 virtutum,
916 2113 982 2150 sed
1010 2114 1136 2151 solum
1165 2114 1212 2151 de
1240 2113 1385 2150 actibus

323 2167 495 2207 iustitiae.
575 2172 584 2179 ‘
1185 2210 1188 2213 ‚

380 2222 414 2258 3.
443 2221 684 2266 PRAETEREA,
715 2219 840 2256 omnis
868 2219 1110 2268 lexsponitur
1135 2227 1291 2279 propter
1319 2220 1385 2256 bo-

289 2301 295 2312 .
323 2285 417 2312 num
447 2285 664 2319 commune,
684 2280 726 2310 ut
745 2272 832 2310 dicit
851 2272 1016 2310 Isidorus
1034 2272 1064 2311 ²¹⁸.
1095 2272 1172 2310 Sed
1199 2272 1294 2310 inter
1311 2273 1387 2309 vir-

323 2334 427 2368 tutes
450 2327 531 2363 sola
559 2325 697 2363 iustitia
730 2325 880 2374 respicit
914 2326 1060 2363 bonum
1089 2337 1316 2372 commune,
1346 2333 1387 2362 ut

221 2397 228 2404 ·
268 2393 297 2430 ς·
324 2371 580 2429 Philosophus
608 2378 707 2425 dicit,
734 2378 776 2415 in
799 2377 834 2414 V
860 2378 980 2416 Ethic.
1006 2377 1026 2400 ’¹‘
1054 2379 1157 2438 Ergo
1184 2384 1386 2427 praecepta

325 2432 483 2479 moralia
511 2438 597 2468 sunt
626 2432 750 2468 solum
780 2431 827 2469 de
857 2431 1001 2468 actibus
1028 2430 1199 2469 iustitiae.

367 2486 454 2523 SED
482 2495 627 2522 CONTRA
655 2496 722 2521 EST
745 2483 849 2533 quod
867 2483 1095 2521 Ambrosius
1108 2479 1202 2521 dicit
1220 2483 1252 2531 *‚
1281 2485 1387 2533 quod

320 2543 522 2587 peccatum
544 2542 598 2573 est
623 2537 872 2586 transgressio
901 2537 995 2586 legis
1020 2537 1182 2582 divinae,
1209 2542 1246 2575 et
1269 2539 1387 2575 caele-

324 2591 436 2630 stium
455 2590 701 2629 inobedientia
721 2590 998 2627 mandatorum.
1025 2590 1101 2627 Sed
1121 2598 1276 2638 peccata
1297 2603 1386 2628 con-

325 2642 525 2681 tranantur
539 2643 723 2680 'omnibus
747 2643 891 2680 actibus
909 2642 1104 2680 virtutum.
1135 2643 1236 2691 Ergo
1254 2644 1314 2680 lex
1334 2644 1387 2680 di-

325 2695 418 2733 vina
434 2695 548 2739 habet
571 2695 813 2737 ordinarede
832 2695 978 2733 actibus
998 2695 1172 2733 omnium
1191 2695 1385 2734 virtutum.

378 2749 604 2789 Resroumzo
627 2759 810 2787 DICENDUM
830 2748 954 2796 quod‚·
968 2760 1058 2785 cum
1077 2757 1279 2798 praecepta
1297 2750 1387 2798 legis

326 2801 548 2839 ordinentur
579 2801 628 2839 ad
663 2801 809 2839 bonum
843 2812 1069 2848 commune,
1093 2801 1200 2839 ‚sicut
1235 2813 1349 2851 supra
1368 2803 1388 2823 '¹‘

326 2853 498 2901 habitum
527 2861 595 2900 est,
623 2864 778 2891 necesse
796 2860 852 2890 est
871 2854 977 2903 quod
993 2862 1196 2903 praecepta
1222 2855 1315 2913 legis
1335 2855 1388 2893 di-

326 2898 589 2944 versificentur
604 2906 815 2945 secundum
835 2906 1007 2948 divensos
1021 2907 1161 2944 modos
1176 2909 1389 2949 communi-

325 2966 463 2998 tatum.
483 2958 584 2999 unde
600 2965 637 2996 et
650 2958 942 3008 Philosophus,
932 2971 971 2996 m
985 2972 1055 2999 sua
1068 2960 1265 3007 Politica*,
1277 2961 1389 2999 docet

327 3012 432 3061 quod
455 3011 546 3050 alias
564 3012 666 3059 leges
684 3019 833 3061 oportet
856 3019 1018 3051 statuere
1046 3013 1084 3049 in
1115 3013 1388 3063 civitatequae

327 3065 464 3114 regitur
490 3077 590 3112 rege,
620 3071 657 3101 et
684 3064 774 3103 alias
801 3064 840 3102 in
868 3076 913 3103 ea
941 3077 1038 3114 quae
1062 3065 1201 3113 regitur
1228 3078 1298 3114 per
1318 3078 1388 3115 po-

325 3119 471 3167 pulum,
500 3118 562 3154 vel
590 3129 660 3165 per
687 3117 833 3165 aliquos
860 3125 1034 3166 potentes
1063 3118 1111 3154 de
1130 3117 1291 3157 civitate.
1321 3119 1389 3161 Est

327 3178 455 3210 autern
484 3170 577 3207 alius
605 3170 745 3207 modus
775 3170 1059 3208 communitatis
1085 3170 1135 3208 ad
1157 3177 1308 3218 quam²
1328 3184 1388 3208 or·

328 3223 477 3263 dinatur
509 3224 567 3260 lex
599 3223 786 3272 humana,
816 3231 851 3260 et
885 3222 932 3260 ad
961 3235 1078 3271 quam
1110 3223 1303 3262 ordinatur
1331 3225 1389 3263 lex

329 3276 467 3322 divina.
498 3276 576 3313 Lex
606 3275 707 3314 enim
735 3276 905 3314 humana
933 3275 1129 3313 ordinatur
1147 3276 1196 3315 ad
1216 3289 1389 3315 commu-

380 3391 408 3422 α)
427 3398 515 3423 quam.
533 3404 551 3409 -
570 3398 645 3423 quem
665 3390 731 3415 EFK
751 3390 790 3415 hic
810 3396 835 3415 et
854 3398 922 3414 mox.

380 3424 406 3458 β)
425 3426 631 3451 communitatis.
648 3439 668 3445 -
685 3426 931 3451 communicationis
950 3425 1191 3450 ABCDEFGIKLa.

379 3461 406 3494 γ)
425 3461 543 3486 ordinat.
561 3475 579 3481 -
597 3461 741 3486 ordinatur
759 3461 834 3485 EFK.

1434 1426 1590 1462 nitatem
1620 1426 1784 1473 civilem,
1814 1439 1912 1474 quae
1942 1434 1997 1463 est
2025 1427 2226 1464 hominum
2247 1429 2492 1465 adinvicem.

1435 1479 1620 1515 Homines
1649 1486 1776 1516 autern
1806 1479 2027 1516 ordinantur
2051 1480 2099 1517 ad
2124 1480 2285 1516 invicem
2310 1493 2377 1529 per
2399 1490 2495 1518 exte-

1434 1531 1552 1568 riores
1572 1540 1688 1579 actus,
1706 1532 1843 1580 quibus
1862 1533 2037 1569 homines
2058 1533 2127 1569 sibi
2143 1533 2306 1570 invicem
2323 1547 2495 1570 commu-

1435 1584 1570 1621 nicant.
1597 1585 1828 1622 Huiusmodi
1856 1593 1984 1622 autem
2014 1586 2308 1623 communicatio
2338 1587 2497 1635 pertinet

1436 1638 1483 1674 ad
1513 1638 1698 1674 rationem
1725 1638 1896 1685 iustitiae,
1927 1651 2025 1686 quae
2054 1647 2109 1675 est
2137 1639 2289 1687 proprie
2316 1640 2497 1676 directiva

1436 1691 1715 1728 communitatis
1731 1689 1745 1720 β
1764 1691 1966 1727 humanae.
1989 1692 2037 1728 Et
2056 1691 2142 1728 ideo
2158 1693 2215 1728 lex
2231 1693 2399 1729 humana
2418 1704 2497 1729 non

1436 1744 1614 1802 proponit
1641 1752 1842 1792 praecepta
1871 1744 1940 1780 nisi
1970 1745 2017 1781 de
2042 1744 2186 1781 actibus
2206 1745 2381 1791 iustitiae3
2413 1753 2448 1781 et
2467 1745 2497 1781 si

1436 1796 1641 1846 praecipiat
1674 1803 1778 1833 actus
1813 1796 1971 1833 aliarum
2000 1797 2203 1844 virtutum,
2233 1799 2306 1834 hoc
2335 1811 2412 1835 non
2441 1805 2496 1834 est

1438 1850 1506 1886 nisi
1536 1850 1759 1898 inquantum
1794 1857 1992 1886 assumunt
2028 1850 2212 1886 rationem
2248 1851 2427 1896 iustitiae3
2458 1858 2498 1887 ut

1437 1910 1539 1952 patet
1566 1915 1635 1951 per
1661 1902 1952 1961 Philosophum,
1983 1903 2019 1939 in
2048 1904 2082 1938 V
2109 1904 2228 1940 Ethic.
2248 1903 2268 1924 '¹‘

1492 1956 1569 1992 Sed
1593 1955 1848 1992 communitas
1876 1956 1923 1993 ad
1948 1967 2064 2004 quam
2084 1956 2232 1993 ordinat
2246 1962 2261 1984 Υ
2280 1957 2338 1992 lex
2359 1956 2496 2003 divina,

1439 2016 1494 2045 est
1520 2008 1722 2045 hominum
1751 2008 1799 2046 ad
1827 2009 1971 2055 Deum,
2001 2010 2063 2045 vel
2092 2009 2130 2045 in
2158 2009 2345 2057 praesenti
2372 2010 2435 2047 vel
2460 2009 2498 2046 in

1439 2063 1561 2098 futura
1580 2061 1667 2098 vita.
1698 2062 1747 2098 Et
1770 2061 1856 2098 ideo
1876 2062 1933 2097 lex
1954 2061 2081 2098 divina
2101 2069 2302 2110 praecepta
2320 2061 2499 2110 proponit

1441 2115 1487 2151 de
1520 2114 1700 2151 omnibus
1727 2114 1797 2151 illis
1830 2126 1900 2162 per
1932 2126 2029 2173 quae
2058 2115 2231 2169 homines
2266 2115 2364 2151 bene
2401 2114 2499 2151 ordi-

1440 2165 1606 2205 nentur⁵
1635 2167 1684 2204 ad
1713 2167 2098 2204 communicationem
2125 2179 2213 2204 cum
2243 2169 2340 2204 Deo.
2367 2169 2496 2204 Homo

1440 2228 1568 2258 autem
1603 2221 1687 2256 Deo
1722 2219 1961 2268 coniungitur
1989 2220 2153 2267 ratione,
2183 2220 2263 2256 sive
2292 2228 2431 2268 mente,
2462 2220 2499 2257 in

1441 2286 1515 2322 qua
1545 2280 1599 2309 est
1627 2272 1699 2309 Dei
1726 2272 1865 2320 imago.
1895 2274 1944 2310 Et
1967 2273 2054 2310 ideo
2073 2273 2132 2309 lex
2153 2273 2280 2310 divina
2298 2281 2499 2322 praecepta

1439 2326 1618 2375 proponit
1647 2326 1694 2362 de
1717 2326 1896 2363 omnibus
1916 2325 1984 2362 illis
2013 2338 2080 2374 per
2104 2338 2200 2374 quae
2220 2326 2315 2363 ratio
2334 2326 2499 2362 hominis

1442 2388 1497 2416 est
1525 2381 1621 2416 bene
1651 2379 1834 2416 ordinata.
1857 2379 1943 2415 Hoc
1962 2386 2088 2418 autem
2110 2379 2290 2426 contingit
2306 2392 2376 2427 per
2395 2386 2499 2415 actus

1442 2432 1615 2469 omnium
1635 2431 1839 2468 virtutum:
1867 2443 1955 2468 nam
1978 2431 2135 2468 virtutes
2156 2432 2422 2468 intellectuales
2441 2443 2500 2468 or-

1442 2486 1571 2523 dinant
1600 2486 1697 2521 bene
1724 2492 1830 2522 actus
1849 2484 2002 2521 rationis
2022 2485 2060 2521 in
2080 2485 2232 2533 seipsis;
2262 2485 2416 2521 virtutes
2436 2497 2500 2521 au-

1441 2546 1517 2575 tem
1546 2539 1710 2575 morales
1743 2537 1919 2575 ordinant
1950 2537 2048 2574 bene
2083 2545 2188 2574 actus
2221 2538 2374 2574 rationis
2403 2538 2500 2574 circa

1441 2591 1636 2628 interiores
1659 2590 1856 2639 passiones
1885 2597 1921 2628 et
1948 2590 2151 2627 exteriores
2171 2590 2420 2638 operationes.
2451 2591 2500 2626 Et

1442 2645 1527 2682 ideo
1556 2643 1798 2680 manifestum
1827 2651 1883 2680 est
1910 2643 2015 2691 quod
2043 2645 2101 2680 lex
2125 2643 2251 2680 divina
2271 2642 2499 2679 convenien-

1442 2697 1503 2734 ter'
1524 2697 1704 2746 proponit
1730 2703 1932 2744 praecepta
1962 2696 2008 2733 de
2029 2696 2173 2732 actibus
2194 2696 2365 2732 omnium
2383 2695 2498 2731 virtu-

1442 2759 1542 2787 tum:
1573 2749 1620 2786 ita
1646 2757 1774 2786 tamen
1799 2749 1903 2797 quod
1923 2749 2125 2798 quaedam,
2146 2749 2226 2785 sine
2246 2748 2384 2796 quibus
2403 2748 2498 2785 ordo

1441 2803 1600 2849 virtutis,
1630 2802 1694 2851 qui
1722 2809 1778 2839 est
1805 2802 1901 2839 ordo
1930 2802 2095 2848 rationis,
2120 2801 2315 2838 observari
2335 2813 2413 2838 non
2432 2812 2501 2849 po-

1442 2864 1524 2903 test,
1555 2855 1694 2892 cadunt
1721 2855 1792 2892 sub
1821 2854 2050 2902 obligatione
2070 2854 2280 2903 praecepti,
2311 2853 2499 2902 quaedam

1442 2921 1548 2955 vero,
1578 2920 1675 2957 quae
1703 2907 1892 2956 pertinent
1919 2907 1967 2944 ad
1997 2908 2093 2944 bene
2114 2918 2196 2943 esse
2214 2907 2360 2943 virtutis
2378 2906 2501 2954 perfe-

1444 2969 1537 3008 ctae,
1567 2962 1707 2998 cadunt
1735 2961 1805 2997 sub
1835 2960 2094 2997 admonitione
2123 2959 2277 2996 consilii.

1496 3017 1555 3051 Ao
1574 3026 1710 3052 PRIMUM
1730 3025 1828 3050 ERGO
1844 3024 2027 3050 DmENDuM
2043 3012 2147 3060 quod
2162 3012 2380 3060 adimpletio
2395 3023 2502 3048 man-

1444 3067 1620 3104 datorum
1649 3066 1739 3113 legis
1769 3066 1880 3102 etiam
1901 3070 1913 3086 ⁸
1941 3077 2038 3113 quae
2067 3072 2154 3101 sunt
2173 3065 2220 3102 de
2240 3065 2385 3102 actibus
2413 3064 2502 3101 alia-

1445 3132 1528 3157 rum
1557 3119 1750 3164 virtutum,
1779 3118 1895 3154 habet
1922 3118 2107 3155 rationem
2136 3117 2421 3164 iustificationis,
2447 3117 2502 3154 in·-

1444 3179 1626 3221 quantum
1655 3171 1794 3207 iustum
1824 3177 1880 3207 est
1911 3177 1951 3207 ut
1979 3171 2098 3207 homo
2127 3170 2281 3208 obediat
2313 3171 2411 3207 Deo.
2431 3170 2503 3207 Vel

1445 3225 1558 3261 etiarn
1591 3224 1815 3272 inquantum
1853 3223 1993 3260 iustum
2024 3230 2079 3260 est
2106 3223 2212 3271 quod
2241 3223 2371 3260 omnia
2404 3234 2503 3272 quae

1444 3285 1531 3315 sunt
1557 3276 1735 3323 hominis,
1766 3275 1899 3313 rationi
1927 3275 2148 3313 subdantur.

1495 3390 1528 3423 8)·
1540 3391 1707 3416 ordinentur.
1725 3404 1744 3409 -
1763 3391 1925 3415 ordinantur
1944 3390 2018 3415 EFK.

1495 3428 1516 3459 ε)
1537 3426 1626 3451 etiam.
1645 3440 1662 3445 —
1681 3429 1707 3451 et
1725 3426 1834 3451 codices.

2519 433 2529 443 ⁸
2539 432 2615 454 Exod.
2626 438 2677 460 cap.
2690 439 2730 459 xx,

2520 465 2578 480 vers.
2588 466 2613 485 4,
2625 462 2649 485 7;
2660 459 2730 480 Deut.

2520 491 2570 512 cap.
2582 485 2692 512 v,vers.8‚
2704 491 2729 507 n.

2527 1910 2608 1936 ·.Cap
2626 1916 2634 1931 1
2668 1915 2736 1931 n.12

2525 1942 2594 1984 [squa
2584 1936 2626 1958 -S.
2632 1926 2736 1958 †h.1ect.

2623 1999 2639 2024 Υ
