2840 4010
275 1827 278 1846 .

0 1815 7 1897 ἔ
91 1885 234 1911 ,νη

94 1994 103 2004 ·
118 1991 184 2015 ναι.
198 1997 230 2014 21.

90 2150 103 2163 ⁵
116 2149 183 2173 Ven-
196 2156 211 2178 ⁷
224 2156 277 2180 “1⁴1-

189 2195 211 2249 β,

165 2363 300 2385 ‚iz-Cf.

89 2362 119 2411 Ee
163 2388 190 2412 Ίν.
209 2388 285 2412 Arue.
292 2406 300 2416 ,

88 2414 174 2444 lib-111,
181 2421 232 2444 up.
237 2421 302 2438 xvin.

90 2469 165 2495 ‘An-
179 2470 286 2499 moed.

949 165 1214 212 QUAESTIO
1244 165 1471 210 LXXXVII,
1500 163 1795 201 ARTICULUS
1822 163 1890 200 VII

2436 178 2506 214 129

1117 307 1432 350 ARTICULUS
1462 307 1727 349 SEPTIMUS

815 411 970 442 UTRUM
994 409 1126 441 OMNIS
1148 408 1293 439 POENA
1317 407 1383 438 SIT
1407 408 1606 439 PROPTER
1629 409 1827 447 ALIQUAM
1851 409 2026 441 CULPAM

623 501 653 525 ll·
670 500 723 529 11⁰,
743 507 787 532 qu.
803 506 873 527 cvm,
892 502 938 522 art.
951 505 983 528 4;
1003 497 1070 521 Part.
1085 496 1124 525 111,
1140 503 1184 527 qu.
1196 502 1246 524 xiv,
1266 500 1312 519 art.
1330 502 1351 525 r,
1366 496 1398 519 ad
1415 495 1442 525 3;
1461 496 1480 519 Il
1496 496 1578 525 Sent„
1594 497 1651 521 dist.
1665 505 1719 527 xxx,
1740 506 1783 530 qu.
1799 505 1815 528 1,
1835 503 1881 522 art.
1898 505 1926 527 2;
1947 499 2004 523 dist.
2017 506 2098 529 xxxin,
2119 505 2165 524 art.
2178 506 2208 530 4;

370 538 412 568 IV,
432 537 491 562 dist.
503 544 547 568 xv,
567 544 612 569 qu.
631 543 655 566 ι,
674 540 720 560 art.
739 543 770 566 4,
790 535 836 567 qu·
852 540 879 562 2,
899 533 931 556 ad
951 531 978 562 3;
998 532 1057 556 dist.
1070 537 1142 560 xxm,
1166 534 1312 589 qu.11,;glt².
1333 537 1360 558 2.
1380 531 1427 561 qu*
1448 531 1475 561 3;
1499 531 1529 590 {11
1540 532 1622 590 tCont.
1640 533 1729 563 Gent.,
1748 541 1803 565 cap.
1818 540 1890 564 ειυς
1911 534 1952 558 De
1969 533 2056 563 Adalo,
2073 541 2118 566 qu.
2136 542 2157 565 1,
2173 539 2260 566 art.4;
2280 542 2324 567 qu.
2338 543 2362 566 v,
2381 542 2428 560 art.
2440 543 2471 567 4;

1224 572 1240 589 n
1310 572 1349 593 n.‚
1369 572 1425 597 cap.
1443 572 1480 596 ix,
1510 573 1557 590 ec.
1577 573 1594 592 1.

548 679 571 704 D
585 675 764 703 SEP'HMUM
779 675 832 700 sm
850 673 1089 699 Paociznrrua.
1110 661 1269 698 Videtur
1287 661 1392 709 quod

547 730 626 757 non
653 716 779 754 omnis
810 726 937 763 poena
965 714 1010 751 sit
1036 721 1192 764 propter
1226 713 1391 762 aliquam

548 770 711 819 culpam.
731 767 877 805 Dicitur
897 767 998 804 enirn
1019 769 1123 804 Ioan.
1145 766 1220 814 1X*‚
1241 766 1288 803 de
1309 777 1393 802 cae-

576 840 587 856 ·
612 828 718 859 nato:
747 821 883 868 Neque
906 821 967 857 hic
979 820 1161 869 peccavit,
1190 830 1310 867 neque
1323 829 1393 869 pa-

335 883 456 916 rentes
483 876 572 921 eius,
601 879 644 911 ut
667 879 884 911 nasceretur
910 884 1054 910 caecus.
1084 874 1135 910 Et
1152 872 1320 909 similiter
1337 871 1393 907 vi-

335 931 482 969 demus*
497 927 604 976 quod
630 927 737 963 multi
765 926 885 975 pueri,
907 924 1020 963 etiam
1047 925 1233 974 baptizati,
1258 935 1392 972 graves

334 987 479 1032 poenas
498 980 703 1030 patiuntur,
733 987 774 1016 ut
791 987 883 1028 puta
903 979 1039 1026 febres,
1069 979 1303 1016 daemonum
1325 977 1393 1026 op·

332 1033 561 1084 pressiones,
591 1040 627 1070 et
655 1033 773 1069 multa
805 1031 1050 1069 huiusmodi:
1080 1043 1168 1068 cum
1197 1038 1326 1067 tamen
1355 1029 1394 1066 in

334 1087 388 1124 eis
419 1097 498 1125 non
526 1086 572 1123 sit
604 1092 825 1136 peccatum,
854 1092 1059 1133 postquam
1086 1090 1173 1121 sunt
1205 1082 1392 1132 baptizati.

332 1140 383 1177 Et
409 1147 616 1188 ‘antequam
649 1138 722 1175 sint
749 1138 937 1186 baptizati,
968 1149 1047 1174 non
1072 1143 1132 1174 est
1158 1136 1197 1173 in
1225 1135 1278 1172 eis
1306 1136 1393 1184 plus

369 685 430 715 12⁸2
452 688 461 705 θ
473 699 507 714 ικ

354 779 396 816 ‘r
417 791 468 808 ψ
496 780 517 813 τ,

357 806 377 832 1³
394 803 489 853 (34⁵,
507 816 538 860 x*N

334 1191 387 1242 de
409 1199 568 1241 peccato
600 1202 718 1239 quam
746 1191 784 1227 in
813 1191 892 1227 aliis
920 1190 1064 1240 pueris,
1093 1189 1158 1239 qui
1186 1189 1282 1226 haec
1315 1200 1394 1224 non

331 1244 535 1294 patiuntur]
559 1244 659 1281 Non
688 1254 780 1291 ergo
809 1243 934 1281 omnis
960 1250 1087 1292 poena
1116 1248 1171 1279 est
1201 1253 1272 1291 pro
1305 1252 1393 1290 pec-

335 1305 431 1335 cato·
978 1327 980 1330 ,

387 1362 421 1387 2.
434 1351 667 1398 Pmrmi,
680 1348 853 1386 eiusdem
867 1348 1021 1385 rationis
1037 1359 1118 1385 esse
1127 1347 1278 1385 videtur
1287 1346 1394 1395 quod

331 1403 553 1453 peccatores
574 1407 855 1451 prosperentur,
885 1408 922 1438 et
944 1402 1049 1449 quod
1074 1400 1189 1450 aliqui
1213 1400 1394 1436 innocen-

332 1455 621 1505 tesspunianmr.
647 1455 860 1502 Utrumque
879 1461 1007 1491 autem
1025 1453 1064 1490 in
1083 1453 1197 1490 rebus
1216 1453 1393 1489 humanis

331 1509 547 1558 stoquenter
565 1508 782 1545 invenimus
797 1512 835 1543 ²:
855 1507 988 1544 dicitur
1007 1505 1108 1558 enim
1132 1506 1180 1543 de
1199 1505 1336 1554 iniquis
1355 1505 1394 1543 in

332 1561 489 1598 Psalmo
496 1572 591 1598 nxxn
602 1560 638 1597 *τ
654 1562 700 1597 In
717 1561 846 1597 labore
854 1560 1047 1596 hominum
1062 1570 1137 1596 non
1151 1564 1246 1604 sunt,
1258 1564 1293 1596 et
1307 1570 1392 1595 cum

331 1614 544 1651 hominibus
570 1626 646 1651 non
662 1613 984 1663 flagellabuntur;
1003 1619 1039 1649 et
1056 1613 1127 1656 Iob
1144 1622 1203 1648 xxi
1221 1611 1259 1648 *z
1279 1612 1394 1660 Impii

330 1665 481 1714 mant,
509 1667 692 1703 sublevati
722 1672 826 1711 sunt,
859 1665 1132 1713 confortatique
1163 1665 1319 1709 divitiis;
1357 1673 1393 1701 et

332 1721 516 1757 Habacuc
540 1725 550 1756 i
569 1718 594 1741 ⁸
618 1719 767 1756 dicitur:
793 1719 920 1761 Quare
946 1718 1097 1766 respicis
1123 1723 1393 1766 contemptores

282 1775 285 1793 ³
331 1778 374 1810 et·
385 1779 494 1820 taces,
510 1772 753 1810 conculcante
771 1772 884 1820 impio
906 1772 1094 1808 iustiorem
1108 1770 1174 1808 se?
1194 1770 1285 1807 Non
1302 1782 1390 1819 ergo

332 1826 460 1863 omnis
485 1836 612 1874 poena
640 1825 819 1872 infligitur
845 1835 915 1873 pro
946 1825 1067 1872 culpa.

387 1880 421 1916 3.
437 1880 670 1924 PRAETEREA,
688 1878 735 1915 de
751 1877 902 1914 Christo
921 1876 1056 1914 dicitur
1074 1878 1087 1913 1
1103 1877 1182 1915 Pet.
1199 1888 1221 1913 11
1238 1876 1269 1924 ⁸²,
1286 1877 1390 1926 quod

325 1937 523 1981 peccatum
544 1942 620 1967 non
635 1932 745 1979 fecit,
774 1941 844 1967 nec
870 1930 1039 1967 inventus
1057 1935 1112 1966 est
1125 1930 1232 1967 dolus
1259 1930 1297 1966 in
1325 1942 1391 1967 ore

330 1986 491 2022 eius-Et
513 1991 645 2020 tamen
670 1983 811 2021 ibidem
838 1983 860 2005 ²¹²
887 1983 1022 2020 dicitur
1048 1983 1153 2032 quod
1173 1994 1311 2031 passus
1338 1989 1391 2020 est

324 2049 400 2087 pro
419 2037 535 2074 nobis,
558 2038 660 2084 Ergo
680 2048 758 2073 non
778 2047 931 2085 semper
947 2046 1074 2085 poena
1091 2047 1115 2072 a
1133 2037 1219 2073 Deo
1238 2036 1389 2085 dispen-

330 2093 434 2128 satur
460 2101 532 2139 pro
561 2090 682 2138 culpa.

383 2144 461 2180 Sat>
486 2153 633 2181 com-m
664 2153 731 2179 es‘r
762 2142 867 2190 quod
899 2141 1034 2180 dicitur
1066 2142 1135 2178 Iob
1163 2152 1199 2178 iv
1222 2141 1263 2178 *t
1297 2142 1388 2184 Quis

330 2205 497 2245 unquam
515 2195 532 2226 β
557 2196 733 2232 innocens
754 2194 894 2243 periit?
911 2195 990 2232 Aut
1006 2195 1155 2243 quando
1174 2195 1267 2231 recti
1282 2195 1391 2232 deleti

327 2250 440 2287 svnt?
469 2250 567 2291 Quin
590 2249 717 2297 potius
743 2249 822 2285 vidi
847 2260 909 2284 eos
936 2249 1002 2296 qui
1026 2253 1231 2296 operantur
1254 2249 1387 2297 iniqui-

327 2309 458 2348 tatem,
477 2302 727 2351 flante‘Deo,
750 2302 918 2349 periisse.
947 2301 997 2338 Et
1022 2301 1254 2349 Augustinus
1283 2302 1387 2350 dicit,

328 2356 367 2393 in
388 2357 401 2392 I
422 2355 629 2401 Καιναί),
650 2354 757 2402 quod
782 2355 904 2391 omnis
916 2365 1041 2402 poena
1061 2354 1156 2391 iusta
1174 2360 1237 2400 est,
1258 2360 1294 2391 et
1313 2367 1388 2404 pro

322 2414 479 2458 peccato
507 2408 633 2456 aliquo
662 2408 898 2455 impenditur.

357 2489 360 2491 -
382 2463 608 2499 stmunzo
627 2471 812 2498 mCENDUM
839 2459 956 2509 quod,
977 2459 1074 2496 sicut
1095 2459 1176 2497 ‘iam
1194 2459 1215 2481 ²¹⁶
1243 2460 1387 2498 dictum

329 2522 396 2562 est,
424 2525 552 2563 poena
569 2520 694 2562 potest
713 2513 911 2563 dupliciter
938 2512 1183 2550 considerari:
1212 2513 1389 2563 simplici-

327 2576 395 2614 ter,
416 2575 454 2604 et
470 2567 696 2616 inquantum
718 2574 773 2604 est
791 2565 1045 2603 satisfactoria.
1075 2566 1206 2603 Poena
1230 2566 1386 2616 quidem

327 2619 572 2658 satisfactoria
593 2627 648 2656 est
667 2619 960 2669 quodammodo
979 2619 1204 2656 voluntaria.
1229 2621 1279 2657 Et
1297 2620 1387 2668 quia

329 2673 511 2721 contingit
535 2682 604 2710 eos
632 2673 696 2721 qui
724 2672 901 2709 differunt
920 2672 959 2708 in
977 2679 1082 2708 reatu
1109 2684 1275 2720 poenae,
1305 2685 1387 2710 esse

326 2738 446 2763 unum
477 2726 689 2762 secundum
708 2726 945 2762 voluntatem
965 2725 1107 2762 unione
1127 2726 1279 2773 amoris,
1299 2725 1388 2764 inde

328 2786 385 2816 est
412 2777 518 2826 quod
545 2778 735 2815 interdum
759 2778 892 2827 aliquis
910 2778 976 2826 qui
994 2790 1072 2815 non
1090 2779 1274 2827 peccavit,
1294 2791 1386 2828 poe-

327 2842 417 2869 nam
445 2831 683 2868 voluntarius
709 2842 780 2879 pro
809 2831 882 2868 alio
909 2838 1054 2880 portat:
1083 2831 1180 2868 sicut
1206 2831 1319 2869 etiam
1348 2832 1386 2869 in

325 2885 440 2921 rebus
468 2884 646 2922 humanis
669 2883 848 2921 videmus
870 2884 976 2932 quod
999 2884 1132 2933 aliquis
1151 2884 1190 2922 in
1209 2897 1249 2922 se
1268 2892 1387 2923 trans-

325 2938 395 2974 fert
409 2937 560 2974 alterius
579 2936 761 2974 debitum.
772 2958 797 2965 -
809 2937 848 2974 Si
867 2949 961 2974 vero
976 2938 1182 2985 loquamur
1196 2938 1243 2975 de
1258 2950 1385 2987 poena

325 2990 553 3039 simpliciter,
582 2989 794 3027 secundum
812 2990 919 3038 quod
946 2990 1061 3027 habet
1088 2991 1274 3028 rationem
1294 3004 1387 3040 poe-

325 3053 409 3090 nae,
439 3042 492 3080 sic
519 3054 672 3092 semper
697 3043 812 3081 habet
839 3043 1011 3086 ordinem
1039 3044 1088 3081 ad
1117 3045 1269 3093 culpam
1297 3057 1385 3094 pro-

323 3096 468 3145 priam:
498 3095 566 3133 sed
585 3095 818 3145 quandoque
837 3096 991 3145 quidem
1012 3097 1062 3134 ad
1082 3098 1234 3146 culpam
1259 3105 1385 3135 actua-

323 3151 410 3196 lem,
430 3156 522 3198 puta
540 3149 696 3198 quando
716 3148 849 3197 aliquis
867 3150 930 3187 vel
945 3161 967 3186 a
981 3150 1066 3187 Deo
1081 3151 1144 3187 vel
1163 3151 1212 3187 ab
1228 3151 1385 3188 homine

322 3212 394 3251 pro
421 3209 579 3250 peccato
607 3201 814 3239 commisso
841 3202 1011 3251 punit-un
1037 3203 1270 3252 quandoque
1290 3216 1384 3240 vero

324 3256 372 3292 ad
401 3255 552 3303 culpam
581 3254 812 3303 originalem.
834 3256 883 3292 Et
910 3255 984 3292 hoc
1012 3256 1168 3305 quidem
1196 3257 1258 3294 vel
1282 3257 1384 3306 prin-

325 3308 505 3357 cipaliter,
535 3309 596 3344 vel
627 3315 911 3358 consequenter.
940 3308 1199 3358 Principaliter
1227 3309 1383 3358 quidem

1445 672 1571 708 poena
1600 662 1787 709 originalis
1806 664 1950 711 peccati
1976 672 2031 701 est
2057 665 2159 713 quod
2183 673 2318 702 natura
2338 665 2506 704 humana

1446 713 1516 749 sibi
1546 714 1776 763 relinquitur,
1807 715 1980 753 destituta
2014 717 2152 754 auxilio
2183 718 2371 767 originalis
2404 720 2504 757 iusti-

1446 765 1534 802 tiae:
1565 766 1632 803 sed
1661 768 1709 804 ad
1733 768 1807 804 hoc
1837 778 2119 817 consequuntur
2147 783 2280 808 omnes
2299 773 2505 820 poenalita-

1445 825 1502 855 tes
1527 831 1624 867 quae
1654 831 1698 856 ex
1728 819 1877 856 defectu
1896 828 2052 858 naturae
2080 822 2118 859 in
2143 824 2362 861 hominibus
2380 829 2396 853 Ὺ
2416 837 2504 864 con-

1445 871 1604 919 tingunt.

1500 924 1706 961 Sciendum
1733 932 1862 961 tamen
1891 933 1946 961 est
1972 928 2077 975 quod
2106 929 2336 976 quandoque
2365 930 2505 980 aliquid

1445 977 1595 1014 videtur
1614 989 1696 1013 esse
1716 979 1889 1025 poenale,
1911 979 2016 1025 quod
2035 987 2163 1017 tamen
2182 993 2259 1018 non
2278 983 2392 1020 habet
2416 983 2504 1020 sim-

1446 1029 1590 1078 pliciter
1618 1030 1804 1066 rationem
1824 1042 1985 1078 poenae.
2015 1032 2146 1069 Poena
2165 1034 2266 1070 enim
2287 1043 2341 1071 est
2360 1037 2504 1084 species

1447 1082 1554 1128 mali,
1583 1090 1626 1119 ut
1652 1082 1691 1119 in
1720 1082 1849 1119 Primo
1876 1083 1896 1104 ’⁸
1926 1083 2067 1121 dictum
2097 1093 2162 1122 est.
2197 1087 2343 1124 Malum
2377 1097 2503 1126 autem

1447 1143 1502 1172 est
1529 1135 1690 1184 privatio
1720 1135 1823 1172 boni.
1854 1136 1953 1173 Cum
1974 1144 2102 1174 autem
2121 1138 2194 1174 sint
2211 1140 2319 1187 plura
2338 1141 2504 1179 hominis

1447 1188 1561 1235 bona,
1587 1187 1725 1224 scilicet
1752 1188 1914 1236 animae,
1936 1191 2115 1238 corporis,
2144 1199 2179 1228 et
2198 1194 2428 1231 exteriorum
2449 1208 2504 1232 re-

1448 1253 1552 1287 rum;
1583 1241 1763 1288 contingit
1789 1241 1976 1279 interdum
1996 1243 2101 1291 quod
2124 1245 2242 1281 homo
2261 1246 2421 1294 patiatur
2441 1248 2504 1285 de-

1446 1293 1666 1330 trimentum
1686 1294 1724 1330 in
1743 1293 1882 1331 minori
1902 1295 2018 1343 bono,
2034 1304 2076 1332 ut
2094 1306 2276 1345 augeatur
2294 1299 2332 1336 in
2351 1300 2502 1338 maiori:

1447 1346 1542 1383 sicut
1570 1358 1658 1383 cum
1686 1347 1824 1395 patitur
1852 1348 2119 1385 detrimentum
2147 1351 2332 1398 pecuniae
2351 1361 2505 1402 propter

1446 1399 1646 1436 sanitatem
1671 1401 1851 1448 corporiS,
1871 1401 1932 1437 vel
1953 1401 1991 1437 in
2010 1409 2170 1450 utroque
2194 1404 2330 1441 horum
2351 1414 2505 1454 propter

1447 1453 1607 1489 salutern
1636 1453 1784 1489 animae
1806 1460 1842 1489 et
1867 1461 2023 1502 propter
2050 1455 2207 1501 gloriam
2230 1456 2313 1493 Dei.
2343 1459 2392 1494 Et
2414 1466 2504 1496 tunc

1446 1506 1518 1542 tale
1547 1505 1815 1542 detrimentum
1843 1518 1921 1543 non
1950 1514 2005 1542 est
2032 1507 2246 1556 simpliciter
2269 1511 2412 1547 malum
2436 1512 2503 1548 ho-

1446 1559 1569 1606 minis,
1591 1559 1658 1595 sed
1686 1558 1897 1595 secundum
1927 1559 2029 1607 quid.
2050 1561 2160 1597 Unde
2184 1573 2263 1598 non
2283 1562 2368 1599 dicit
2386 1562 2399 1585 δ
2418 1564 2503 1601 sim-

1444 1611 1589 1660 pliciter
1616 1610 1804 1648 rationem
1823 1624 1984 1660 poenae,
2007 1614 2073 1650 sed
2102 1613 2334 1652 medicinae:
2356 1628 2446 1653 narn
2468 1625 2503 1654 et

1444 1665 1580 1702 medici
1619 1671 1787 1701 austeras
1819 1665 1995 1713 potiones
2022 1666 2225 1715 propinant
2258 1667 2434 1716 infirmis,
2463 1679 2503 1707 ut

1445 1719 1640 1755 conferant
1667 1717 1878 1754 sanitatem.
1910 1719 1958 1754 Et
1977 1719 2064 1767 quia
2083 1719 2300 1756 huiusmodi
2319 1733 2396 1758 non
2414 1735 2503 1771 pro-

1443 1772 1525 1820 prie
1553 1771 1695 1821 habent
1719 1770 1905 1807 rationem
1925 1783 2085 1820 poenae,
2106 1785 2184 1809 non
2203 1773 2434 1811 reducuntur
2453 1777 2500 1813 ad

1445 1825 1595 1873 culpam
1621 1823 1716 1860 sicut
1734 1823 1783 1860 ad
1804 1835 1971 1870 causam,
2001 1824 2071 1861 nisi
2090 1838 2160 1873 pro
2180 1832 2302 1863 tanto:
2322 1827 2410 1875 quia
2428 1829 2502 1865 hoc

1442 1877 1566 1926 ipsum
1588 1876 1694 1924 quod
1714 1883 1864 1925 oportet
1890 1878 2082 1914 humanae
2111 1885 2267 1915 naturae
2296 1880 2502 1918 medicinas

1442 1931 1624 1979 poenales
1658 1929 1857 1977 exhibere,
1888 1937 1944 1967 est
1975 1942 2020 1967 ex
2049 1931 2290 1979 corruptione
2322 1941 2499 1981 naturae,

1443 1995 1540 2032 quae
1569 1990 1624 2019 est
1651 1994 1778 2031 poena
1806 1983 1994 2030 originalis
2021 1984 2178 2032 peccati.
2210 1985 2252 2021 In
2280 1992 2376 2022 statu
2401 1987 2501 2023 enim

1442 2035 1679 2073 innocentiae
1698 2047 1776 2072 non
1796 2036 2025 2084 oportuisset
2044 2037 2208 2085 aliquem
2224 2038 2270 2074 ad
2290 2039 2501 2086 profectum

1440 2089 1586 2127 virtutis
1612 2089 1792 2125 inducere
1811 2101 1879 2137 per
1897 2089 2074 2138 poenalia
2095 2090 2276 2127 exercitia.
2298 2091 2408 2128 Unde
2427 2093 2501 2129 hoc

1442 2143 1566 2192 ipsum
1594 2142 1698 2191 quod
1728 2148 1783 2178 est
1810 2143 1972 2190 poenale
1999 2142 2038 2179 in
2062 2142 2209 2190 talibus,
2238 2144 2426 2181 reducitur
2453 2147 2501 2182 ad

1443 2196 1661 2243 originalem
1691 2195 1843 2244 culpam
1872 2195 1967 2232 sicut
1994 2195 2042 2232 ad
2071 2208 2236 2233 causam.

1495 2251 1553 2285 AD
1574 2259 1710 2285 ramum
1734 2259 1833 2284 ERGO
1860 2259 2044 2285 DICENDUM
2072 2249 2175 2297 quod
2200 2249 2417 2287 huiusmodi
2438 2250 2501 2287 de-

1442 2303 1559 2338 fectus
1588 2313 1722 2338 eorum
1743 2300 1808 2348 qui
1827 2309 2043 2347 nascuntur,
2064 2302 2126 2338 vel
2150 2301 2261 2338 etiam
2279 2314 2499 2350 puerorum,

1442 2362 1528 2392 sunt
1556 2354 1712 2391 effectus
1742 2361 1778 2390 et
1805 2365 1953 2402 poenae
1982 2354 2167 2402 originalis
2194 2355 2349 2403 peccati,
2379 2363 2420 2392 ut
2448 2356 2500 2392 di-

1442 2416 1544 2445 ctum
1566 2414 1621 2444 est
1638 2407 1669 2444 *.
1687 2408 1736 2444 Et
1750 2414 1906 2444 manent
1925 2406 2036 2443 etiam
2050 2415 2136 2455 post
2155 2407 2398 2456 baptismum,
2414 2421 2500 2457 pro-

1440 2469 1524 2510 pter
1552 2472 1707 2497 causam
1732 2460 1904 2508 superius
1922 2459 1942 2482 ‘¹‘
1962 2460 2112 2497 dictam.
2134 2461 2182 2497 Et
2201 2461 2305 2509 quod
2325 2474 2401 2498 non
2431 2462 2500 2498 sint
2543 2467 2566 2496 Q

1440 2513 1646 2562 aequaliter
1668 2513 1706 2550 in
1735 2513 1926 2559 omnibus,
1956 2513 2135 2561 contingit
2163 2521 2316 2562 propter
2344 2522 2497 2551 naturae
2542 2511 2548 2522 '

1443 2566 1710 2613 diversitatem,
1739 2578 1838 2614 quae
1867 2565 1938 2602 sibi
1967 2566 2196 2615 relinquitur,
2217 2574 2259 2603 ut
2278 2567 2425 2615 supra*
2445 2567 2498 2604 di-

1441 2628 1543 2657 ctum
1573 2627 1638 2656 est.
1662 2618 1896 2655 Ordinantur
1922 2626 2050 2655 tamen
2078 2618 2295 2656 huiusmodi
2319 2620 2495 2667 defectus,

1441 2673 1652 2710 secundum
1682 2671 1851 2708 divinam
1874 2671 2166 2720 providentiam,
2187 2672 2235 2708 ad
2254 2673 2410 2708 salutern
2430 2673 2497 2709 ho-

1441 2726 1598 2772 minurn,
1619 2726 1681 2761 vel
1697 2736 1831 2761 eorum
1851 2725 1916 2773 qui
1935 2725 2138 2773 patiuntur,
2158 2725 2219 2761 vel
2239 2724 2410 2771 aliorum,
2432 2726 2495 2774 qui

1441 2779 1574 2828 poenis
1603 2778 1869 2823 admonentur;
1901 2785 1936 2814 et
1964 2777 2076 2814 etiam
2105 2777 2153 2814 ad
2181 2777 2338 2824 gloriam
2366 2778 2449 2814 Dei.

1492 2834 1551 2868 AD
1579 2842 1769 2868 SECUNDUM
1798 2842 1984 2868 mCENDUM
2012 2830 2116 2878 quod
2145 2831 2246 2866 bona
2274 2830 2495 2878 temporalia

1442 2893 1477 2922 et
1505 2884 1715 2933 corporalia
1744 2890 1831 2920 sunt
1858 2883 2013 2931 quidem
2043 2883 2163 2931 aliqua
2191 2883 2291 2918 bona
2319 2883 2493 2929 hominis,

1440 2939 1508 2975 sed
1536 2949 1670 2986 parva:
1702 2937 1803 2973 bona
1823 2948 1915 2973 vero
1936 2935 2138 2984 spiritualia
2166 2942 2251 2971 sunt
2270 2946 2407 2982 magna
2426 2936 2494 2972 ho-

1440 2991 1551 3028 minis
1579 2991 1693 3027 bona.
1723 2989 1888 3026 Pertinet
1910 2989 2020 3036 igitur
2044 2988 2091 3024 ad
2121 2988 2288 3024 divinam
2318 2987 2494 3026 iustitiam

1438 3052 1480 3081 ut
1506 3043 1683 3080 virtuosis
1711 3042 1775 3079 det
1803 3041 2005 3090 spiritualia
2033 3042 2149 3086 bona;
2180 3047 2216 3076 et
2239 3041 2285 3077 de
2305 3047 2495 3089 tempora-

1438 3098 1535 3134 libus
1564 3096 1675 3133 bonis
1702 3096 1763 3132 vel
1796 3094 1903 3131 malis
1935 3101 2079 3130 tantum
2114 3093 2176 3129 det
2203 3092 2274 3140 eis,
2309 3101 2493 3141 quantum

1439 3150 1577 3187 sufficit
1604 3149 1652 3185 ad
1679 3148 1876 3184 virtutem:
1904 3154 1945 3183 ut
1965 3146 2064 3182 enim
2085 3145 2290 3193 Dionysius
2311 3146 2408 3193 dicit,
2433 3158 2493 3183 vni

1440 3215 1521 3252 cap.
1551 3203 1596 3238 de
1623 3201 1709 3238 Div.
1738 3200 1855 3236 Nom.
1886 3199 1923 3245 ²¹²,
1957 3199 2105 3235 divinae
2138 3198 2295 3235 iustitiae
2325 3205 2380 3235 est
2418 3211 2492 3235 non

1438 3255 1605 3293 emollire
1623 3253 1848 3302 optimorum
1864 3251 2127 3300 fortitudinem
2155 3251 2404 3288 materialium
2429 3253 2492 3289 do-

1439 3308 1658 3345 nationibus.
1679 3305 1770 3342 Aliis
1790 3317 1882 3343 vero
1902 3305 1975 3340 hoc
1994 3304 2118 3352 ipsum
2138 3304 2243 3352 quod
2271 3305 2493 3353 temporalia

377 3448 405 3482 α)
425 3447 582 3473 invenimus.
598 3461 618 3467 -
636 3447 754 3473 videmus
772 3447 823 3473 EF.

378 3482 403 3517 β)
424 3491 548 3516 unquam.
566 3497 584 3501 -
603 3483 665 3508 Om.
684 3483 798 3513 codices;
818 3491 864 3515 pro
876 3484 971 3518 flante,
992 3484 1073 3510 dante
1092 3484 1270 3509 ABCDEGIL.

465 3537 574 3562 Summ:
593 3536 693 3560 Tur-201„
713 3536 742 3560 D.
756 3536 869 3561 Tuosne
888 3536 920 3562 T.
938 3537 980 3561 IV.

1409 3449 1413 3512 Ι

1490 3447 1516 3479 γ)
1538 3447 1562 3470 in
1583 3445 1739 3470 hominibus.
1757 3458 1775 3463 -
1794 3445 1819 3468 in
1840 3444 1958 3469 omnibus
1977 3443 2076 3472 CDHL.
2096 3443 2243 3468 hominibus
2263 3443 2290 3468 Ρ.

1490 3481 1514 3514 ὃ)
1535 3481 1607 3506 dicit.
1625 3494 1644 3500 -
1662 3480 1738 3505 habet
1758 3480 1803 3504 Pa.

2533 1097 2542 1106 ·
2551 1096 2598 1124 Qu.
2609 1102 2689 1124 xLVIn,
2699 1102 2742 1120 art.

2527 2418 2535 2425 ¹
2551 2417 2575 2437 In
2591 2422 2697 2444 corpore:
2714 2422 2736 2439 et

2527 2449 2565 2478 gu,
2576 2449 2657 2469 Lxxxv.
2666 2448 2706 2465 art.
2715 2450 2734 2471 5.

2526 2576 2534 2583 ·
2548 2574 2617 2600 1bid.‚
2633 2575 2660 2596 ad
2675 2582 2693 2596 1.

2520 3211 2528 3219 ·
2540 3209 2615 3231 8.’ῙῚι.
2631 3210 2681 3231 lect.
2697 3216 2728 3232 iv.
