2840 4010
35 953 44 961 ·
56 951 131 973 S.Th.
143 951 192 971 lect.
203 956 226 971 x.
235 961 244 966 -

35 978 88 999 Did.
102 977 140 998 lib.
153 977 245 1004 VI11,0.

35 1010 66 1030 ix,
82 1009 104 1025 n.
119 1009 134 1030 1,
149 1009 169 1030 2,
183 1009 203 1031 3.

120 3307 169 3328 vm,
186 3307 207 3322 n.
220 3302 241 3323 8.

33 3339 43 3343 -
51 3301 125 3350 {a'ph-
136 3328 186 3349 lect.
194 3334 242 3350 xiv.

31 3511 39 3519 ⁶
55 3509 112 3531 lbid.

274 184 297 219 6
945 185 1210 232 QUAESTIO
1240 185 1378 229 LXXI,
1408 186 1703 222 ARTICULUS
1733 188 1784 224 lV

277 263 358 300 liter
379 271 433 300 est
462 276 575 300 causa
594 265 801 300 multorum
829 266 1019 300 malorum
1044 270 1209 299 actuum.
1230 263 1331 309 Ergo
1387 262 1554 299 bonitate
1573 265 1635 299 vel
1655 266 1795 302 malitia
1814 279 1932 314 quam
1955 270 2104 307 habitus
2122 271 2159 307 *τ
2189 271 2278 320 quia
2290 278 2448 321 propter
2474 287 2481 294 ·
2498 284 2525 306 D.
2542 285 2580 306 σο.

274 316 424 353 habitus
451 316 609 353 vitiosus
638 324 694 353 est
720 317 828 364 peior
855 328 971 364 quam
999 322 1103 351 actus
1135 314 1304 351 vitiosus.

332 370 365 405 3.
388 370 619 416 PRAETEREA,
643 381 756 405 causa
785 376 839 405 est
865 368 990 416 potior
1017 379 1132 414 quam
1163 366 1331 403 effectus.

277 422 354 458 Sed
373 422 522 458 habitus
550 422 695 469 perficit
723 428 848 457 actum
868 428 945 456 tam
967 419 1004 455 in
1024 419 1191 455 bonitate
1215 431 1332 468 quam

275 474 314 510 in
343 474 495 510 malitia.
517 474 618 521 Ergo
639 474 788 510 habitus
809 481 863 508 est
890 471 1016 520 potior
1039 478 1124 508 actu
1154 479 1189 508 et
1207 472 1246 509 in
1266 473 1333 509 bo-

275 526 388 563 nitate
409 534 445 563 et
471 526 510 562 in
539 526 689 562 malitia.

330 580 403 615 SED
432 590 587 624 CONTRA,
607 590 677 625 pro
706 584 791 613 actu
819 577 956 613 vitioso
986 576 1117 625 aliquis
1146 577 1240 614 iuste
1264 590 1332 626 pu-

275 632 394 669 nitur:
424 643 502 668 non
532 638 659 666 autem
679 641 748 677 pro
777 629 909 667 habitu
927 629 1079 677 vitioso,
1099 631 1129 667 si
1149 643 1227 668 non
1246 643 1333 680 pro-

276 685 384 721 cedat
421 685 468 719 ad
506 690 645 718 actum.
681 683 783 729 Ergo
813 690 918 719 actus
954 682 1114 720 vitiosus
1144 691 1199 720 est
1225 684 1333 732 peior

274 748 391 784 quam
419 735 567 771 habitus
595 734 764 771 vitiosus.

327 789 552 824 RESPONDEO
571 799 755 824 DICENDUM
775 788 881 837 quod
900 789 1049 826 habitus
1069 789 1198 826 medio
1214 790 1332 826 modo

274 853 313 877 se
335 841 448 877 habet
462 839 558 876 inter
575 840 794 889 potentiam
803 848 838 877 et
857 849 996 878 actum.
1018 841 1262 878 Manifestum
1279 849 1334 878 est

273 901 401 930 autern
431 893 535 941 quod
555 900 659 930 actus
687 893 725 930 in
754 894 857 930 bono
887 902 924 930 et
950 895 989 931 in
1017 896 1119 931 malo
1148 895 1334 943 praeemi-

273 954 337 983 net
363 946 568 994 potentiae,
588 954 630 983 ut
650 946 784 984 dicitur
810 947 848 983 in
874 948 926 984 IX
944 948 1160 996 Metaphys.
1182 947 1222 984 *ε
1253 960 1332 984 me-

272 999 342 1036 lius
367 1007 423 1036 est
441 999 544 1036 enim
564 1000 661 1036 bene
682 1011 792 1047 agere
813 1012 929 1048 quam
948 1012 1062 1048 posse
1082 1001 1180 1037 bene
1200 1013 1332 1048 agere;

274 1060 309 1089 et
338 1052 505 1089 similiter
532 1052 817 1101 vituperabilius
855 1060 911 1089 est
939 1054 1038 1090 male
1076 1065 1186 1101 agere
1216 1066 1331 1101 quam

272 1117 386 1154 posse
407 1106 506 1142 male
525 1118 647 1153 agere.
678 1106 788 1142 Unde
809 1106 922 1142 etiarn
955 1106 1126 1154 sequitur
1144 1106 1249 1154 quod
1268 1107 1334 1143 ha-

272 1159 372 1195 bitus
400 1158 439 1195 in
467 1158 635 1195 bonitate
664 1166 700 1195 et
727 1158 765 1195 in
798 1159 939 1195 malitia
973 1159 1142 1196 medium
1171 1159 1332 1206 gradum

274 1211 441 1248 obtineat
475 1211 571 1248 inter
602 1211 812 1260 potentiam
845 1219 882 1247 et
914 1219 1062 1248 actum:
1097 1219 1138 1248 ut
1173 1212 1331 1260 scilicet,

273 1265 367 1301 sicut
394 1264 544 1301 habitus
572 1265 697 1301 bonus
715 1264 777 1300 vel
805 1265 928 1300 malus
951 1265 1186 1312 praeeminet
1207 1265 1244 1301 in
1265 1265 1332 1301 bo-

272 1318 386 1354 nitate
414 1318 475 1354 vel
504 1316 645 1353 malitia
676 1316 889 1365 potentiae,
923 1316 973 1353 ita
1007 1317 1118 1354 etiam
1151 1318 1335 1355 subdatur

273 1378 382 1407 actui.

326 1423 443 1469 Quod
472 1422 584 1459 etiam
615 1435 660 1459 ex
678 1423 754 1459 hoc
772 1430 940 1471 apparet,
961 1424 1066 1472 quod
1085 1423 1235 1460 habitus
1254 1436 1331 1461 non

273 1475 404 1513 dicitur
436 1476 562 1512 bonus
589 1476 651 1512 vel
689 1476 812 1513 malus
849 1475 920 1513 nisi
954 1488 999 1512 ex
1031 1477 1107 1513 hoc
1145 1477 1250 1525 quod
1277 1478 1331 1514 in-

273 1528 386 1566 clinat
413 1528 463 1565 ad
497 1536 623 1565 actum
653 1529 800 1566 bonum
829 1529 891 1565 vel
919 1530 1076 1566 malum.
1107 1530 1218 1567 Unde
1246 1542 1333 1579 pro-

270 1589 354 1630 pter
382 1581 591 1619 bonitatem
619 1582 681 1618 vel
710 1582 894 1619 malitiam
924 1589 1039 1629 actus,
1070 1583 1202 1620 dicitur
1229 1583 1334 1620 habi-

273 1642 333 1672 tus
361 1636 486 1672 bonus
513 1635 575 1671 vel
605 1635 738 1672 malus.
770 1636 818 1671 Et
846 1635 898 1671 sic
926 1635 1050 1683 potior
1079 1643 1135 1672 est
1164 1643 1268 1673 actus
1296 1636 1335 1673 in

327 1733 353 1766 σι)
375 1734 434 1762 tale,
454 1736 487 1757 et.
508 1747 524 1751 -
544 1733 596 1757 tale
616 1733 705 1761 FKsD,
725 1740 776 1757 om.
797 1733 1020 1765 ABCEGILpDH.

1387 315 1487 362 quod
1514 317 1804 365 unumquodque
1831 319 1915 364 tale,
1944 327 1980 357 et
1997 327 2014 343 α
2042 323 2134 360 illud
2159 324 2284 374 magis
2311 331 2374 362 est.

1440 369 1499 404 AD
1518 380 1654 406 PRIMUM
1683 381 1781 406 ERGO
1811 382 1995 408 DICENDUM
2023 375 2128 422 quod
2153 375 2243 413 nihil
2270 377 2447 426 prohibet

1387 419 1529 469 aliquid
1549 434 1631 458 esse
1652 422 1870 471 simpliciter
1898 424 2015 461 altero
2034 427 2170 474 potius,
2192 430 2297 476 quod
2317 437 2445 467 tamen

1387 474 1598 511 secundum
1634 475 1725 523 quid
1763 477 1810 512 ab
1844 488 1889 513 eo
1924 477 2062 514 deficit.
2093 478 2316 528 Simpliciter
2344 483 2445 519 enim

1386 526 1512 574 potius
1548 527 1733 564 iudicatur
1769 529 1875 576 quod
1911 530 2146 578 praeeminet
2176 541 2359 580 quantum
2396 535 2445 573 ad

1386 578 1425 615 id
1453 580 1558 627 quod
1585 592 1654 628 per
1682 593 1721 617 se
1751 582 2010 619 consideratur
2037 583 2075 620 in
2103 590 2284 632 utroque:
2313 598 2446 625 secun-

1388 631 1480 667 dum
1509 632 1600 679 quid
1620 640 1760 686 autern,
1781 635 1887 682 quod
1915 636 2149 684 praeeminet
2177 639 2387 676 secundum
2406 640 2445 677 id

1387 684 1492 731 quod
1511 696 1581 732 per
1608 686 1782 723 accidens
1801 699 1841 724 se
1860 689 1975 725 habet
2002 689 2051 726 ad
2070 697 2286 738 utrumque.
2308 691 2446 729 Osten-

1388 748 1472 772 sum
1503 744 1557 773 est
1586 745 1713 775 autem
1741 738 1761 760 '¹‘
1789 751 1834 776 ex
1862 741 2116 788 ipsawatione
2146 750 2250 779 actus
2279 751 2315 780 et
2341 744 2446 781 habi-

1387 796 1458 836 tus,
1479 790 1585 837 quod
1613 797 1718 827 actus
1747 799 1801 828 est
1828 793 1954 841 potior
1981 794 2019 831 in
2048 795 2214 832 bonitate
2244 803 2280 832 et
2307 796 2447 834 malitia

1388 854 1505 889 quarn
1524 842 1684 879 habitus.
1706 843 1822 889 Quod
1842 854 1970 883 autem
1998 847 2213 885 habitus‘sit
2238 849 2448 887 diuturnior

1387 907 1504 942 quam
1534 903 1650 942 actus,
1673 895 1806 933 accidit
1830 909 1874 934 ex
1902 910 1948 935 eo
1978 901 2083 948 quod
2110 908 2316 951 utrumque
2341 902 2446 939 inve-

1387 947 1487 984 nitur
1505 948 1543 984 in
1562 948 1625 985 tali
1645 956 1778 985 natura
1802 961 1901 998 quae
1920 963 1998 988 non
2011 961 2136 1001 potest
2155 966 2308 1003 semper
2322 967 2445 1003 agere,

1388 1007 1424 1036 et
1449 1000 1554 1037 cuius
1574 1001 1671 1038 actio
1701 1009 1756 1038 est
1782 1001 1820 1038 in
1844 1010 1952 1039 motu
1979 1005 2206 1044 transeunte.
2227 1008 2337 1045 Unde
2358 1009 2446 1045 sim-

1386 1053 1531 1101 pliciter
1559 1062 1663 1091 actus
1698 1062 1752 1091 est
1783 1054 1910 1103 potior
1945 1063 2023 1094 tam
2055 1058 2094 1095 in
2127 1060 2295 1098 bonitate
2329 1073 2448 1109 quam

1386 1106 1425 1143 in
1445 1107 1605 1143 malitia:
1632 1107 1698 1144 sed
1719 1107 1868 1144 habitus
1888 1115 1944 1145 est
1962 1110 2088 1157 potior
2106 1113 2317 1150 secundum
2342 1114 2444 1162 quid.

1440 1161 1499 1196 AD
1528 1172 1718 1197 SECUNDUM
1746 1173 1929 1198 mCENDUM
1958 1163 2062 1210 quod
2098 1165 2247 1203 habitus
2280 1179 2358 1203 non
2392 1174 2448 1204 est

1387 1211 1605 1261 simpliciter
1622 1214 1747 1262 plures
1768 1221 1884 1261 actus,
1905 1215 1972 1251 sed
1993 1217 2205 1254 secundum
2225 1219 2328 1267 quid,
2349 1219 2446 1257 idest

1386 1265 1535 1302 virtute.
1565 1266 1676 1303 Unde
1706 1279 1751 1303 ex
1779 1268 1854 1303 hoc
1882 1279 1959 1304 non
1986 1276 2112 1317 potest
2140 1272 2313 1309 concludi
2341 1273 2446 1320 quod

1386 1318 1537 1355 habitus
1565 1319 1611 1355 sit
1629 1319 1845 1368 simpliciter
1873 1320 2000 1369 potior
2026 1322 2065 1358 in
2095 1322 2261 1360 bonitate
2285 1325 2347 1361 vel
2366 1331 2447 1362 tna-

1386 1371 1461 1408 litia
1489 1384 1606 1420 quam
1634 1380 1750 1409 actus.

1440 1426 1499 1461 Αι)
1527 1437 1687 1462 TERTIUM
1715 1437 1898 1463 DICENDUM
1927 1427 2033 1475 quod
2069 1428 2220 1466 habitus
2250 1437 2306 1466 est
2333 1441 2448 1467 causa

1387 1485 1493 1515 acms
1521 1478 1559 1514 in
1588 1490 1725 1526 genere
1755 1491 1891 1516 causae
1917 1480 2134 1518 efficientis:
2163 1482 2231 1520 sed
2260 1490 2364 1519 actus
2393 1490 2449 1520 est

1389 1543 1503 1568 causa
1530 1531 1679 1568 habitus
1699 1532 1738 1568 in
1765 1544 1904 1579 genere
1925 1545 2061 1570 causae
2081 1535 2216 1583 finalis,
2238 1535 2449 1573 secundum

1390 1597 1507 1633 quam
1537 1584 1794 1622 consideratur
1832 1585 1926 1622 ratio
1961 1587 2053 1623 boni
2081 1595 2117 1624 et
2144 1588 2254 1625 mali.
2285 1589 2334 1626 Et
2361 1588 2448 1630 ideo

1390 1637 1427 1674 in
1455 1637 1623 1674 bonitate
1652 1645 1688 1674 et
1715 1638 1855 1675 malitia
1884 1646 1989 1676 actus
2021 1640 2257 1688 praeeminet
2293 1641 2449 1679 habitui.

949 1803 1281 1835 Commentaria
1303 1804 1554 1837 cardinalis
1576 1806 1777 1838 Caietam

304 1885 324 1905 N
348 1874 480 1905 articulo
504 1873 606 1910 tertio,
631 1874 663 1903 in
687 1873 893 1914 responsione
917 1875 955 1904 ad
980 1874 1129 1914 primum,
1155 1881 1230 1905 nota
1258 1875 1334 1916 quid

277 1886 361 1959 Iper
384 1929 416 1949 se
444 1924 474 1948 et
497 1918 574 1958 quid
597 1928 654 1958 per
678 1917 820 1948 accidens
835 1917 867 1947 in
892 1918 1002 1948 habitu
1026 1925 1056 1949 et
1080 1926 1160 1955 actu,
1178 1918 1263 1950 iuxta
1278 1920 1333 1950 do-

274 1963 407 1994 ctrinam
429 1963 463 1993 in
494 1972 626 2002 corpore
650 1962 784 1998 articuli;
810 1968 846 1992 ut
876 1962 953 1992 scias
983 1963 1170 1999 discernere,
1198 1973 1273 1994 cum
1296 1964 1334 1994 de

273 2007 438 2038 nobilitate
454 2007 579 2037 habitus
602 2012 632 2036 et
655 2012 742 2037 actus
762 2013 808 2036 est
824 2006 1018 2046 disceptatio.
1035 2007 1167 2047 Propter
1182 2008 1272 2048 quod
1287 2017 1335 2038 re-

273 2051 404 2092 sponsio
421 2051 461 2081 ad
476 2051 605 2082 tertium
629 2050 685 2080 etsi
706 2050 812 2080 solum
831 2050 981 2091 loquatur
997 2052 1211 2091 comparando
1228 2059 1334 2083 actum

273 2103 303 2126 et
326 2095 470 2126 habitum
497 2095 530 2124 in
559 2094 722 2125 nobilitate
752 2101 781 2125 et
804 2095 940 2131 malitia,
966 2105 1031 2125 non
1055 2102 1160 2126 tamen
1185 2103 1333 2136 negatum

272 2140 344 2170 inde
374 2146 465 2179 putes
490 2145 596 2169 actum
625 2148 690 2168 esse
718 2138 901 2179 simpliciter
930 2139 1119 2170 nobiliorem
1142 2140 1262 2171 habitu.
1287 2140 1334 2171 Ex

271 2184 391 2215 ratione
416 2183 502 2214 enim
525 2183 617 2214 allata
641 2183 672 2212 in
698 2192 847 2223 corpore,
873 2189 903 2213 et
927 2184 1089 2223 explanata
1113 2184 1152 2214 ad
1176 2184 1333 2224 primum,

272 2235 358 2268 patet
381 2228 470 2268 quod
494 2234 581 2258 actus
607 2226 791 2267 simpliciter
810 2233 856 2258 est
876 2227 1015 2258 nobilior
1031 2235 1061 2258 et
1076 2228 1189 2259 melior
1207 2229 1332 2260 habitu:

1389 1876 1470 1907 sicut
1492 1884 1580 1914 actus
1604 1877 1788 1918 simpliciter
1807 1885 1877 1909 actu
1895 1878 2050 1919 permixto
2069 1879 2239 1920 potentiae,
2265 1887 2296 1911 et
2317 1879 2389 1911 finis
2412 1891 2452 1912 eo

1389 1921 1478 1960 quod
1494 1928 1540 1952 est
1563 1921 1603 1951 ad
1623 1920 1719 1952 finem
1740 1922 1931 1962 simpliciter.
1957 1923 2139 1954 Secundum
2162 1924 2239 1965 quid
2263 1931 2380 1961 autem,
2405 1924 2452 1955 in-

1388 1972 1546 2005 quantum
1568 1973 1732 2006 permanet
1755 1966 1787 1996 in
1811 1967 1968 2003 subiecto,
1994 1974 2025 1998 et
2049 1967 2143 1999 habet
2165 1967 2199 1998 in
2224 1978 2256 1998 se
2279 1968 2452 2000 virtualiter

1389 2015 1495 2039 actum
1510 2016 1546 2040 ut
1560 2019 1653 2040 causa
1667 2009 1812 2046 efficiens,
1827 2021 1893 2041 non
1906 2011 2088 2042 inconvenit
2099 2012 2258 2043 excellere.
2274 2013 2348 2043 Non
2364 2013 2451 2044 enim

1388 2053 1515 2093 proprie
1540 2063 1633 2084 causa
1648 2061 1694 2084 est
1713 2054 1857 2091 univoca,
1875 2061 1911 2086 ut
1927 2055 2070 2086 Socrates
2085 2056 2241 2088 Platonis:
2266 2057 2321 2087 sed
2343 2057 2452 2097 potius

1389 2097 1469 2127 sicut
1485 2107 1603 2134 semen,
1621 2099 1709 2139 quod
1725 2105 1771 2129 est
1786 2099 1969 2130 secundaria
1984 2109 2077 2130 causa
2093 2099 2174 2130 infra
2197 2099 2376 2132 univocam.
2401 2101 2453 2131 Ad

1389 2141 1522 2172 eandem
1546 2142 1631 2172 enim
1655 2143 1793 2183 speciem
1816 2149 1936 2183 spectat
1954 2153 2062 2174 semen
2082 2151 2112 2175 et
2127 2144 2265 2181 effectus,
2282 2151 2313 2176 et
2328 2144 2453 2176 habitus

1389 2191 1420 2215 et
1435 2192 1535 2216 actus:
1560 2186 1615 2216 sed
1632 2186 1758 2217 effeetus
1778 2193 1808 2217 et
1831 2194 1918 2218 actus
1942 2187 2143 2228 perfectiores
2168 2195 2242 2219 sunt
2265 2198 2312 2219 res
2336 2188 2451 2220 talibus

1389 2229 1681 2261 instrumentalibus
1705 2231 1816 2268 causis,
1841 2241 1940 2272 quam
1964 2232 2028 2263 suis
2052 2231 2212 2263 effectibus
2225 2232 2252 2263 *-

1052 2365 1369 2408 ARTICULUS
1400 2366 1672 2419 QUARTUS

760 2456 915 2487 UTRUM
938 2456 1177 2488 PECCATUM
1201 2457 1330 2489 snum.
1353 2458 1499 2489 Possm*
1529 2459 1629 2490 ESSE
1654 2458 1747 2490 CUM
1772 2460 1965 2491 VIRTUTE

448 2526 539 2559 Supra,
554 2533 598 2558 qu.
617 2533 686 2555 Lxui.
706 2530 753 2551 art.
773 2533 796 2556 2,
817 2527 848 2550 ad
870 2533 898 2557 2;
919 2526 990 2558 infra,
1011 2535 1055 2559 qu.
1075 2535 1159 2558 Lxxtu,
1180 2533 1226 2553 art.
1250 2536 1270 2558 ι,
1290 2528 1321 2553 ud
1342 2535 1371 2559 2;
1391 2529 1421 2552 11⁴
1442 2529 1494 2559 11⁰,
1514 2537 1559 2561 qu.
1581 2537 1647 2560 xxw,
1667 2534 1714 2555 art.
1733 2537 1777 2559 ¹23
1799 2530 1840 2555 De
1865 2530 1969 2559 Virtut„
1989 2538 2034 2563 qu.
2052 2538 2069 2559 ι,
2089 2534 2136 2556 art.
2160 2538 2180 2560 ι,
2200 2531 2231 2555 ad
2253 2530 2276 2556 5.

356 2625 362 2639 ι
390 2648 397 2656 .,
419 2635 431 2658 ς
482 2618 504 2643 n
526 2618 698 2648 QUARTUM
718 2618 771 2643 Sic
791 2618 1030 2644 PROCEDITUR.
1047 2607 1206 2644 Videtur
1225 2608 1331 2656 quod

421 2659 460 2705 ’,ἢ
483 2666 587 2696 actus
606 2659 776 2707 vitiosus,
799 2659 879 2696 sive
903 2667 1116 2708 peccatum,
1139 2673 1217 2698 non
1244 2673 1332 2710 pos-

287 2742 309 2760 s*
392 2698 527 2754 s'k'sit
565 2712 675 2749 simul
714 2725 796 2750 esse
836 2725 923 2750 cum
951 2713 1101 2750 virtute.
1134 2714 1331 2752 Contraria

287 2759 300 2770 ”
326 2781 335 2791 =
348 2760 415 2794 '1²⁵¹'
438 2758 469 2801 N
483 2765 583 2802 enim
603 2778 681 2802 non
705 2773 865 2814 possunt
884 2778 967 2803 esse
988 2766 1099 2803 simul
1119 2767 1159 2804 in
1179 2767 1329 2805 eodem.

270 2817 347 2854 Sed
375 2825 574 2866 peccatum
604 2819 896 2867 quodammodo
926 2820 1173 2856 contrariatur
1191 2820 1331 2867 virtuti,

269 2878 309 2907 ut
329 2870 472 2908 dictum
501 2879 558 2908 est
575 2871 606 2908 ²¹².
638 2872 740 2920 Ergo
760 2879 959 2920 peccatum
980 2885 1059 2909 non
1077 2881 1202 2921 potest
1221 2873 1332 2910 simul

271 2936 352 2960 esse
382 2935 468 2961 cum
497 2924 647 2961 virtute.

325 2988 359 3013 2.
389 2978 631 3025 mearmm,
661 2985 860 3026 peecatum
900 2985 955 3014 est
991 2978 1099 3026 peius
1132 2991 1248 3028 quarn
1276 2979 1331 3016 vi-

270 3029 376 3076 tium,
397 3030 492 3067 idest
511 3039 616 3068 actus
635 3031 758 3068 malus
779 3043 895 3079 quam
919 3031 1068 3067 habitus
1089 3033 1222 3068 malus.
1254 3033 1330 3069 Sed

270 3081 403 3118 vitium
432 3095 510 3120 non
538 3091 663 3132 potest
690 3083 802 3120 simul
831 3096 912 3120 esse
933 3084 970 3120 in
990 3084 1129 3121 eodem
1149 3097 1236 3122 cum
1256 3085 1330 3122 vir-

271 3141 359 3170 tute.
391 3136 492 3183 Ergo
521 3149 644 3186 neque
672 3144 885 3186 peccatum.

327 3188 360 3223 3.
389 3188 621 3237 PRAETEREA,
650 3190 746 3227 sicut
772 3197 971 3239 peccatum
1001 3190 1136 3228 accidit
1157 3191 1197 3227 in
1217 3191 1330 3228 rebus

270 3240 502 3287 voluntariis,
533 3242 581 3278 ita
611 3251 646 3279 et
674 3243 711 3280 in
741 3244 853 3280 rebus
872 3243 1116 3292 naturalibus,
1136 3251 1177 3280 ut
1197 3243 1330 3281 dicitur

270 3291 309 3328 in
338 3293 368 3328 II
398 3293 545 3340 Physic.
566 3294 586 3315 ²¹²
614 3296 688 3332 Sed
719 3309 916 3345 nunquam
946 3296 984 3333 in
1012 3297 1126 3333 rebus
1155 3297 1330 3334 naturali-

270 3345 342 3381 bus
370 3345 504 3382 accidit
526 3355 723 3395 peccatum
749 3349 819 3386 nisi
842 3362 910 3399 per
934 3350 1100 3399 aliquam
1121 3350 1330 3399 corruptio—

269 3410 359 3434 nem
380 3398 525 3435 virtutis
544 3401 734 3437 naturalis:
757 3402 851 3439 sicut
869 3409 1037 3440 monstra
1055 3403 1232 3440 accidunt
1247 3415 1329 3440 cor-

269 3456 378 3499 rupto
407 3451 533 3499 aliquo
557 3453 742 3500 principio
772 3455 808 3490 in
836 3457 987 3501 semine,
1016 3464 1058 3493 ut
1085 3456 1219 3493 dicitur
1242 3456 1278 3494 in
1296 3458 1325 3493 II

267 3504 416 3552 Physic.
441 3504 461 3526 '¹‘
489 3505 590 3552 Ergo
630 3505 743 3542 etiam
780 3506 816 3543 in
853 3509 963 3545 rebus
995 3509 1216 3546 voluntariis
1250 3521 1329 3546 non

1387 2609 1520 2646 accidit
1548 2618 1748 2657 peccatum
1779 2610 1847 2646 nisi
1873 2618 2050 2659 corrupta
2073 2610 2199 2660 aliqua
2218 2611 2356 2649 virtute
2375 2612 2453 2650 ani-

1387 2673 1485 2699 mae.
1507 2662 1556 2699 Et
1584 2662 1634 2699 sic
1659 2670 1858 2712 peccatum
1888 2670 1925 2700 et
1942 2663 2061 2700 virtus
2090 2676 2168 2700 non
2189 2671 2349 2712 possunt
2369 2677 2451 2703 esse

1387 2714 1426 2751 in
1454 2715 1605 2752 eodem.

1441 2768 1516 2805 SED
1545 2780 1690 2805 CONTRA
1718 2781 1784 2806 EST
1812 2768 1918 2818 quod
1945 2768 2201 2818 Philosophus
2221 2770 2319 2818 dicit,
2349 2771 2387 2807 in
2415 2771 2447 2808 II

1386 2821 1505 2858 Ethic.
1526 2821 1557 2868 ³²,
1588 2821 1693 2869 quod
1721 2834 1791 2870 per
1825 2821 2011 2859 contraria
2038 2822 2159 2859 virtus
2187 2822 2388 2871 generatur
2415 2831 2453 2861 et

1388 2874 1653 2923 corrumpitur.
1677 2875 1753 2911 Sed
1768 2887 1867 2911 unus
1887 2882 1992 2911 actus
2010 2874 2203 2912 virtuosus
2223 2887 2302 2914 non
2322 2883 2451 2914 causat

1386 2926 1584 2974 virtutem,
1621 2935 1661 2963 ut
1695 2939 1809 2976 supra
1831 2927 1852 2949 ’¹‘
1879 2927 2050 2964 habitum
2087 2936 2153 2966 est.
2189 2929 2291 2977 Ergo
2325 2941 2449 2978 neque

1387 2992 1485 3017 unus
1519 2987 1623 3017 actus
1651 2980 1797 3029 peccati
1825 2980 1919 3017 tollit
1945 2980 2135 3018 virtutem.
2166 2981 2330 3019 Possunt
2359 2994 2447 3030 ergo

1387 3033 1499 3069 simul
1527 3033 1565 3069 in
1594 3033 1733 3070 eodem
1763 3045 1857 3070 esse.

1440 3087 1665 3123 Responnso
1694 3098 1877 3123 DlCENDUM
1906 3086 2012 3134 quod
2030 3094 2230 3135 peccatum
2252 3099 2449 3136 compara-

1386 3145 1446 3175 tur
1477 3140 1525 3176 ad
1556 3138 1736 3176 virtutem
1772 3139 1866 3175 sicut
1898 3147 2003 3176 actus
2036 3140 2159 3176 malus
2193 3140 2242 3177 ad
2275 3139 2446 3178 habitum

1386 3192 1543 3228 bonum.
1575 3191 1690 3228 Aliter
1717 3199 1846 3228 autem
1874 3204 1914 3229 se
1942 3192 2056 3229 habet
2079 3192 2230 3230 habitus
2248 3192 2287 3230 in
2306 3191 2445 3238 anima,

1387 3251 1422 3281 et
1442 3245 1566 3281 forma
1584 3244 1622 3281 in
1642 3257 1681 3281 re
1706 3245 1874 3282 naturali.
1906 3246 2045 3282 Forma
2074 3245 2175 3283 enim
2203 3244 2381 3283 naturalis
2402 3256 2447 3281 ex

1385 3297 1606 3334 necessitate
1633 3298 1809 3346 producit
1836 3298 2099 3346 operationem
2127 3298 2197 3335 sibi
2217 3296 2447 3335 convenien-

1385 3358 1483 3387 tem:
1513 3350 1615 3388 unde
1644 3363 1722 3388 non
1750 3358 1875 3400 potest
1899 3363 1981 3388 esse
2001 3351 2112 3388 simul
2130 3361 2218 3387 cum
2236 3349 2361 3387 forma
2380 3361 2448 3386 na-

1384 3403 1492 3440 turali
1526 3411 1631 3440 actus
1659 3404 1805 3441 formae
1835 3403 2064 3449 contrariae;
2093 3403 2189 3439 sicut
2215 3414 2294 3440 non
2321 3410 2447 3451 potest

1386 3469 1467 3494 esse
1489 3469 1577 3494 cum
1602 3457 1725 3494 calore
1746 3464 1851 3494 actus
1874 3454 2169 3504 infrigidationis‚
2191 3466 2315 3503 neque
2335 3454 2446 3492 simul

1386 3521 1473 3547 curn
1494 3510 1642 3548 levitate
1662 3517 1788 3546 motus
1808 3508 2076 3556 descensionis,
2096 3507 2165 3545 nisi
2185 3507 2280 3545 forte
2301 3519 2345 3545 ex
2363 3507 2447 3545 vio-

2474 754 2483 763 ·
2498 753 2523 775 ln
2538 759 2643 782 corpore.

2481 2220 2492 2231 ⁶
2505 2219 2539 2242 lta
2553 2225 2635 2242 omne·
2649 2225 2696 2242 uo·-

2482 2250 2542 2268 strae
2557 2246 2678 2269 editiones.

2479 2832 2532 2855 ’ct
2549 2836 2599 2860 .m,
2614 2837 2695 2854 mu.—

2551 2874 2557 2880 .
2571 2857 2624 2880 lect.
2637 2863 2672 2880 m.

2477 2942 2487 2953 ⁶
2497 2941 2546 2969 Qu.
2556 2948 2587 2969 u,
2596 2944 2637 2963 nrt.
2653 2947 2680 2969 3-
