2840 4010
905 180 1169 226 QUAESTIO
1199 181 1392 227 LXXXII,
1421 180 1716 217 ARTICULUS
1745 180 1794 216 111

24 264 34 274 ·
49 263 115 286 vere·
130 269 150 292 s·
263 255 360 302 lum,
387 255 499 292 Rom.
520 266 568 292 vu
587 255 618 292 ³¹².
641 257 717 293 Sed
742 259 882 294 multae
903 259 996 295 aliae
1021 267 1107 296 sunt
1125 259 1321 308 passiones

24 316 236 344 ·Qu.um,m
290 310 412 350 taeter
440 308 799 358 concupiscentiam,
819 318 861 347 ut
889 323 1002 360 supra
1020 311 1040 333 ’¹‘
1059 312 1229 348 habitum
1253 319 1319 347 est.
1348 312 1349 326 ¹

42 358 48 364 “
283 366 368 418 rgo
395 367 595 408 peccatum
630 362 808 410 originale
846 375 923 400 non
953 363 1071 422 magis
1101 371 1156 400 est
1184 376 1321 399 concu-

263 402 448 461 piscentia
474 425 591 461 quam
619 415 745 463 aliqua
772 415 844 452 alia
871 415 1011 464 passio.

320 465 355 501 3.
371 465 613 513 PRAETEREA,
642 479 711 516 per
737 475 936 515 peccatum
965 467 1146 514 originale
1175 467 1323 503 deordi-

24 525 110 579 :ir-31¹3
119 524 237 552 weced
265 523 402 554 nantur
421 529 556 555 omnes
575 519 725 556 animae
744 527 881 568 partes,
900 527 942 556 ut
961 519 1103 556 dictum
1125 527 1179 555 est
1197 519 1228 555 ²¹⁴.
1247 520 1322 556 Sed

127 585 144 603 α
265 569 472 607 intellectus
501 579 556 608 est
583 583 763 620 suprema
782 577 800 592 ‘¹
824 571 920 608 inter
938 571 1084 607 animae
1112 579 1254 619 partes;
1284 579 1324 608 ut

27 625 152 674 ‘Osa-n·
154 631 237 673 lem
264 629 368 675 patet
395 635 464 671 per
490 622 778 672 Philosophum,
807 623 846 660 in
869 624 904 660 X
921 624 1040 661 Ethic.
1061 623 1083 645 '¹‘
1106 624 1208 671 Ergo
1237 636 1323 672 pec-

267 682 405 713 catum
422 675 614 723 originale
626 675 747 723 magis
775 682 830 712 est
853 675 1062 723 ignorantia
1089 689 1206 725 quarn
1235 689 1324 714 con-

266 727 509 775 cupiscentia.

320 780 396 816 Sat>
414 789 560 817 comm
578 791 644 817 Es'r
667 780 774 827 quod
792 781 1023 828 Augustinus
1045 781 1143 828 dicit,
1169 781 1207 818 in
1227 782 1323 818 libro

27 830 100 882 2⁸0⁸?-
124 835 239 882 ’3αῇ
265 832 431 870 Retract.
460 832 499 868 *.
537 832 842 881 Concupiscentia
879 839 932 870 est
967 839 1092 870 reatus
1127 834 1325 884 originalis

26 858 239 940 ι’ἕξῧὲῧεὲζῖ
259 879 416 938 peccati-

0 960 3 975 ;
26 917 285 1001 ffiffi‘ffffiffif-
317 935 545 974 Responnsso
564 948 748 974 memnon
776 939 880 986 quod
908 937 1211 987 unumquodque
1226 937 1241 968 β
1259 940 1325 976 ha-

220 998 221 1002 ’
266 989 331 1026 bet
357 988 524 1037 speciem
545 1001 567 1025 a
587 1002 655 1026 sua
683 990 818 1027 forma.
840 990 993 1028 Dictum
1022 998 1078 1027 est
1105 998 1234 1028 autem
1264 1004 1325 1028 su-

7 1059 14 1070 2
26 1049 241 1080 ·ικι-φιιιοω·
265 1051 338 1090 pra
359 1042 380 1062 ⁸²
406 1041 511 1088 quod
541 1043 686 1089 species
714 1043 858 1091 peccati
887 1043 1073 1091 originalis
1101 1043 1261 1080 sumitur
1281 1056 1325 1080 ex

266 1102 335 1142 sua
354 1104 480 1131 causa.
496 1094 607 1131 Unde
627 1102 777 1144 oportet
796 1096 952 1154 quodid
967 1095 1072 1144 quod
1093 1103 1148 1132 est
1166 1096 1324 1133 formale

265 1145 306 1186 m
332 1145 502 1205 originali
539 1155 716 1196 peccato,
746 1148 947 1197 accipiatur
981 1160 1025 1186 ex
1052 1155 1158 1197 parte
1188 1161 1323 1186 causae

264 1197 410 1248 peccati
439 1198 637 1247 originalis.
668 1200 944 1249 oppositorum
970 1208 1098 1239 autem
1128 1202 1325 1260 oppositae

240 1258 521 1290 mansae.
544 1249 612 1290 Est
629 1253 740 1301 igitur
767 1253 996 1291 attendenda
1020 1265 1133 1290 causa
1162 1254 1325 1302 origina-

265 1304 310 1341 lis
337 1304 482 1352 peccati
512 1317 557 1342 ex
586 1317 699 1342 causa
728 1305 916 1353 originalis
949 1306 1131 1353 iustitiae,
1165 1319 1262 1366 quae
1292 1307 1324 1343 ei

267 1357 484 1419 opponitur.
505 1359 606 1395 Tota
634 1365 761 1394 autem
791 1358 977 1396 ordinatio
1005 1358 1196 1407 originalis
1224 1359 1326 1396 iusti-

265 1414 346 1461 ttae
368 1421 412 1447 ex
435 1410 511 1448 hoc
531 1418 596 1458 est,
618 1411 723 1459 quod
751 1412 927 1448 voluntas
946 1411 1112 1450 hominis
1141 1419 1220 1449 erat
1238 1413 1323 1449 Deo

267 1458 446 1508 Subiecta.
477 1462 588 1508 Quae
617 1463 773 1512 quidem
801 1463 984 1501 subiectio
1008 1465 1131 1513 primo
1161 1473 1197 1501 et
1224 1465 1325 1513 prin-

37 1517 44 1523 “
64 1517 101 1538 ⁴¹²
130 1525 133 1527 ·
267 1513 435 1564 dpaliter
461 1523 541 1552 erat
567 1528 637 1564 per
662 1517 919 1564 voluntatem,
950 1517 1058 1558 cuius
1086 1524 1141 1554 est
1167 1529 1325 1554 movere

13 1574 39 1602 Ρ
53 1573 103 1604 Q·-
117 1579 150 1602 ιι,
164 1573 403 1605 *τω-91111155
422 1567 512 1604 alias
531 1576 657 1627 partes
676 1569 713 1606 in
733 1569 864 1616 finem,
879 1577 922 1606 ut
941 1581 1054 1618 supra
1067 1569 1088 1592 *
1102 1569 1249 1608 dictum·
1257 1578 1323 1607 est.

265 1618 376 1660 Unde
406 1631 452 1656 ex
480 1621 678 1658 aversione
705 1622 910 1659 voluntatis
938 1635 960 1659 a
987 1623 1089 1670 Deo,
1124 1630 1327 1660 consecuta

267 1661 326 1718 {est
345 1672 582 1711 inordinatio
611 1674 649 1710 in
678 1675 857 1712 omnibus
886 1675 965 1712 aliis
994 1675 1142 1713 animae
1169 1676 1325 1712 viribus.

320 1723 383 1766 Sic
402 1738 491 1773 ergo
510 1726 672 1775 privatio
702 1727 891 1775 originalis
917 1727 1088 1775 iustitiae,
1113 1740 1186 1787 'per
1209 1741 1325 1777 quam

264 1778 442 1815 voluntas
471 1779 704 1828 subdebatur
727 1781 824 1827 Deo,
855 1788 910 1817 est
929 1781 1087 1817 formale
1111 1780 1149 1818 in
1168 1788 1325 1830 peccato

266 1829 457 1878 originali.
493 1832 619 1869 omnis
653 1840 781 1869 autern
817 1833 887 1869 alia
923 1833 1150 1870 inordinatio
1184 1834 1323 1870 virium

275 1971 277 1975 ¹
318 1942 347 1976 α)
365 1951 499 1976 suprema.
516 1959 535 1964 -
552 1953 691 1979 supremus
710 1947 781 1976 PHa,
800 1954 924 1979 suprema
939 1954 1008 1980 pars
1025 1948 1057 1974 Κ.

319 1977 344 2012 β)
365 1981 613 2013 unumquodque·
630 1982 702 2014 quod
719 1985 759 2006 est
776 1982 873 2007 addunt
890 1983 942 2008 EF.

296 2015 345 2047 γ)
363 2019 411 2040 est.
429 2029 447 2035 —-
466 2016 534 2040 inest
551 2016 599 2041 Pa.

2383 191 2431 227 97

1377 259 1525 296 animae
1550 271 1589 295 se
1617 259 1731 295 habet
1756 258 1795 295 in
1822 265 1980 307 peccato
2008 258 2177 306 originali
2204 258 2298 295 sicut
2322 259 2432 317 quid—

1377 313 1464 348 dam
1486 311 1689 348 materiale.
1718 311 1947 348 lnordinatio
1967 318 2095 348 autem
2116 311 2273 348 aliarum
2292 310 2431 348 virium

1377 363 1526 400 animae
1544 362 1744 412 praecipue
1769 363 1807 401 in
1834 364 1909 400 hoc
1929 363 2140 410 attenditur,
2161 364 2266 413 quod
2293 363 2433 400 inordi-

1377 423 1463 452 nate
1483 424 1753 453 convertuntur
1780 417 1829 453 ad
1852 417 1999 454 bonum
2023 417 2306 454 commutabile:
2335 428 2432 464 quae

1377 467 1532 514 quidem
1561 468 1786 505 inordinatio
1815 469 2012 506 communi
2038 469 2195 506 nomine
2220 476 2343 518 potest
2362 468 2432 506 dici

1379 520 1691 567 concupiscentia.
1713 522 1762 557 Et
1780 521 1829 557 ita
1843 529 2042 570 peccatum
2062 522 2240 570 originale
2260 521 2432 558 materia-

1378 572 1457 607 liter
1484 572 1638 620 quidem
1668 581 1722 609 est
1751 574 2066 622 eoncupiscentia;
2095 574 2299 611 formaliter
2325 586 2431 622 vero,

1351 626 1352 631 ’
1380 623 1546 660 defectus
1574 624 1760 671 originalis
1788 626 1958 663 iustitiae.

1431 678 1490 712 An
1510 688 1646 713 animum
1666 689 1763 714 ERGO
1783 690 1965 716 montinum
1980 679 2096 727 quod,
2111 679 2200 728 quia
2219 679 2256 716 in
2275 678 2431 716 homine

1379 728 1679 776 concupiscibilis
1715 731 1929 767 naturaliter
1957 731 2093 778 regitur
2122 732 2284 778 ratione,
2313 732 2431 768 intan-

1378 788 1459 816 tum
1482 781 1748 832 concupiscere
1769 790 1824 819 est
1842 783 1987 819 homini
2006 786 2186 830 naturale,
2206 785 2430 832 inquantum

1380 840 1436 870 est
1469 834 1678 871 secundum
1715 834 1866 871 rationis
1902 835 2093 872 ordinem:
2129 836 2432 885 concupiscentia

1379 893 1508 922 autem
1528 898 1624 934 quae
1652 887 1879 923 transcendit
1898 887 2033 924 limites
2061 888 2226 934 rationis,
2248 897 2304 925 est
2322 894 2337 917 ἵ
2362 889 2430 925 ho-

1378 938 1470 974 mini
1500 946 1629 975 contra
1657 946 1841 975 naturam.
1866 940 1915 976 Et
1941 940 2021 976 talis
2050 948 2103 977 est
2132 941 2433 990 concupiscentia

1379 990 1569 1037 originalis
1597 991 1752 1038 peccati.

1431 1045 1489 1079 AD
1518 1055 1706 1080 SECUNDUM
1734 1055 1916 1081 chENDUM
1945 1044 2060 1092 quod,
2088 1045 2182 1081 sicut
2210 1058 2322 1094 supra
2340 1046 2360 1068 *
2380 1046 2433 1084 di-

1380 1103 1482 1132 ctum
1499 1103 1564 1142 est,
1581 1108 1715 1132 omnes
1730 1094 1743 1118 ὃ
1758 1097 1954 1145 passiones
1969 1097 2160 1134 irascibilis
2175 1097 2223 1134 ad
2239 1098 2432 1146 passiones

1380 1148 1678 1196 concupiscibilis
1698 1150 1938 1196 reducuntur,
1960 1149 2054 1186 sicut
2073 1150 2120 1186 ad
2140 1150 2432 1199 principaliores.

1380 1202 1479 1237 Inter
1499 1213 1591 1249 quas
1621 1202 1924 1250 concupiscentia
1944 1203 2205 1239 vehementius
2234 1211 2376 1250 movet,
2397 1211 2434 1240 et

1380 1253 1498 1301 magis
1527 1254 1693 1313 sentitur,
1722 1262 1763 1291 ut
1791 1267 1904 1302 supra
1927 1254 1946 1276 ’¹‘
1972 1255 2144 1292 habitum
2174 1263 2238 1292 est.
2269 1257 2317 1292 Et
2344 1256 2431 1293 ideo

1380 1306 1705 1354 concupiscentiae
1726 1307 1959 1361 attribuitur,
1966 1314 2146 1356 tanquam
2167 1308 2431 1357 principaliori,

1380 1366 1415 1395 et
1442 1358 1480 1395 in
1509 1371 1583 1407 qua
1620 1360 1910 1407 quodammodo
1949 1371 2083 1397 omnes
2111 1360 2205 1396 aliae
2237 1361 2432 1409 passiones

1379 1411 1631 1448 includuntur.

1432 1465 1490 1500 AD
1523 1476 1681 1501 TERTlUM
1709 1475 1893 1501 DlCENDUM
1921 1465 2038 1512 quod,
2064 1464 2158 1501 sicut
2185 1465 2223 1501 in
2250 1465 2387 1502 bonis
2378 1478 2434 1502 m-

1379 1517 1546 1553 tellectus
1565 1524 1602 1553 et
1620 1517 1714 1553 ratio
1734 1517 2046 1565 principalitatem
2065 1518 2222 1563 habent,
2242 1517 2291 1554 ita
2306 1530 2326 1554 e
2341 1530 2430 1554 con-

1379 1581 1492 1606 verso
1521 1569 1559 1606 in
1587 1569 1695 1606 malis
1722 1569 1875 1606 inferior
1900 1581 1988 1618 pars
2016 1569 2166 1606 animae
2193 1570 2433 1619 principalior

1380 1622 1578 1668 invenitur,
1609 1634 1705 1674 quae
1735 1621 1931 1658 obnubilat
1959 1629 1995 1659 et
2020 1622 2131 1658 trahit
2159 1622 2363 1669 rationem,
2392 1630 2433 1659 ut

1381 1687 1494 1723 supra
1515 1675 1535 1696 ’⁸
1555 1675 1696 1712 dictum
1718 1682 1783 1711 est.
1809 1675 1858 1711 Et
1876 1682 2030 1723 propter
2047 1675 2122 1711 hoc
2140 1683 2339 1723 peccatum
2359 1675 2431 1712 ori-

1380 1727 1500 1775 ginale
1525 1727 1646 1775 magis
1665 1727 1797 1765 dicitur
1816 1732 1828 1748 ²
1848 1739 1929 1764 esse
1959 1727 2261 1776 concupiscentia
2278 1728 2299 1750 ²¹²
2318 1740 2433 1777 quam

1381 1780 1609 1828 ignorantia:
1638 1780 1724 1816 licet
1752 1779 1862 1816 etiam
1891 1781 2100 1827 ignorantia
2137 1780 2232 1816 inter
2268 1781 2434 1818 defectus

1381 1833 1591 1869 materiales
1619 1832 1763 1881 peccati
1791 1832 1978 1880 originalis
2007 1833 2253 1870 contineatur.

1433 1946 1456 1979 δ)
1477 1954 1574 1972 omnes.
1592 1961 1611 1967 —
1630 1947 1692 1972 Om.
1711 1947 1757 1971 Pa.

1433 1983 1454 2014 ε)
1475 1983 1581 2007 dicitur.
1600 1996 1617 2001 -
1635 1982 1711 2007 debet
1728 1982 1778 2006 EF.
1796 1995 1815 2001 —-
1833 1981 1913 2007 Iidem
1932 1989 1986 2007 om.
2004 1982 2092 2007 etiam.

939 2088 1267 2121 commentar-ia
1291 2087 1537 2120 Cardinalis
1560 2087 1758 2120 Caietani

269 2175 316 2236 IN
340 2165 476 2196 articulis
500 2166 639 2196 secundo
665 2173 694 2197 et
718 2167 809 2197 tertio
836 2166 976 2197 eiusdem
1000 2167 1204 2207 quaestionis,
1230 2166 1325 2197 dubia

297 2209 362 2239 duo
387 2216 566 2240 occurrunt.
590 2210 733 2240 Primum
757 2217 811 2246 est,
837 2211 875 2240 de
899 2221 962 2251 qua
986 2221 1078 2241 causa
1102 2217 1148 2241 est
1167 2220 1270 2241 sermo
1292 2211 1325 2241 in

263 2252 317 2282 illa
331 2253 551 2293 propositione
568 2254 697 2284 secundi
714 2254 845 2290 articuli,
863 2254 902 2284 In
919 2256 1007 2285 omni
1025 2255 1207 2285 inordinata
1223 2255 1326 2294 dispo-

264 2297 378 2327 sitione
401 2298 509 2327 unitas
530 2298 678 2338 specifica
701 2299 840 2329 sumitur
859 2307 901 2329 ex
916 2303 1014 2338 parte
1029 2299 1164 2330 causae:
1180 2299 1325 2329 extrinse-

265 2350 319 2371 cae
334 2340 385 2371 vel
400 2341 594 2377 intrinsecae,
611 2341 767 2372 effectivae
786 2342 835 2372 vel
852 2340 1009 2372 formalis?
1024 2343 1097 2373 Non
1111 2343 1196 2373 enim
1211 2343 1324 2383 liquet:

265 2384 344 2425 quin
366 2384 473 2424 potius
496 2384 597 2415 littera
620 2385 707 2416 affert
726 2396 853 2416 causam
876 2386 1078 2422 materialem,
1096 2393 1173 2426 puta
1189 2387 1326 2417 calorem

265 2428 467 2458 excedentem
484 2437 625 2468 respectu
643 2429 745 2465 febris,
764 2437 794 2460 et
808 2430 931 2460 similia.
948 2448 969 2453 —
986 2430 1169 2461 Secundum
1185 2438 1240 2466 est,
1258 2441 1324 2472 quo

265 2478 359 2512 pacto
382 2472 516 2512 privatio
540 2473 700 2512 originalis
729 2474 864 2504 iustitiae
892 2474 1022 2514 ponitur
1049 2483 1142 2504 causa
1167 2475 1338 2514 originalis

154 2535 161 2548 i
215 2531 238 2540 ¹·
264 2516 384 2557 peccati
407 2515 440 2546 in
463 2517 603 2547 secundo
628 2517 774 2554 articulo;
799 2524 829 2548 et
851 2518 884 2548 in
907 2518 998 2549 tertio
1021 2518 1152 2558 ponitur
1167 2519 1256 2559 quod
1280 2525 1325 2549 est

225 2562 238 2575 ⁴¹
265 2559 398 2599 formale
420 2560 454 2590 in
476 2560 546 2600 ipso
571 2568 700 2600 peccato
725 2561 878 2601 originali.

319 2604 370 2634 Ad
398 2604 587 2635 evidentiam
610 2605 742 2641 horum,
768 2605 845 2636 scito
870 2606 976 2646 quod,
1002 2615 1076 2636 cum
1099 2606 1264 2646 dispositio
1288 2606 1327 2637 sit

265 2648 345 2678 ordo
360 2648 503 2679 habentis
519 2656 632 2688 parteS,
649 2650 682 2680 in
699 2649 787 2680 omni
811 2650 989 2680 inordinata
1013 2649 1219 2689 dispositione
1234 2650 1326 2691 plura

265 2699 451 2722 concurrere
479 2698 606 2731 oportet
632 2693 803 2732 spectantia
826 2694 866 2723 ad
889 2694 976 2723 illam
1001 2693 1091 2734 quasi
1121 2700 1224 2733 partes
1247 2693 1325 2725 inte-

263 2735 375 2775 grales,
394 2741 426 2765 et
447 2735 566 2775 aliquid
583 2743 737 2776 tanquam
758 2737 895 2768 radicem
918 2737 968 2767 vel
988 2737 1086 2768 totius
1110 2738 1325 2778 dispositionis

264 2778 314 2810 vel
336 2778 530 2819 reliquarum
560 2780 714 2820 partium:
743 2781 828 2811 verbi
857 2781 970 2821 gratia,
994 2781 1027 2812 in
1057 2781 1142 2812 febre
1171 2782 1325 2812 cholerica

264 2822 439 2854 excessivus
463 2822 549 2854 calor
571 2830 618 2854 est
640 2831 670 2855 et
692 2824 782 2865 quasi
798 2835 869 2865 pars
893 2825 996 2862 febris,
1020 2832 1051 2856 et
1073 2826 1160 2856 radix
1182 2826 1276 2856 febris
1291 2826 1324 2856 in

263 2865 393 2907 reliquis
406 2866 547 2907 partibus
563 2868 715 2908 corporis,
733 2869 816 2900 Inter
839 2869 894 2900 has
917 2876 1024 2900 autem
1047 2870 1137 2910 quasi
1153 2877 1255 2910 partes
1271 2870 1324 2900 illa

263 2910 329 2940 vim
353 2920 464 2940 causae
489 2911 622 2948 obtinet,
648 2913 732 2943 unde
751 2913 821 2943 talis
842 2913 1008 2953 dispositio
1029 2913 1211 2954 simpliciter
1232 2914 1324 2954 poni-

264 2961 315 2985 tur
337 2954 370 2984 in
386 2964 461 2985 esse.
487 2955 529 2985 Et
543 2955 583 2985 de
597 2956 652 2986 tali
677 2965 769 2987 causa
785 2956 962 2988 verificatur
982 2957 1092 2994 littera,
1111 2958 1255 2998 quamvis
1276 2958 1322 2988 in-

264 2998 408 3029 distincte
423 2999 583 3039 loquatur.
597 3000 653 3030 Est
672 3010 810 3042 namque
829 3001 1014 3032 huiusmodi
1036 3002 1126 3042 quasi
1143 3011 1214 3042 pars
1231 3011 1324 3032 causa

264 3050 295 3073 et
317 3042 416 3073 active
438 3050 470 3073 et
492 3042 680 3080 formaliter,
703 3051 740 3075 ut
761 3051 847 3084 patet
873 3045 907 3076 in
930 3046 1082 3086 exemplis
1110 3046 1246 3076 litterae:
1274 3056 1323 3076 ex-

265 3086 400 3117 cessivus
425 3097 562 3128 namque
580 3087 664 3118 calor
687 3094 717 3119 et
735 3088 809 3119 facit
823 3089 953 3126 febrem,
971 3096 1002 3120 et
1024 3089 1166 3120 formalis
1182 3089 1215 3119 in
1238 3089 1323 3120 febre

233 3164 235 3166 v
264 3137 318 3161 est.
336 3130 429 3161 Unde
451 3130 552 3161 littera
575 3131 614 3161 de
646 3130 831 3168 intrinseca,
855 3133 905 3163 vel
927 3133 1017 3174 quasi
1041 3133 1206 3164 intrinseca
1231 3143 1323 3163 causa

262 3174 391 3215 propria
413 3174 603 3205 verificatur:
635 3185 700 3205 non
729 3176 879 3206 materiali
910 3183 946 3206 ut
969 3177 1029 3213 sic,
1055 3177 1209 3218 quoniam
1238 3177 1323 3207 nulla

262 3228 310 3249 res
334 3218 464 3258 ponitur
486 3219 519 3248 in
543 3228 610 3249 esse
633 3228 689 3259 per
711 3220 890 3256 materiam3
917 3220 972 3250 sed
995 3229 1032 3250 ex
1051 3230 1114 3261 qua
1138 3220 1268 3260 ponitur
1290 3220 1322 3251 in

263 3271 340 3299 esse,
361 3272 442 3303 quae
459 3269 504 3292 est
520 3269 555 3293 ut
570 3262 712 3293 formalis
734 3269 765 3293 et
783 3264 883 3294 activa
899 3262 944 3305 (et
958 3273 1024 3294 non
1048 3264 1156 3295 solum
1174 3264 1322 3295 materiae

261 3307 418 3338 rationem
441 3304 573 3348 habens)
598 3307 818 3338 diversimode.

313 3351 356 3381 Et
370 3351 414 3381 sic
428 3357 513 3391 patet
529 3351 647 3381 solutio
663 3351 757 3401 primi
774 3350 861 3381 dubii
878 3350 973 3381 simul
989 3357 1019 3381 et
1034 3351 1172 3382 secundi.
1189 3352 1271 3382 Nam
1287 3361 1323 3381 ex

261 3393 324 3425 hoc
347 3401 432 3434 patet
452 3395 541 3435 quod
564 3395 697 3434 privatio
722 3394 881 3434 originalis
904 3394 1049 3430 iustitiae,
1070 3394 1144 3435 quia
1160 3401 1206 3425 est
1221 3395 1322 3434 prima

261 3437 428 3469 intrinseca
450 3439 537 3469 radix
561 3439 719 3478 originalis
744 3439 872 3478 peccati,
897 3448 990 3469 causa
1014 3439 1080 3469 eius
1104 3439 1233 3478 ponitur
1257 3447 1321 3468 non

262 3482 545 3523 qualitercumque,
568 3483 622 3513 sed
646 3482 795 3519 formalis,
823 3490 858 3513 ut
874 3493 910 3512 ex
926 3482 1067 3513 discursu
1091 3482 1209 3513 litterae
1225 3488 1320 3522 patet.

403 3544 512 3569 Smmar:
532 3543 632 3568 Tnzot.
652 3544 683 3569 D.
696 3543 810 3568 'saonam
829 3543 862 3569 Τ.
880 3544 922 3568 lV.

1410 2177 1429 2196 N
1453 2167 1584 2197 articulo
1608 2166 1698 2197 tertio
1722 2167 1787 2196 duo
1812 2173 1980 2196 occurrunt
2001 2166 2104 2196 dubia.
2126 2166 2242 2202 Primo,
2268 2167 2432 2206 quomodo

1383 2178 1442 2240 Ise
1471 2211 1582 2240 habeat
1609 2210 1800 2240 inordinatio
1831 2210 2002 2240 voluntatis
2026 2210 2064 2240 ad
2093 2217 2256 2249 peccatum
2286 2210 2433 2250 originale

1380 2255 1586 2290 materialiter,
1603 2261 1633 2284 et
1657 2254 1695 2283 ad
1711 2254 1919 2294 privationem
1943 2254 2101 2294 originalis
2117 2254 2261 2285 iustitiae.
2279 2254 2313 2284 ln
2333 2254 2433 2285 littera

1379 2308 1516 2338 namque
1547 2298 1625 2328 nihil
1647 2297 1770 2328 videtur
1801 2298 1839 2328 de
1862 2298 1920 2328 hac
1943 2297 2084 2337 exprimi.
2104 2298 2261 2328 Materiale
2295 2298 2379 2328 enim
2400 2298 2433 2327 in

1379 2350 1507 2381 peccato
1533 2342 1675 2382 originali
1698 2341 1828 2381 ponitur
1851 2342 2113 2381 concupiscentia,
2131 2352 2228 2382 quam
2252 2342 2283 2371 in
2300 2342 2367 2372 aliis
2390 2342 2433 2371 vi-

1379 2386 1463 2416 ribus
1488 2386 1656 2416 consistere
1679 2396 1715 2415 ex
1735 2395 1773 2415 eo
1789 2392 1874 2425 patet
1895 2386 1982 2426 quod
1998 2386 2108 2421 littera,
2129 2386 2260 2415 reddens
2279 2386 2433 2416 rationem

1379 2440 1475 2470 quare
1499 2430 1619 2460 dicatur
1642 2429 1911 2469 concupiscentia,
1935 2429 2053 2470 inquit:
2071 2429 2272 2460 Inordinatio
2291 2431 2429 2460 aliarum

1380 2475 1495 2504 virium
1512 2474 1638 2504 animae
1647 2474 1823 2513 praecipue
1837 2474 1870 2503 in
1886 2474 1945 2503 hoc
1959 2474 2144 2510 attenditur,
2162 2474 2246 2514 quod
2259 2474 2302 2504 ad
2317 2474 2430 2504 bonum

1379 2518 1599 2548 commutabile
1608 2523 1847 2548 convertuntur.
1860 2518 1900 2548 Et
1914 2517 1947 2547 in
1957 2518 2018 2558 Qq.
2032 2517 2072 2548 de
2083 2518 2184 2554 Malo,
2195 2527 2248 2557 qu.
2260 2527 2302 2554 tv,
2315 2523 2370 2547 art.
2382 2517 2430 2553 2*,

1379 2568 1484 2601 aperte
1506 2561 1635 2601 ponitur
1657 2561 1778 2592 malitia
1801 2571 1837 2591 ex
1859 2568 1946 2601 parte
1970 2561 2110 2591 formalis
2133 2561 2166 2591 in
2190 2568 2317 2601 peccato
2340 2561 2432 2600 origi-

1379 2605 1452 2641 nali,
1477 2605 1615 2636 defectus
1639 2612 1745 2635 autem
1768 2605 1901 2635 aliarum
1924 2605 2039 2635 virium
2062 2605 2270 2636 materialiter.
2291 2605 2351 2635 Sed
2374 2614 2429 2645 per

1379 2649 1510 2679 formale
1533 2649 1566 2679 in
1588 2649 1689 2679 littera
1711 2649 1770 2679 hac
1793 2659 1859 2679 non
1884 2649 2081 2679 concluditur
2104 2649 2294 2679 inordinatio
2317 2649 2431 2678 volun-

1378 2692 1458 2729 tatis,
1485 2693 1539 2723 sed
1561 2693 1694 2733 privatio
1718 2692 1854 2723 iustitiae
1879 2693 2054 2732 originalis,
2078 2703 2175 2733 quam
2203 2699 2324 2722 constat
2346 2692 2430 2722 aliud

1379 2747 1445 2767 esse
1468 2738 1506 2767 ab
1529 2736 1760 2767 inordinatione
1783 2737 1964 2768 voluntatis.

1435 2781 1471 2811 11.
1486 2781 1667 2811 Secundum
1683 2780 1816 2810 dubium
1829 2788 1883 2816 est,
1900 2791 1937 2811 an
1956 2780 2086 2810 formale
2102 2781 2135 2810 in
2147 2786 2274 2819 peccato
2287 2778 2430 2818 originali

1378 2825 1417 2855 sit
1439 2825 1572 2864 privatio
1596 2824 1731 2855 iustitiae
1755 2824 1914 2863 originalis
1938 2825 2051 2855 totius:
2074 2834 2112 2854 an
2136 2823 2168 2853 in
2191 2823 2268 2858 hoc,
2298 2829 2374 2862 puta
2397 2822 2429 2852 in

1378 2868 1549 2899 voluntate.
1563 2868 1679 2898 Littera
1696 2868 1790 2904 enim,
1807 2868 1840 2898 in
1854 2869 1936 2899 calce
1951 2867 2090 2907 corporis
2106 2866 2235 2902 articuli,
2250 2866 2341 2896 infert
2357 2865 2429 2896 sim-

1377 2912 1498 2952 pliciter
1513 2912 1601 2953 quod
1616 2912 1748 2952 privatio
1765 2912 1900 2943 iustitiae
1916 2911 2090 2951 originalis:
2107 2911 2139 2940 in
2155 2920 2286 2950 corpore
2305 2910 2427 2940 illatum

1378 2963 1442 2986 erat
1470 2957 1508 2986 de
1536 2956 1710 2996 privatione
1734 2956 1868 2987 iustitiae
1895 2955 2052 2996 originalis
2074 2964 2137 2995 per
2159 2963 2252 2994 quam
2284 2954 2431 2984 voluntas

1376 3000 1501 3031 subdita
1518 3006 1588 3031 erat
1603 3001 1683 3031 Deo.
1700 3018 1721 3023 -
1737 3001 1777 3030 Et
1794 2999 1996 3030 confirmatur
2018 2999 2089 3029 hoc.
2115 2998 2198 3034 Quia
2221 2997 2308 3027 aliter
2330 3007 2430 3028 vanus

1377 3044 1487 3074 fuisset
1509 3051 1614 3074 tantus
1636 3044 1725 3074 labor
1741 3045 1779 3074 de
1802 3044 1973 3076 voluntate,
1991 3043 2077 3082 quod
2094 3049 2140 3072 est
2163 3051 2265 3071 causa.
2282 3042 2322 3072 Et
2345 3041 2370 3071 si
2386 3041 2430 3071 sic

1378 3095 1434 3124 est,
1456 3098 1552 3128 quare
1575 3088 1681 3118 intulit
1702 3087 1734 3117 in
1758 3087 1820 3117 fine
1843 3087 1984 3117 absolute
2006 3086 2093 3126 quod
2117 3092 2163 3116 est
2181 3085 2313 3125 privatio
2337 3085 2430 3125 origi-

1377 3132 1455 3162 nalis
1478 3129 1633 3162 iustitiae?

1432 3175 1483 3205 111.
1501 3175 1551 3205 Ad
1568 3174 1754 3205 evidentiam
1771 3174 1894 3209 horum,
1920 3173 2082 3204 sciendum
2098 3179 2144 3203 est
2159 3172 2247 3213 quod
2271 3171 2430 3212 originalis

1376 3219 1492 3250 iustitia
1507 3219 1580 3249 dicit
1592 3218 1662 3248 tria:
1676 3217 1791 3248 scilicet
1802 3218 1923 3247 donum
1939 3216 2189 3256 supernaturale;
2202 3216 2430 3246 subiectionem

1376 3263 1490 3293 mentis
1515 3263 1553 3292 ad
1577 3262 1697 3297 Deum;
1723 3268 1843 3291 rectum
1867 3261 2011 3291 ordinem
2034 3260 2205 3291 voluntatis
2229 3267 2259 3290 et
2282 3260 2430 3290 omnium

1376 3306 1589 3346 potentiarum
1605 3305 1728 3335 animae
1744 3306 1783 3335 ad
1806 3306 1938 3335 bonum.
1960 3305 2001 3336 Et
2023 3314 2079 3344 per
2094 3304 2280 3344 oppositum
2296 3303 2428 3344 privatio

1376 3349 1509 3380 iustitiae
1534 3349 1692 3388 originalis
1711 3349 1924 3389 multipliciter
1946 3355 2050 3388 potest
2072 3348 2165 3384 sumi,
2190 3355 2225 3378 ut
2247 3347 2348 3387 privat
2368 3347 2429 3378 hoc

1376 3393 1424 3423 vel
1447 3393 1512 3423 illo.
1541 3393 1581 3423 Et
1603 3393 1675 3423 licet
1697 3395 1817 3423 Auctor
1840 3393 1913 3422 alibi
1936 3390 1951 3407 '⁸
1980 3392 2089 3423 dixerit
2111 3392 2199 3432 quod
2223 3399 2353 3432 uterque
2378 3391 2428 3421 de-

1377 3436 1475 3467 fectus
1498 3436 1678 3472 voluntatis,
1700 3436 1815 3468 scilicet
1835 3436 2036 3467 subiectionis
2059 3436 2099 3466 ad
2121 3437 2226 3466 Deum
2249 3442 2279 3466 et
2298 3435 2429 3475 disposi-

1377 3480 1470 3511 tionis
1495 3481 1534 3510 ad
1557 3481 1679 3511 bonum
1710 3480 1884 3516 obiectum,
1907 3487 2025 3521 spectat
2048 3480 2086 3510 ad
2111 3479 2243 3510 formale
2270 3478 2428 3519 originalis

2259 3540 2286 3564 13

2462 1055 2470 1063 ”
2484 1054 2531 1082 Qu.
2542 1060 2595 1080 xxv,
2603 1058 2645 1077 art.
2654 1061 2669 1077 ι.

2555 1100 2570 1124 ὃ

2460 1294 2467 1309 ¹
2460 1261 2537 1283 ·1bid.
2551 1264 2594 1283 art.
2602 1267 2613 1283 2
2621 1278 2626 1288 ,

2642 1262 2670 1284 ad

2460 1685 2470 1694 '
2477 1683 2616 1711 Qua-xxvii,
2626 1687 2668 1705 art.

2461 1716 2477 1736 i,
2491 1715 2516 1735 23
2532 1716 2570 1737 qu.
2592 1716 2653 1731 cxxx
2663 1726 2669 1736 ,

2461 1739 2503 1757 nrt.
2517 1741 2538 1757 2.

2558 1772 2567 1788 ε

2461 1798 2470 1807 ·
2483 1796 2512 1819 D.
2525 1802 2576 1827 374.

2459 2523 2518 2544 ·Ad
2533 2529 2554 2550 7.

2459 3393 2469 3403 ⁴
2490 3391 2576 3422 Cilpe
2590 3391 2666 3418 Malo,

2459 3420 2504 3441 loc.
2519 3421 2556 3439 cit.
