<?xml version="1.0" encoding="UTF-8"?>
<!DOCTYPE html PUBLIC "-//W3C//DTD XHTML 1.0 Transitional//EN"
    "http://www.w3.org/TR/xhtml1/DTD/xhtml1-transitional.dtd">
<html xmlns="http://www.w3.org/1999/xhtml" xml:lang="en" lang="en">
 <head>
  <title>
</title>
<meta http-equiv="Content-Type" content="text/html;charset=utf-8" />
  <meta name='ocr-system' content='tesseract 3.04.00' />
  <meta name='ocr-capabilities' content='ocr_page ocr_carea ocr_par ocr_line ocrx_word'/>
</head>
<body>
  <div class='ocr_page' id='page_1' title='image "./operaomniaiussui07thom/operaomniaiussui07thom_0243.png"; bbox 0 0 2840 4010; ppageno 0'>
   <div class='ocr_carea' id='block_1_1' title="bbox 107 228 276 260">
    <p class='ocr_par' dir='ltr' id='par_1_1' title="bbox 107 228 276 260">
     <span class='ocr_line' id='line_1_1' title="bbox 107 228 276 260; baseline -0.006 -5"><span class='ocrx_word' id='word_1_1' title='bbox 107 235 115 244; x_wconf 90' lang='lat'>·</span> <span class='ocrx_word' id='word_1_2' title='bbox 130 228 198 255; x_wconf 73' lang='lat' dir='ltr'>vers.</span> <span class='ocrx_word' id='word_1_3' title='bbox 211 238 223 260; x_wconf 84' lang='grc'><strong>5</strong></span> <span class='ocrx_word' id='word_1_4' title='bbox 238 237 276 260; x_wconf 73' lang='lat' dir='ltr'>sq.</span> 
     </span>
    </p>
   </div>
   <div class='ocr_carea' id='block_1_2' title="bbox 0 193 105 4010">
    <p class='ocr_par' dir='ltr' id='par_1_2' title="bbox 0 193 105 4010">
     <span class='ocr_line' id='line_1_2' title="bbox 0 193 105 4010; baseline 0 0"><span class='ocrx_word' id='word_1_5' title='bbox 0 193 105 4010; x_wconf 95' lang='lat' dir='ltr'> </span> 
     </span>
    </p>
   </div>
   <div class='ocr_carea' id='block_1_3' title="bbox 1042 140 1825 188">
    <p class='ocr_par' dir='ltr' id='par_1_3' title="bbox 1042 140 1825 188">
     <span class='ocr_line' id='line_1_3' title="bbox 1042 140 1825 188; baseline -0.003 -9"><span class='ocrx_word' id='word_1_6' title='bbox 1042 142 1307 188; x_wconf 89' lang='lat' dir='ltr'>QUAESTIO</span> <span class='ocrx_word' id='word_1_7' title='bbox 1338 142 1420 188; x_wconf 92' lang='lat' dir='ltr'>Cll,</span> <span class='ocrx_word' id='word_1_8' title='bbox 1450 140 1745 178; x_wconf 89' lang='lat' dir='ltr'>ARTICULUS</span> <span class='ocrx_word' id='word_1_9' title='bbox 1774 140 1825 177; x_wconf 93' lang='lat' dir='ltr'>IV</span> 
     </span>
    </p>
   </div>
   <div class='ocr_carea' id='block_1_4' title="bbox 299 220 1426 3335">
    <p class='ocr_par' dir='ltr' id='par_1_4' title="bbox 346 220 1411 379">
     <span class='ocr_line' id='line_1_4' title="bbox 348 220 1411 272; baseline -0.003 -12"><span class='ocrx_word' id='word_1_10' title='bbox 348 230 434 272; x_wconf 89' lang='lat' dir='ltr'>pter·</span> <span class='ocrx_word' id='word_1_11' title='bbox 449 220 555 270; x_wconf 85' lang='lat' dir='ltr'>quod</span> <span class='ocrx_word' id='word_1_12' title='bbox 579 220 712 258; x_wconf 88' lang='lat' dir='ltr'>dicitur</span> <span class='ocrx_word' id='word_1_13' title='bbox 730 221 841 258; x_wconf 86' lang='lat' dir='ltr'>Deut.</span> <span class='ocrx_word' id='word_1_14' title='bbox 857 232 904 257; x_wconf 91' lang='lat' dir='ltr'>x11</span> <span class='ocrx_word' id='word_1_15' title='bbox 923 220 959 257; x_wconf 79' lang='lat' dir='ltr'>*z</span> <span class='ocrx_word' id='word_1_16' title='bbox 988 222 1051 258; x_wconf 86' lang='lat' dir='ltr'>Ad</span> <span class='ocrx_word' id='word_1_17' title='bbox 1067 221 1191 258; x_wconf 89' lang='lat' dir='ltr'>locum</span> <span class='ocrx_word' id='word_1_18' title='bbox 1211 232 1319 269; x_wconf 87' lang='lat' dir='ltr'>quem</span> <span class='ocrx_word' id='word_1_19' title='bbox 1341 221 1411 257; x_wconf 89' lang='lat' dir='ltr'>ele-</span> 
     </span>
     <span class='ocr_line' id='line_1_5' title="bbox 346 273 1411 325; baseline -0.002 -14"><span class='ocrx_word' id='word_1_20' title='bbox 346 274 447 325; x_wconf 58' lang='lat' dir='ltr'>gerit</span> <span class='ocrx_word' id='word_1_21' title='bbox 478 274 665 311; x_wconf 87' lang='lat' dir='ltr'><em>Dominus</em></span> <span class='ocrx_word' id='word_1_22' title='bbox 692 275 796 310; x_wconf 87' lang='lat' dir='ltr'>Deus</span> <span class='ocrx_word' id='word_1_23' title='bbox 826 279 967 320; x_wconf 80' lang='lat' dir='ltr'>vester,</span> <span class='ocrx_word' id='word_1_24' title='bbox 995 274 1158 319; x_wconf 79' lang='lat' dir='ltr'>venietis,</span> <span class='ocrx_word' id='word_1_25' title='bbox 1187 279 1223 309; x_wconf 88' lang='lat' dir='ltr'>et</span> <span class='ocrx_word' id='word_1_26' title='bbox 1249 273 1411 322; x_wconf 84' lang='lat' dir='ltr'>offeretis</span> 
     </span>
     <span class='ocr_line' id='line_1_6' title="bbox 346 327 1003 379; baseline -0.002 -15"><span class='ocrx_word' id='word_1_27' title='bbox 346 327 564 364; x_wconf 75' lang='lat' dir='ltr'>holocausta</span> <span class='ocrx_word' id='word_1_28' title='bbox 592 332 627 363; x_wconf 93' lang='lat' dir='ltr'>et</span> <span class='ocrx_word' id='word_1_29' title='bbox 653 327 822 363; x_wconf 80' lang='lat' dir='ltr'>victimas</span> <span class='ocrx_word' id='word_1_30' title='bbox 850 332 1003 379; x_wconf 70' lang='lat' dir='ltr'>vestras.</span> 
     </span>
    </p>

    <p class='ocr_par' dir='ltr' id='par_1_5' title="bbox 350 377 1416 1113">
     <span class='ocr_line' id='line_1_7' title="bbox 403 377 1412 427; baseline -0.003 -11"><span class='ocrx_word' id='word_1_31' title='bbox 403 380 530 416; x_wconf 91' lang='lat' dir='ltr'>Locus</span> <span class='ocrx_word' id='word_1_32' title='bbox 558 387 686 416; x_wconf 92' lang='lat' dir='ltr'>autem</span> <span class='ocrx_word' id='word_1_33' title='bbox 715 379 774 416; x_wconf 90' lang='lat' dir='ltr'>ille</span> <span class='ocrx_word' id='word_1_34' title='bbox 804 379 990 427; x_wconf 90' lang='lat' dir='ltr'>designari</span> <span class='ocrx_word' id='word_1_35' title='bbox 1016 391 1095 415; x_wconf 92' lang='lat' dir='ltr'>non</span> <span class='ocrx_word' id='word_1_36' title='bbox 1115 377 1245 414; x_wconf 86' lang='lat' dir='ltr'>debuit</span> <span class='ocrx_word' id='word_1_37' title='bbox 1263 390 1332 426; x_wconf 92' lang='lat' dir='ltr'>per</span> <span class='ocrx_word' id='word_1_38' title='bbox 1351 390 1412 414; x_wconf 88' lang='lat' dir='ltr'>ae-</span> 
     </span>
     <span class='ocr_line' id='line_1_8' title="bbox 350 430 1413 480; baseline -0.002 -11"><span class='ocrx_word' id='word_1_39' title='bbox 350 431 608 470; x_wconf 89' lang='lat' dir='ltr'>dificationem</span> <span class='ocrx_word' id='word_1_40' title='bbox 629 432 759 480; x_wconf 90' lang='lat' dir='ltr'>templi</span> <span class='ocrx_word' id='word_1_41' title='bbox 780 439 866 468; x_wconf 91' lang='lat' dir='ltr'>ante</span> <span class='ocrx_word' id='word_1_42' title='bbox 885 439 1037 479; x_wconf 89' lang='lat' dir='ltr'>tempus</span> <span class='ocrx_word' id='word_1_43' title='bbox 1055 430 1305 478; x_wconf 90' lang='lat' dir='ltr'>praedictum,</span> <span class='ocrx_word' id='word_1_44' title='bbox 1326 442 1413 478; x_wconf 90' lang='lat' dir='ltr'>pro-</span> 
     </span>
     <span class='ocr_line' id='line_1_9' title="bbox 299 483 1411 538; baseline -0.003 -14.856"><span class='ocrx_word' id='word_1_45' title='bbox 299 492 434 538; x_wconf 60' lang='lat' dir='ltr'>vspter</span> <span class='ocrx_word' id='word_1_46' title='bbox 460 494 535 522; x_wconf 90' lang='lat' dir='ltr'>tres</span> <span class='ocrx_word' id='word_1_47' title='bbox 565 485 739 531; x_wconf 89' lang='lat' dir='ltr'>rationes,</span> <span class='ocrx_word' id='word_1_48' title='bbox 769 496 864 532; x_wconf 85' lang='lat' dir='ltr'>quas</span> <span class='ocrx_word' id='word_1_49' title='bbox 883 483 1008 520; x_wconf 90' lang='lat' dir='ltr'>Rabbi</span> <span class='ocrx_word' id='word_1_50' title='bbox 1027 483 1184 530; x_wconf 89' lang='lat' dir='ltr'>Moyses</span> <span class='ocrx_word' id='word_1_51' title='bbox 1204 483 1367 530; x_wconf 87' lang='lat' dir='ltr'>assignat</span> <span class='ocrx_word' id='word_1_52' title='bbox 1380 483 1411 520; x_wconf 81' lang='lat'>*.</span> 
     </span>
     <span class='ocr_line' id='line_1_10' title="bbox 299 523 1412 585; baseline -0.004 -9.804"><span class='ocrx_word' id='word_1_53' title='bbox 299 523 480 575; x_wconf 89' lang='lat' dir='ltr'>Prima</span> <span class='ocrx_word' id='word_1_54' title='bbox 517 546 574 575; x_wconf 89' lang='lat' dir='ltr'>est</span> <span class='ocrx_word' id='word_1_55' title='bbox 609 550 656 575; x_wconf 90' lang='lat' dir='ltr'>ne</span> <span class='ocrx_word' id='word_1_56' title='bbox 694 544 824 585; x_wconf 86' lang='lat' dir='ltr'>gentes</span> <span class='ocrx_word' id='word_1_57' title='bbox 857 534 1145 584; x_wconf 85' lang='lat' dir='ltr'>appropriarent</span> <span class='ocrx_word' id='word_1_58' title='bbox 1181 535 1251 571; x_wconf 91' lang='lat' dir='ltr'>sibi</span> <span class='ocrx_word' id='word_1_59' title='bbox 1283 537 1412 572; x_wconf 90' lang='lat' dir='ltr'>locum</span> 
     </span>
     <span class='ocr_line' id='line_1_11' title="bbox 350 587 1413 636; baseline -0.002 -9"><span class='ocrx_word' id='word_1_60' title='bbox 350 591 470 629; x_wconf 87' lang='lat' dir='ltr'>illum.</span> <span class='ocrx_word' id='word_1_61' title='bbox 501 591 680 628; x_wconf 91' lang='lat' dir='ltr'>Secunda</span> <span class='ocrx_word' id='word_1_62' title='bbox 707 597 764 626; x_wconf 91' lang='lat' dir='ltr'>est</span> <span class='ocrx_word' id='word_1_63' title='bbox 787 600 835 626; x_wconf 89' lang='lat' dir='ltr'>ne</span> <span class='ocrx_word' id='word_1_64' title='bbox 862 595 992 635; x_wconf 86' lang='lat' dir='ltr'>gentes</span> <span class='ocrx_word' id='word_1_65' title='bbox 1019 587 1145 636; x_wconf 91' lang='lat' dir='ltr'>ipsum</span> <span class='ocrx_word' id='word_1_66' title='bbox 1168 588 1413 625; x_wconf 89' lang='lat' dir='ltr'>destruerent.</span> 
     </span>
     <span class='ocr_line' id='line_1_12' title="bbox 351 640 1415 688; baseline -0.003 -7"><span class='ocrx_word' id='word_1_67' title='bbox 351 644 484 681; x_wconf 88' lang='lat' dir='ltr'>Tertia</span> <span class='ocrx_word' id='word_1_68' title='bbox 509 656 604 681; x_wconf 87' lang='lat' dir='ltr'>vero</span> <span class='ocrx_word' id='word_1_69' title='bbox 633 642 728 680; x_wconf 88' lang='lat' dir='ltr'>ratio</span> <span class='ocrx_word' id='word_1_70' title='bbox 757 647 813 678; x_wconf 89' lang='lat' dir='ltr'>est</span> <span class='ocrx_word' id='word_1_71' title='bbox 848 652 897 677; x_wconf 93' lang='lat' dir='ltr'>ne</span> <span class='ocrx_word' id='word_1_72' title='bbox 931 640 1120 688; x_wconf 86' lang='lat' dir='ltr'>quaelibet</span> <span class='ocrx_word' id='word_1_73' title='bbox 1151 641 1269 678; x_wconf 88' lang='lat' dir='ltr'>tribus</span> <span class='ocrx_word' id='word_1_74' title='bbox 1300 643 1415 679; x_wconf 88' lang='lat' dir='ltr'>vellet</span> 
     </span>
     <span class='ocr_line' id='line_1_13' title="bbox 351 692 1415 743; baseline -0.003 -9"><span class='ocrx_word' id='word_1_75' title='bbox 351 697 494 734; x_wconf 84' lang='lat' dir='ltr'>habere</span> <span class='ocrx_word' id='word_1_76' title='bbox 520 697 649 733; x_wconf 89' lang='lat' dir='ltr'>locum</span> <span class='ocrx_word' id='word_1_77' title='bbox 676 694 783 731; x_wconf 88' lang='lat' dir='ltr'>illum</span> <span class='ocrx_word' id='word_1_78' title='bbox 810 692 848 729; x_wconf 91' lang='lat' dir='ltr'>in</span> <span class='ocrx_word' id='word_1_79' title='bbox 876 700 977 730; x_wconf 88' lang='lat' dir='ltr'>sorte</span> <span class='ocrx_word' id='word_1_80' title='bbox 1006 705 1086 741; x_wconf 91' lang='lat' dir='ltr'>sua,</span> <span class='ocrx_word' id='word_1_81' title='bbox 1113 701 1148 730; x_wconf 88' lang='lat' dir='ltr'>et</span> <span class='ocrx_word' id='word_1_82' title='bbox 1165 701 1321 743; x_wconf 88' lang='lat' dir='ltr'>propter</span> <span class='ocrx_word' id='word_1_83' title='bbox 1339 695 1415 731; x_wconf 91' lang='lat' dir='ltr'>hoc</span> 
     </span>
     <span class='ocr_line' id='line_1_14' title="bbox 353 746 1414 793; baseline -0.002 -7"><span class='ocrx_word' id='word_1_84' title='bbox 353 749 539 787; x_wconf 89' lang='lat' dir='ltr'>orirentur</span> <span class='ocrx_word' id='word_1_85' title='bbox 566 748 648 786; x_wconf 89' lang='lat' dir='ltr'>lites</span> <span class='ocrx_word' id='word_1_86' title='bbox 677 754 712 783; x_wconf 92' lang='lat' dir='ltr'>et</span> <span class='ocrx_word' id='word_1_87' title='bbox 739 746 870 793; x_wconf 90' lang='lat' dir='ltr'>iurgia.</span> <span class='ocrx_word' id='word_1_88' title='bbox 900 746 948 782; x_wconf 92' lang='lat' dir='ltr'>Et</span> <span class='ocrx_word' id='word_1_89' title='bbox 977 746 1062 783; x_wconf 91' lang='lat' dir='ltr'>ideo</span> <span class='ocrx_word' id='word_1_90' title='bbox 1092 747 1257 784; x_wconf 82' lang='lat' dir='ltr'>nonfuit</span> <span class='ocrx_word' id='word_1_91' title='bbox 1284 747 1414 784; x_wconf 88' lang='lat' dir='ltr'>aedifi-</span> 
     </span>
     <span class='ocr_line' id='line_1_15' title="bbox 354 799 1413 849; baseline -0.003 -9"><span class='ocrx_word' id='word_1_92' title='bbox 354 810 482 840; x_wconf 84' lang='lat' dir='ltr'>catum</span> <span class='ocrx_word' id='word_1_93' title='bbox 501 801 686 849; x_wconf 86' lang='lat' dir='ltr'>templum</span> <span class='ocrx_word' id='word_1_94' title='bbox 707 799 831 836; x_wconf 90' lang='lat' dir='ltr'>donec</span> <span class='ocrx_word' id='word_1_95' title='bbox 849 799 1033 836; x_wconf 87' lang='lat' dir='ltr'>haberent</span> <span class='ocrx_word' id='word_1_96' title='bbox 1051 811 1191 847; x_wconf 85' lang='lat' dir='ltr'>regem,</span> <span class='ocrx_word' id='word_1_97' title='bbox 1212 812 1281 848; x_wconf 91' lang='lat' dir='ltr'>per</span> <span class='ocrx_word' id='word_1_98' title='bbox 1296 812 1413 848; x_wconf 90' lang='lat' dir='ltr'>quem</span> 
     </span>
     <span class='ocr_line' id='line_1_16' title="bbox 353 850 1415 903; baseline -0.003 -10"><span class='ocrx_word' id='word_1_99' title='bbox 353 862 483 903; x_wconf 89' lang='lat' dir='ltr'>posset</span> <span class='ocrx_word' id='word_1_100' title='bbox 503 851 724 891; x_wconf 88' lang='lat' dir='ltr'>huiusmodi</span> <span class='ocrx_word' id='word_1_101' title='bbox 751 850 914 899; x_wconf 89' lang='lat' dir='ltr'>iurgium</span> <span class='ocrx_word' id='word_1_102' title='bbox 944 852 1149 900; x_wconf 86' lang='lat' dir='ltr'>compesci.</span> <span class='ocrx_word' id='word_1_103' title='bbox 1179 853 1302 890; x_wconf 88' lang='lat' dir='ltr'>Antea</span> <span class='ocrx_word' id='word_1_104' title='bbox 1320 865 1415 891; x_wconf 89' lang='lat' dir='ltr'>vero</span> 
     </span>
     <span class='ocr_line' id='line_1_17' title="bbox 354 904 1416 955; baseline -0.002 -10"><span class='ocrx_word' id='word_1_105' title='bbox 354 908 403 946; x_wconf 86' lang='lat' dir='ltr'>ad</span> <span class='ocrx_word' id='word_1_106' title='bbox 431 908 573 944; x_wconf 89' lang='lat' dir='ltr'>cultum</span> <span class='ocrx_word' id='word_1_107' title='bbox 594 905 668 942; x_wconf 92' lang='lat' dir='ltr'>Dei</span> <span class='ocrx_word' id='word_1_108' title='bbox 687 912 766 941; x_wconf 89' lang='lat' dir='ltr'>erat</span> <span class='ocrx_word' id='word_1_109' title='bbox 787 904 1002 941; x_wconf 86' lang='lat' dir='ltr'>ordinatum</span> <span class='ocrx_word' id='word_1_110' title='bbox 1022 905 1309 943; x_wconf 87' lang='lat' dir='ltr'>tabernaculum</span> <span class='ocrx_word' id='word_1_111' title='bbox 1328 918 1416 955; x_wconf 91' lang='lat' dir='ltr'>por-</span> 
     </span>
     <span class='ocr_line' id='line_1_18' title="bbox 353 957 1415 1008; baseline -0.001 -11"><span class='ocrx_word' id='word_1_112' title='bbox 353 959 452 998; x_wconf 87' lang='lat' dir='ltr'>tatile</span> <span class='ocrx_word' id='word_1_113' title='bbox 484 971 553 1008; x_wconf 90' lang='lat' dir='ltr'>per</span> <span class='ocrx_word' id='word_1_114' title='bbox 586 958 738 995; x_wconf 91' lang='lat' dir='ltr'>diversa</span> <span class='ocrx_word' id='word_1_115' title='bbox 765 957 869 1004; x_wconf 90' lang='lat' dir='ltr'>loca,</span> <span class='ocrx_word' id='word_1_116' title='bbox 898 958 1006 1006; x_wconf 88' lang='lat' dir='ltr'>quasi</span> <span class='ocrx_word' id='word_1_117' title='bbox 1035 958 1208 996; x_wconf 90' lang='lat' dir='ltr'>nondum</span> <span class='ocrx_word' id='word_1_118' title='bbox 1237 958 1415 996; x_wconf 86' lang='lat' dir='ltr'>existente</span> 
     </span>
     <span class='ocr_line' id='line_1_19' title="bbox 354 1010 1414 1050; baseline -0.001 0"><span class='ocrx_word' id='word_1_119' title='bbox 354 1012 605 1050; x_wconf 86' lang='lat' dir='ltr'>determinato</span> <span class='ocrx_word' id='word_1_120' title='bbox 633 1012 720 1047; x_wconf 92' lang='lat' dir='ltr'>loco</span> <span class='ocrx_word' id='word_1_121' title='bbox 750 1010 868 1047; x_wconf 90' lang='lat' dir='ltr'>divini</span> <span class='ocrx_word' id='word_1_122' title='bbox 896 1011 1027 1047; x_wconf 89' lang='lat' dir='ltr'>cultus.</span> <span class='ocrx_word' id='word_1_123' title='bbox 1057 1012 1105 1048; x_wconf 92' lang='lat' dir='ltr'>Et</span> <span class='ocrx_word' id='word_1_124' title='bbox 1132 1012 1227 1048; x_wconf 85' lang='lat' dir='ltr'>haec</span> <span class='ocrx_word' id='word_1_125' title='bbox 1246 1019 1302 1049; x_wconf 89' lang='lat' dir='ltr'>est</span> <span class='ocrx_word' id='word_1_126' title='bbox 1321 1013 1414 1049; x_wconf 89' lang='lat' dir='ltr'>ratio</span> 
     </span>
     <span class='ocr_line' id='line_1_20' title="bbox 352 1063 1264 1113; baseline -0.001 -11"><span class='ocrx_word' id='word_1_127' title='bbox 352 1064 518 1102; x_wconf 90' lang='lat' dir='ltr'>litteralis</span> <span class='ocrx_word' id='word_1_128' title='bbox 547 1063 772 1102; x_wconf 89' lang='lat' dir='ltr'>diversitatis</span> <span class='ocrx_word' id='word_1_129' title='bbox 799 1064 1031 1100; x_wconf 85' lang='lat' dir='ltr'>tabernaculi</span> <span class='ocrx_word' id='word_1_130' title='bbox 1058 1071 1094 1101; x_wconf 90' lang='lat' dir='ltr'>et</span> <span class='ocrx_word' id='word_1_131' title='bbox 1120 1064 1264 1113; x_wconf 90' lang='lat' dir='ltr'>templi.</span> 
     </span>
    </p>

    <p class='ocr_par' dir='ltr' id='par_1_6' title="bbox 355 1116 1420 1906">
     <span class='ocr_line' id='line_1_21' title="bbox 407 1116 1416 1167; baseline 0 -12"><span class='ocrx_word' id='word_1_132' title='bbox 407 1118 519 1155; x_wconf 89' lang='lat' dir='ltr'>Ratio</span> <span class='ocrx_word' id='word_1_133' title='bbox 539 1125 666 1154; x_wconf 87' lang='lat' dir='ltr'>autem</span> <span class='ocrx_word' id='word_1_134' title='bbox 686 1116 853 1166; x_wconf 83' lang='lat' dir='ltr'>figuralis</span> <span class='ocrx_word' id='word_1_135' title='bbox 873 1128 954 1153; x_wconf 90' lang='lat' dir='ltr'>esse</span> <span class='ocrx_word' id='word_1_136' title='bbox 973 1123 1099 1165; x_wconf 88' lang='lat' dir='ltr'>potest</span> <span class='ocrx_word' id='word_1_137' title='bbox 1125 1117 1212 1165; x_wconf 87' lang='lat' dir='ltr'>quia</span> <span class='ocrx_word' id='word_1_138' title='bbox 1233 1130 1303 1167; x_wconf 92' lang='lat' dir='ltr'>per</span> <span class='ocrx_word' id='word_1_139' title='bbox 1321 1118 1416 1155; x_wconf 89' lang='lat' dir='ltr'>haec</span> 
     </span>
     <span class='ocr_line' id='line_1_22' title="bbox 355 1169 1417 1218; baseline 0 -10"><span class='ocrx_word' id='word_1_140' title='bbox 355 1170 432 1208; x_wconf 91' lang='lat' dir='ltr'>duo</span> <span class='ocrx_word' id='word_1_141' title='bbox 461 1170 693 1218; x_wconf 86' lang='lat' dir='ltr'>significatur</span> <span class='ocrx_word' id='word_1_142' title='bbox 721 1169 860 1218; x_wconf 89' lang='lat' dir='ltr'>duplex</span> <span class='ocrx_word' id='word_1_143' title='bbox 880 1176 1009 1206; x_wconf 91' lang='lat' dir='ltr'>status.</span> <span class='ocrx_word' id='word_1_144' title='bbox 1039 1170 1112 1206; x_wconf 89' lang='lat' dir='ltr'>Per</span> <span class='ocrx_word' id='word_1_145' title='bbox 1130 1170 1417 1208; x_wconf 88' lang='lat' dir='ltr'>tabernaculum</span> 
     </span>
     <span class='ocr_line' id='line_1_23' title="bbox 355 1222 1419 1272; baseline 0.001 -12"><span class='ocrx_word' id='word_1_146' title='bbox 355 1223 471 1271; x_wconf 75' lang='lat' dir='ltr'>enirn,</span> <span class='ocrx_word' id='word_1_147' title='bbox 488 1223 598 1271; x_wconf 22' lang='lat' dir='ltr'>(quod</span> <span class='ocrx_word' id='word_1_148' title='bbox 628 1230 684 1259; x_wconf 91' lang='lat' dir='ltr'>est</span> <span class='ocrx_word' id='word_1_149' title='bbox 709 1222 906 1269; x_wconf 88' lang='lat' dir='ltr'>mutabile,</span> <span class='ocrx_word' id='word_1_150' title='bbox 927 1222 1156 1270; x_wconf 89' lang='lat' dir='ltr'>significatur</span> <span class='ocrx_word' id='word_1_151' title='bbox 1174 1230 1291 1260; x_wconf 90' lang='lat' dir='ltr'>status</span> <span class='ocrx_word' id='word_1_152' title='bbox 1309 1236 1419 1272; x_wconf 91' lang='lat' dir='ltr'>prae-</span> 
     </span>
     <span class='ocr_line' id='line_1_24' title="bbox 355 1274 1418 1324; baseline 0.001 -10"><span class='ocrx_word' id='word_1_153' title='bbox 355 1277 471 1314; x_wconf 89' lang='lat' dir='ltr'>sentis</span> <span class='ocrx_word' id='word_1_154' title='bbox 497 1276 598 1314; x_wconf 87' lang='lat' dir='ltr'>vitae</span> <span class='ocrx_word' id='word_1_155' title='bbox 634 1274 837 1312; x_wconf 88' lang='lat' dir='ltr'>mutabilis.</span> <span class='ocrx_word' id='word_1_156' title='bbox 858 1276 933 1312; x_wconf 90' lang='lat' dir='ltr'>Per</span> <span class='ocrx_word' id='word_1_157' title='bbox 963 1276 1148 1324; x_wconf 87' lang='lat' dir='ltr'>templum</span> <span class='ocrx_word' id='word_1_158' title='bbox 1175 1288 1281 1324; x_wconf 90' lang='lat' dir='ltr'>vero,</span> <span class='ocrx_word' id='word_1_159' title='bbox 1312 1278 1418 1324; x_wconf 91' lang='lat' dir='ltr'>quod</span> 
     </span>
     <span class='ocr_line' id='line_1_25' title="bbox 358 1327 1418 1375; baseline 0.001 -9"><span class='ocrx_word' id='word_1_160' title='bbox 358 1337 437 1366; x_wconf 89' lang='lat' dir='ltr'>erat</span> <span class='ocrx_word' id='word_1_161' title='bbox 463 1329 585 1366; x_wconf 86' lang='lat' dir='ltr'>fixum</span> <span class='ocrx_word' id='word_1_162' title='bbox 615 1335 651 1365; x_wconf 91' lang='lat' dir='ltr'>et</span> <span class='ocrx_word' id='word_1_163' title='bbox 679 1335 792 1374; x_wconf 87' lang='lat' dir='ltr'>stans,</span> <span class='ocrx_word' id='word_1_164' title='bbox 813 1327 1044 1375; x_wconf 88' lang='lat' dir='ltr'>significatur</span> <span class='ocrx_word' id='word_1_165' title='bbox 1064 1336 1179 1366; x_wconf 84' lang='lat' dir='ltr'>status</span> <span class='ocrx_word' id='word_1_166' title='bbox 1199 1329 1344 1366; x_wconf 84' lang='lat' dir='ltr'>futurae</span> <span class='ocrx_word' id='word_1_167' title='bbox 1363 1330 1418 1367; x_wconf 86' lang='lat' dir='ltr'>vi-</span> 
     </span>
     <span class='ocr_line' id='line_1_26' title="bbox 356 1380 1418 1432; baseline 0 -12"><span class='ocrx_word' id='word_1_168' title='bbox 356 1390 438 1430; x_wconf 85' lang='lat' dir='ltr'>tae,</span> <span class='ocrx_word' id='word_1_169' title='bbox 468 1391 567 1430; x_wconf 84' lang='lat' dir='ltr'>quae</span> <span class='ocrx_word' id='word_1_170' title='bbox 601 1380 759 1418; x_wconf 91' lang='lat' dir='ltr'>omnino</span> <span class='ocrx_word' id='word_1_171' title='bbox 796 1380 1056 1418; x_wconf 78' lang='lat' dir='ltr'>invariabilis‘</span> <span class='ocrx_word' id='word_1_172' title='bbox 1085 1388 1152 1419; x_wconf 89' lang='lat' dir='ltr'>est.</span> <span class='ocrx_word' id='word_1_173' title='bbox 1181 1382 1230 1419; x_wconf 91' lang='lat' dir='ltr'>Et</span> <span class='ocrx_word' id='word_1_174' title='bbox 1261 1390 1418 1432; x_wconf 90' lang='lat' dir='ltr'>propter</span> 
     </span>
     <span class='ocr_line' id='line_1_27' title="bbox 355 1433 1419 1484; baseline 0 -11"><span class='ocrx_word' id='word_1_175' title='bbox 355 1436 432 1473; x_wconf 86' lang='lat' dir='ltr'>hoc</span> <span class='ocrx_word' id='word_1_176' title='bbox 457 1434 496 1471; x_wconf 90' lang='lat' dir='ltr'>in</span> <span class='ocrx_word' id='word_1_177' title='bbox 524 1433 787 1471; x_wconf 89' lang='lat' dir='ltr'>aedificatione</span> <span class='ocrx_word' id='word_1_178' title='bbox 815 1434 948 1481; x_wconf 90' lang='lat' dir='ltr'>templi</span> <span class='ocrx_word' id='word_1_179' title='bbox 976 1434 1110 1471; x_wconf 90' lang='lat' dir='ltr'>dicitur</span> <span class='ocrx_word' id='word_1_180' title='bbox 1133 1435 1236 1484; x_wconf 93' lang='lat' dir='ltr'>quod</span> <span class='ocrx_word' id='word_1_181' title='bbox 1265 1447 1344 1473; x_wconf 92' lang='lat' dir='ltr'>non</span> <span class='ocrx_word' id='word_1_182' title='bbox 1365 1445 1419 1473; x_wconf 89' lang='lat' dir='ltr'>est</span> 
     </span>
     <span class='ocr_line' id='line_1_28' title="bbox 356 1486 1418 1536; baseline 0 -10"><span class='ocrx_word' id='word_1_183' title='bbox 356 1487 506 1527; x_wconf 79' lang='lat' dir='ltr'>auditus</span> <span class='ocrx_word' id='word_1_184' title='bbox 535 1486 679 1524; x_wconf 89' lang='lat' dir='ltr'>sonitus</span> <span class='ocrx_word' id='word_1_185' title='bbox 707 1486 832 1523; x_wconf 90' lang='lat' dir='ltr'>mallei</span> <span class='ocrx_word' id='word_1_186' title='bbox 860 1487 923 1524; x_wconf 90' lang='lat' dir='ltr'>vel</span> <span class='ocrx_word' id='word_1_187' title='bbox 951 1487 1105 1534; x_wconf 91' lang='lat' dir='ltr'>securis,</span> <span class='ocrx_word' id='word_1_188' title='bbox 1134 1487 1184 1525; x_wconf 91' lang='lat' dir='ltr'>ad</span> <span class='ocrx_word' id='word_1_189' title='bbox 1206 1487 1418 1536; x_wconf 86' lang='lat' dir='ltr'>significan-</span> 
     </span>
     <span class='ocr_line' id='line_1_29' title="bbox 356 1539 1418 1591; baseline 0.002 -14"><span class='ocrx_word' id='word_1_190' title='bbox 356 1539 449 1577; x_wconf 82' lang='lat' dir='ltr'>dum</span> <span class='ocrx_word' id='word_1_191' title='bbox 478 1539 585 1588; x_wconf 90' lang='lat' dir='ltr'>quod</span> <span class='ocrx_word' id='word_1_192' title='bbox 617 1539 742 1576; x_wconf 91' lang='lat' dir='ltr'>omnis</span> <span class='ocrx_word' id='word_1_193' title='bbox 776 1539 1074 1588; x_wconf 87' lang='lat' dir='ltr'>perturbationis</span> <span class='ocrx_word' id='word_1_194' title='bbox 1097 1541 1280 1578; x_wconf 90' lang='lat' dir='ltr'>tumultus</span> <span class='ocrx_word' id='word_1_195' title='bbox 1306 1543 1418 1591; x_wconf 89' lang='lat' dir='ltr'>longe</span> 
     </span>
     <span class='ocr_line' id='line_1_30' title="bbox 356 1592 1419 1643; baseline 0.001 -12"><span class='ocrx_word' id='word_1_196' title='bbox 356 1593 424 1631; x_wconf 87' lang='lat' dir='ltr'>erit</span> <span class='ocrx_word' id='word_1_197' title='bbox 443 1605 466 1630; x_wconf 84' lang='lat' dir='ltr'>a</span> <span class='ocrx_word' id='word_1_198' title='bbox 485 1600 583 1630; x_wconf 86' lang='lat' dir='ltr'>statu</span> <span class='ocrx_word' id='word_1_199' title='bbox 610 1593 749 1629; x_wconf 85' lang='lat' dir='ltr'>futuro.</span> <span class='ocrx_word' id='word_1_200' title='bbox 769 1613 794 1620; x_wconf 95' lang='lat'><em>-</em></span> <span class='ocrx_word' id='word_1_201' title='bbox 813 1592 884 1629; x_wconf 90' lang='lat' dir='ltr'>Vel</span> <span class='ocrx_word' id='word_1_202' title='bbox 906 1605 975 1640; x_wconf 89' lang='lat' dir='ltr'>per</span> <span class='ocrx_word' id='word_1_203' title='bbox 993 1593 1278 1631; x_wconf 88' lang='lat' dir='ltr'>tabernaculum</span> <span class='ocrx_word' id='word_1_204' title='bbox 1307 1595 1419 1643; x_wconf 89' lang='lat' dir='ltr'>signi-</span> 
     </span>
     <span class='ocr_line' id='line_1_31' title="bbox 355 1645 1419 1695; baseline 0.003 -12"><span class='ocrx_word' id='word_1_205' title='bbox 355 1645 491 1684; x_wconf 85' lang='lat' dir='ltr'>ficatur</span> <span class='ocrx_word' id='word_1_206' title='bbox 509 1653 627 1683; x_wconf 89' lang='lat' dir='ltr'>status</span> <span class='ocrx_word' id='word_1_207' title='bbox 644 1645 784 1683; x_wconf 89' lang='lat' dir='ltr'>veteris</span> <span class='ocrx_word' id='word_1_208' title='bbox 812 1645 920 1693; x_wconf 88' lang='lat' dir='ltr'>legis:</span> <span class='ocrx_word' id='word_1_209' title='bbox 949 1658 1018 1694; x_wconf 91' lang='lat' dir='ltr'>per</span> <span class='ocrx_word' id='word_1_210' title='bbox 1041 1647 1227 1695; x_wconf 87' lang='lat' dir='ltr'>templum</span> <span class='ocrx_word' id='word_1_211' title='bbox 1248 1655 1376 1685; x_wconf 91' lang='lat' dir='ltr'>autem</span> <span class='ocrx_word' id='word_1_212' title='bbox 1397 1662 1419 1686; x_wconf 93' lang='lat' dir='ltr'>a</span> 
     </span>
     <span class='ocr_line' id='line_1_32' title="bbox 357 1699 1417 1748; baseline 0.003 -12"><span class='ocrx_word' id='word_1_213' title='bbox 357 1699 567 1736; x_wconf 85' lang='lat' dir='ltr'>Salomone</span> <span class='ocrx_word' id='word_1_214' title='bbox 596 1705 866 1744; x_wconf 90' lang='lat' dir='ltr'>constructum,</span> <span class='ocrx_word' id='word_1_215' title='bbox 896 1706 1012 1735; x_wconf 90' lang='lat' dir='ltr'>status</span> <span class='ocrx_word' id='word_1_216' title='bbox 1031 1711 1158 1736; x_wconf 85' lang='lat' dir='ltr'>novae</span> <span class='ocrx_word' id='word_1_217' title='bbox 1176 1700 1276 1748; x_wconf 89' lang='lat' dir='ltr'>legis.</span> <span class='ocrx_word' id='word_1_218' title='bbox 1305 1701 1417 1739; x_wconf 91' lang='lat' dir='ltr'>Unde</span> 
     </span>
     <span class='ocr_line' id='line_1_33' title="bbox 357 1751 1420 1792; baseline 0.003 -3"><span class='ocrx_word' id='word_1_219' title='bbox 357 1751 407 1789; x_wconf 91' lang='lat' dir='ltr'>ad</span> <span class='ocrx_word' id='word_1_220' title='bbox 443 1751 764 1788; x_wconf 89' lang='lat' dir='ltr'>constructionem</span> <span class='ocrx_word' id='word_1_221' title='bbox 802 1751 1033 1788; x_wconf 88' lang='lat' dir='ltr'>tabernaculi</span> <span class='ocrx_word' id='word_1_222' title='bbox 1065 1752 1136 1789; x_wconf 91' lang='lat' dir='ltr'>soli</span> <span class='ocrx_word' id='word_1_223' title='bbox 1172 1753 1302 1790; x_wconf 86' lang='lat' dir='ltr'>Iudaei</span> <span class='ocrx_word' id='word_1_224' title='bbox 1334 1763 1420 1792; x_wconf 91' lang='lat' dir='ltr'>sunt</span> 
     </span>
     <span class='ocr_line' id='line_1_34' title="bbox 358 1804 1419 1856; baseline 0.003 -15"><span class='ocrx_word' id='word_1_225' title='bbox 358 1805 523 1854; x_wconf 89' lang='lat' dir='ltr'>operati:</span> <span class='ocrx_word' id='word_1_226' title='bbox 553 1804 600 1842; x_wconf 90' lang='lat' dir='ltr'>ad</span> <span class='ocrx_word' id='word_1_227' title='bbox 630 1804 935 1841; x_wconf 88' lang='lat' dir='ltr'>aedificationem</span> <span class='ocrx_word' id='word_1_228' title='bbox 963 1817 1057 1841; x_wconf 90' lang='lat' dir='ltr'>vero</span> <span class='ocrx_word' id='word_1_229' title='bbox 1077 1805 1204 1854; x_wconf 92' lang='lat' dir='ltr'>templi</span> <span class='ocrx_word' id='word_1_230' title='bbox 1226 1809 1419 1856; x_wconf 90' lang='lat' dir='ltr'>cooperati</span> 
     </span>
     <span class='ocr_line' id='line_1_35' title="bbox 357 1856 1338 1906; baseline 0.002 -11"><span class='ocrx_word' id='word_1_231' title='bbox 357 1865 445 1895; x_wconf 90' lang='lat' dir='ltr'>sunt</span> <span class='ocrx_word' id='word_1_232' title='bbox 473 1858 586 1894; x_wconf 89' lang='lat' dir='ltr'>etiam</span> <span class='ocrx_word' id='word_1_233' title='bbox 615 1857 787 1905; x_wconf 86' lang='lat' dir='ltr'>gentiles,</span> <span class='ocrx_word' id='word_1_234' title='bbox 818 1856 957 1894; x_wconf 91' lang='lat' dir='ltr'>scilicet</span> <span class='ocrx_word' id='word_1_235' title='bbox 984 1857 1091 1906; x_wconf 89' lang='lat' dir='ltr'>Tyrii</span> <span class='ocrx_word' id='word_1_236' title='bbox 1120 1866 1156 1895; x_wconf 91' lang='lat' dir='ltr'>et</span> <span class='ocrx_word' id='word_1_237' title='bbox 1183 1858 1338 1897; x_wconf 91' lang='lat' dir='ltr'>Sidonii.</span> 
     </span>
    </p>

    <p class='ocr_par' dir='ltr' id='par_1_7' title="bbox 357 1910 1424 2647">
     <span class='ocr_line' id='line_1_36' title="bbox 410 1910 1418 1962; baseline 0.003 -14"><span class='ocrx_word' id='word_1_238' title='bbox 410 1912 470 1948; x_wconf 86' lang='lat' dir='ltr'>AD</span> <span class='ocrx_word' id='word_1_239' title='bbox 490 1922 649 1948; x_wconf 83' lang='lat' dir='ltr'>TERTIUM</span> <span class='ocrx_word' id='word_1_240' title='bbox 669 1922 853 1955; x_wconf 64' lang='lat' dir='ltr'>nicanum«</span> <span class='ocrx_word' id='word_1_241' title='bbox 868 1910 973 1959; x_wconf 92' lang='lat' dir='ltr'>quod</span> <span class='ocrx_word' id='word_1_242' title='bbox 994 1911 1087 1948; x_wconf 89' lang='lat' dir='ltr'>ratio</span> <span class='ocrx_word' id='word_1_243' title='bbox 1106 1910 1257 1949; x_wconf 87' lang='lat' dir='ltr'>unitatis</span> <span class='ocrx_word' id='word_1_244' title='bbox 1275 1914 1418 1962; x_wconf 88' lang='lat' dir='ltr'>templi,</span> 
     </span>
     <span class='ocr_line' id='line_1_37' title="bbox 357 1963 1420 2014; baseline 0.004 -14"><span class='ocrx_word' id='word_1_245' title='bbox 357 1964 420 2001; x_wconf 87' lang='lat' dir='ltr'>vel</span> <span class='ocrx_word' id='word_1_246' title='bbox 439 1964 683 2010; x_wconf 89' lang='lat' dir='ltr'>tabernaculi,</span> <span class='ocrx_word' id='word_1_247' title='bbox 701 1970 825 2012; x_wconf 91' lang='lat' dir='ltr'>potest</span> <span class='ocrx_word' id='word_1_248' title='bbox 844 1975 926 2000; x_wconf 90' lang='lat' dir='ltr'>esse</span> <span class='ocrx_word' id='word_1_249' title='bbox 942 1970 978 2000; x_wconf 92' lang='lat' dir='ltr'>et</span> <span class='ocrx_word' id='word_1_250' title='bbox 996 1963 1170 2010; x_wconf 87' lang='lat' dir='ltr'>litteralis,</span> <span class='ocrx_word' id='word_1_251' title='bbox 1187 1972 1223 2002; x_wconf 91' lang='lat' dir='ltr'>et</span> <span class='ocrx_word' id='word_1_252' title='bbox 1241 1966 1420 2014; x_wconf 86' lang='lat' dir='ltr'>figuralis.</span> 
     </span>
     <span class='ocr_line' id='line_1_38' title="bbox 358 2016 1421 2065; baseline 0.003 -11"><span class='ocrx_word' id='word_1_253' title='bbox 358 2017 544 2054; x_wconf 88' lang='lat' dir='ltr'>Litteralis</span> <span class='ocrx_word' id='word_1_254' title='bbox 570 2016 727 2065; x_wconf 88' lang='lat' dir='ltr'>quidem</span> <span class='ocrx_word' id='word_1_255' title='bbox 747 2023 803 2053; x_wconf 91' lang='lat' dir='ltr'>est</span> <span class='ocrx_word' id='word_1_256' title='bbox 826 2016 920 2053; x_wconf 87' lang='lat' dir='ltr'>ratio</span> <span class='ocrx_word' id='word_1_257' title='bbox 950 2017 999 2054; x_wconf 87' lang='lat' dir='ltr'>ad</span> <span class='ocrx_word' id='word_1_258' title='bbox 1019 2017 1277 2056; x_wconf 86' lang='lat' dir='ltr'>exclusionem</span> <span class='ocrx_word' id='word_1_259' title='bbox 1299 2019 1421 2056; x_wconf 90' lang='lat' dir='ltr'>idolo-</span> 
     </span>
     <span class='ocr_line' id='line_1_39' title="bbox 357 2069 1421 2121; baseline 0.004 -15"><span class='ocrx_word' id='word_1_260' title='bbox 357 2070 498 2107; x_wconf 89' lang='lat' dir='ltr'>latriae.</span> <span class='ocrx_word' id='word_1_261' title='bbox 529 2069 630 2116; x_wconf 91' lang='lat' dir='ltr'>Quia</span> <span class='ocrx_word' id='word_1_262' title='bbox 657 2069 813 2117; x_wconf 87' lang='lat' dir='ltr'>gentiles</span> <span class='ocrx_word' id='word_1_263' title='bbox 833 2069 991 2106; x_wconf 88' lang='lat' dir='ltr'>diversis</span> <span class='ocrx_word' id='word_1_264' title='bbox 1014 2069 1084 2107; x_wconf 92' lang='lat' dir='ltr'>diis</span> <span class='ocrx_word' id='word_1_265' title='bbox 1103 2070 1253 2109; x_wconf 86' lang='lat' dir='ltr'>diversa</span> <span class='ocrx_word' id='word_1_266' title='bbox 1279 2074 1421 2121; x_wconf 88' lang='lat' dir='ltr'>templa</span> 
     </span>
     <span class='ocr_line' id='line_1_40' title="bbox 360 2122 1422 2169; baseline 0.004 -10"><span class='ocrx_word' id='word_1_267' title='bbox 360 2122 656 2160; x_wconf 88' lang='lat' dir='ltr'>constituebant:</span> <span class='ocrx_word' id='word_1_268' title='bbox 690 2129 726 2159; x_wconf 89' lang='lat' dir='ltr'>et</span> <span class='ocrx_word' id='word_1_269' title='bbox 757 2122 865 2169; x_wconf 89' lang='lat' dir='ltr'>ide0‚</span> <span class='ocrx_word' id='word_1_270' title='bbox 901 2129 941 2158; x_wconf 93' lang='lat' dir='ltr'>ut</span> <span class='ocrx_word' id='word_1_271' title='bbox 972 2122 1188 2160; x_wconf 89' lang='lat' dir='ltr'>firmaretur</span> <span class='ocrx_word' id='word_1_272' title='bbox 1214 2124 1253 2162; x_wconf 93' lang='lat' dir='ltr'>in</span> <span class='ocrx_word' id='word_1_273' title='bbox 1285 2125 1422 2163; x_wconf 85' lang='lat' dir='ltr'>animis</span> 
     </span>
     <span class='ocr_line' id='line_1_41' title="bbox 358 2174 1422 2222; baseline 0.004 -10"><span class='ocrx_word' id='word_1_274' title='bbox 358 2175 563 2213; x_wconf 89' lang='lat' dir='ltr'>hominum</span> <span class='ocrx_word' id='word_1_275' title='bbox 589 2175 687 2212; x_wconf 91' lang='lat' dir='ltr'>fides</span> <span class='ocrx_word' id='word_1_276' title='bbox 705 2174 856 2212; x_wconf 90' lang='lat' dir='ltr'>unitatis</span> <span class='ocrx_word' id='word_1_277' title='bbox 877 2175 1042 2222; x_wconf 89' lang='lat' dir='ltr'>divinae,</span> <span class='ocrx_word' id='word_1_278' title='bbox 1061 2176 1183 2214; x_wconf 89' lang='lat' dir='ltr'>voluit</span> <span class='ocrx_word' id='word_1_279' title='bbox 1200 2177 1305 2215; x_wconf 90' lang='lat' dir='ltr'>Deus</span> <span class='ocrx_word' id='word_1_280' title='bbox 1323 2186 1365 2215; x_wconf 94' lang='lat' dir='ltr'>ut</span> <span class='ocrx_word' id='word_1_281' title='bbox 1384 2179 1422 2216; x_wconf 90' lang='lat' dir='ltr'>in</span> 
     </span>
     <span class='ocr_line' id='line_1_42' title="bbox 359 2227 1422 2273; baseline 0.004 -8"><span class='ocrx_word' id='word_1_282' title='bbox 359 2241 438 2266; x_wconf 89' lang='lat' dir='ltr'>uno</span> <span class='ocrx_word' id='word_1_283' title='bbox 470 2229 556 2265; x_wconf 94' lang='lat' dir='ltr'>loco</span> <span class='ocrx_word' id='word_1_284' title='bbox 576 2235 724 2273; x_wconf 85' lang='lat' dir='ltr'>tantum</span> <span class='ocrx_word' id='word_1_285' title='bbox 752 2228 823 2264; x_wconf 94' lang='lat' dir='ltr'>sibi</span> <span class='ocrx_word' id='word_1_286' title='bbox 843 2227 1069 2265; x_wconf 85' lang='lat' dir='ltr'>sacrificium</span> <span class='ocrx_word' id='word_1_287' title='bbox 1099 2229 1308 2268; x_wconf 85' lang='lat' dir='ltr'>offerretur.</span> <span class='ocrx_word' id='word_1_288' title='bbox 1329 2252 1352 2260; x_wconf 93' lang='lat'><em>-</em></span> <span class='ocrx_word' id='word_1_289' title='bbox 1374 2233 1422 2269; x_wconf 91' lang='lat' dir='ltr'>Et</span> 
     </span>
     <span class='ocr_line' id='line_1_43' title="bbox 359 2281 1422 2333; baseline 0.004 -15"><span class='ocrx_word' id='word_1_290' title='bbox 359 2282 497 2319; x_wconf 90' lang='lat' dir='ltr'>iterum</span> <span class='ocrx_word' id='word_1_291' title='bbox 530 2288 571 2317; x_wconf 88' lang='lat' dir='ltr'>ut</span> <span class='ocrx_word' id='word_1_292' title='bbox 606 2293 676 2330; x_wconf 89' lang='lat' dir='ltr'>per</span> <span class='ocrx_word' id='word_1_293' title='bbox 709 2281 784 2317; x_wconf 93' lang='lat' dir='ltr'>hoc</span> <span class='ocrx_word' id='word_1_294' title='bbox 821 2281 1037 2318; x_wconf 83' lang='lat' dir='ltr'>ostenderet</span> <span class='ocrx_word' id='word_1_295' title='bbox 1073 2282 1178 2330; x_wconf 89' lang='lat' dir='ltr'>quod</span> <span class='ocrx_word' id='word_1_296' title='bbox 1215 2285 1422 2333; x_wconf 89' lang='lat' dir='ltr'>corporalis</span> 
     </span>
     <span class='ocr_line' id='line_1_44' title="bbox 361 2333 1421 2384; baseline 0.003 -12"><span class='ocrx_word' id='word_1_297' title='bbox 361 2335 481 2372; x_wconf 92' lang='lat' dir='ltr'>cultus</span> <span class='ocrx_word' id='word_1_298' title='bbox 508 2346 587 2371; x_wconf 91' lang='lat' dir='ltr'>non</span> <span class='ocrx_word' id='word_1_299' title='bbox 615 2341 771 2382; x_wconf 91' lang='lat' dir='ltr'>propter</span> <span class='ocrx_word' id='word_1_300' title='bbox 799 2346 838 2370; x_wconf 91' lang='lat' dir='ltr'>se</span> <span class='ocrx_word' id='word_1_301' title='bbox 868 2341 947 2371; x_wconf 87' lang='lat' dir='ltr'>erat</span> <span class='ocrx_word' id='word_1_302' title='bbox 975 2333 1010 2370; x_wconf 90' lang='lat' dir='ltr'>ei</span> <span class='ocrx_word' id='word_1_303' title='bbox 1037 2342 1226 2384; x_wconf 89' lang='lat' dir='ltr'>acceptus.</span> <span class='ocrx_word' id='word_1_304' title='bbox 1257 2337 1306 2374; x_wconf 93' lang='lat' dir='ltr'>Et</span> <span class='ocrx_word' id='word_1_305' title='bbox 1333 2337 1421 2375; x_wconf 90' lang='lat' dir='ltr'>ideo</span> 
     </span>
     <span class='ocr_line' id='line_1_45' title="bbox 360 2387 1423 2437; baseline 0.004 -13"><span class='ocrx_word' id='word_1_306' title='bbox 360 2388 703 2436; x_wconf 86' lang='lat' dir='ltr'>compescebantur</span> <span class='ocrx_word' id='word_1_307' title='bbox 735 2398 782 2424; x_wconf 89' lang='lat' dir='ltr'>ne</span> <span class='ocrx_word' id='word_1_308' title='bbox 816 2388 958 2436; x_wconf 85' lang='lat' dir='ltr'>passim</span> <span class='ocrx_word' id='word_1_309' title='bbox 995 2394 1030 2424; x_wconf 91' lang='lat' dir='ltr'>et</span> <span class='ocrx_word' id='word_1_310' title='bbox 1062 2387 1204 2437; x_wconf 88' lang='lat' dir='ltr'>ubique</span> <span class='ocrx_word' id='word_1_311' title='bbox 1239 2390 1423 2428; x_wconf 86' lang='lat' dir='ltr'>sacrificia</span> 
     </span>
     <span class='ocr_line' id='line_1_46' title="bbox 361 2440 1422 2488; baseline 0.003 -10"><span class='ocrx_word' id='word_1_312' title='bbox 361 2440 552 2478; x_wconf 83' lang='lat' dir='ltr'>offerrent.</span> <span class='ocrx_word' id='word_1_313' title='bbox 583 2440 660 2477; x_wconf 89' lang='lat' dir='ltr'>Sed</span> <span class='ocrx_word' id='word_1_314' title='bbox 688 2440 808 2476; x_wconf 90' lang='lat' dir='ltr'>cultus</span> <span class='ocrx_word' id='word_1_315' title='bbox 836 2452 962 2476; x_wconf 89' lang='lat' dir='ltr'>novae</span> <span class='ocrx_word' id='word_1_316' title='bbox 982 2440 1085 2488; x_wconf 87' lang='lat' dir='ltr'>legis,</span> <span class='ocrx_word' id='word_1_317' title='bbox 1114 2440 1152 2478; x_wconf 94' lang='lat' dir='ltr'>in</span> <span class='ocrx_word' id='word_1_318' title='bbox 1175 2441 1281 2480; x_wconf 93' lang='lat' dir='ltr'>cuius</span> <span class='ocrx_word' id='word_1_319' title='bbox 1308 2443 1422 2481; x_wconf 90' lang='lat' dir='ltr'>sacri-</span> 
     </span>
     <span class='ocr_line' id='line_1_47' title="bbox 359 2492 1423 2542; baseline 0.004 -12"><span class='ocrx_word' id='word_1_320' title='bbox 359 2493 448 2531; x_wconf 89' lang='lat' dir='ltr'>ficio</span> <span class='ocrx_word' id='word_1_321' title='bbox 469 2492 671 2542; x_wconf 91' lang='lat' dir='ltr'>spiritualis</span> <span class='ocrx_word' id='word_1_322' title='bbox 696 2492 814 2541; x_wconf 89' lang='lat' dir='ltr'>gratia</span> <span class='ocrx_word' id='word_1_323' title='bbox 833 2493 1056 2539; x_wconf 89' lang='lat' dir='ltr'>continetur,</span> <span class='ocrx_word' id='word_1_324' title='bbox 1078 2501 1133 2530; x_wconf 87' lang='lat' dir='ltr'>est</span> <span class='ocrx_word' id='word_1_325' title='bbox 1151 2495 1362 2534; x_wconf 90' lang='lat' dir='ltr'>secundum</span> <span class='ocrx_word' id='word_1_326' title='bbox 1382 2509 1423 2533; x_wconf 87' lang='lat' dir='ltr'>se</span> 
     </span>
     <span class='ocr_line' id='line_1_48' title="bbox 361 2545 1424 2601; baseline 0.004 -18"><span class='ocrx_word' id='word_1_327' title='bbox 361 2547 446 2584; x_wconf 91' lang='lat' dir='ltr'>Deo</span> <span class='ocrx_word' id='word_1_328' title='bbox 475 2554 664 2595; x_wconf 87' lang='lat' dir='ltr'>acceptus.</span> <span class='ocrx_word' id='word_1_329' title='bbox 699 2547 748 2583; x_wconf 92' lang='lat' dir='ltr'>Et</span> <span class='ocrx_word' id='word_1_330' title='bbox 775 2545 862 2582; x_wconf 92' lang='lat' dir='ltr'>ideo</span> <span class='ocrx_word' id='word_1_331' title='bbox 898 2546 1157 2594; x_wconf 88' lang='lat' dir='ltr'>multiplicatio</span> <span class='ocrx_word' id='word_1_332' title='bbox 1186 2548 1357 2601; x_wconf 84' lang='lat' dir='ltr'>altarium</span> <span class='ocrx_word' id='word_1_333' title='bbox 1388 2557 1424 2586; x_wconf 92' lang='lat' dir='ltr'>et</span> 
     </span>
     <span class='ocr_line' id='line_1_49' title="bbox 361 2599 1156 2647; baseline 0 -11"><span class='ocrx_word' id='word_1_334' title='bbox 361 2599 593 2647; x_wconf 85' lang='lat' dir='ltr'>templorum</span> <span class='ocrx_word' id='word_1_335' title='bbox 621 2606 838 2647; x_wconf 86' lang='lat' dir='ltr'>acceptatur</span> <span class='ocrx_word' id='word_1_336' title='bbox 866 2599 903 2636; x_wconf 92' lang='lat' dir='ltr'>in</span> <span class='ocrx_word' id='word_1_337' title='bbox 932 2611 1035 2636; x_wconf 80' lang='lat' dir='ltr'>nova</span> <span class='ocrx_word' id='word_1_338' title='bbox 1062 2600 1156 2647; x_wconf 87' lang='lat' dir='ltr'>lege.</span> 
     </span>
    </p>

    <p class='ocr_par' dir='ltr' id='par_1_8' title="bbox 362 2652 1424 3175">
     <span class='ocr_line' id='line_1_50' title="bbox 415 2652 1423 2704; baseline 0.004 -16"><span class='ocrx_word' id='word_1_339' title='bbox 415 2652 611 2698; x_wconf 89' lang='lat' dir='ltr'>Quantum</span> <span class='ocrx_word' id='word_1_340' title='bbox 628 2664 723 2689; x_wconf 90' lang='lat' dir='ltr'>vero</span> <span class='ocrx_word' id='word_1_341' title='bbox 751 2652 802 2688; x_wconf 87' lang='lat' dir='ltr'>ad</span> <span class='ocrx_word' id='word_1_342' title='bbox 830 2664 875 2688; x_wconf 89' lang='lat' dir='ltr'>ea</span> <span class='ocrx_word' id='word_1_343' title='bbox 902 2664 1001 2701; x_wconf 91' lang='lat' dir='ltr'>quae</span> <span class='ocrx_word' id='word_1_344' title='bbox 1024 2652 1263 2700; x_wconf 88' lang='lat' dir='ltr'>pertinebant</span> <span class='ocrx_word' id='word_1_345' title='bbox 1280 2655 1330 2692; x_wconf 89' lang='lat' dir='ltr'>ad</span> <span class='ocrx_word' id='word_1_346' title='bbox 1349 2655 1423 2704; x_wconf 90' lang='lat' dir='ltr'>spi-</span> 
     </span>
     <span class='ocr_line' id='line_1_51' title="bbox 362 2703 1423 2756; baseline 0.005 -16"><span class='ocrx_word' id='word_1_347' title='bbox 362 2703 534 2741; x_wconf 86' lang='lat' dir='ltr'>ritualem</span> <span class='ocrx_word' id='word_1_348' title='bbox 556 2705 698 2741; x_wconf 91' lang='lat' dir='ltr'>cultum</span> <span class='ocrx_word' id='word_1_349' title='bbox 713 2704 798 2750; x_wconf 91' lang='lat' dir='ltr'>Dei,</span> <span class='ocrx_word' id='word_1_350' title='bbox 814 2704 878 2752; x_wconf 86' lang='lat' dir='ltr'>qui</span> <span class='ocrx_word' id='word_1_351' title='bbox 898 2705 1093 2742; x_wconf 85' lang='lat' dir='ltr'>consistit</span> <span class='ocrx_word' id='word_1_352' title='bbox 1084 2718 1123 2743; x_wconf 81' lang='lat' dir='ltr'>in</span> <span class='ocrx_word' id='word_1_353' title='bbox 1142 2706 1314 2744; x_wconf 85' lang='lat' dir='ltr'>doctrina</span> <span class='ocrx_word' id='word_1_354' title='bbox 1331 2708 1423 2756; x_wconf 91' lang='lat' dir='ltr'>legis</span> 
     </span>
     <span class='ocr_line' id='line_1_52' title="bbox 363 2757 1423 2815; baseline 0.005 -22"><span class='ocrx_word' id='word_1_355' title='bbox 363 2763 400 2793; x_wconf 90' lang='lat' dir='ltr'>et</span> <span class='ocrx_word' id='word_1_356' title='bbox 417 2757 704 2815; x_wconf 80' lang='lat' dir='ltr'>prophetarum,</span> <span class='ocrx_word' id='word_1_357' title='bbox 721 2764 828 2793; x_wconf 88' lang='lat' dir='ltr'>erant</span> <span class='ocrx_word' id='word_1_358' title='bbox 846 2757 959 2794; x_wconf 88' lang='lat' dir='ltr'>etiam</span> <span class='ocrx_word' id='word_1_359' title='bbox 978 2758 1017 2795; x_wconf 91' lang='lat' dir='ltr'>in</span> <span class='ocrx_word' id='word_1_360' title='bbox 1034 2758 1153 2796; x_wconf 88' lang='lat' dir='ltr'>veteri</span> <span class='ocrx_word' id='word_1_361' title='bbox 1171 2759 1253 2807; x_wconf 88' lang='lat' dir='ltr'>lege</span> <span class='ocrx_word' id='word_1_362' title='bbox 1274 2760 1423 2798; x_wconf 89' lang='lat' dir='ltr'>diversa</span> 
     </span>
     <span class='ocr_line' id='line_1_53' title="bbox 362 2809 1419 2858; baseline 0.006 -13"><span class='ocrx_word' id='word_1_363' title='bbox 362 2810 446 2850; x_wconf 85' lang='lat' dir='ltr'>loca</span> <span class='ocrx_word' id='word_1_364' title='bbox 466 2809 675 2857; x_wconf 84' lang='lat' dir='ltr'>deputata·</span> <span class='ocrx_word' id='word_1_365' title='bbox 668 2821 706 2846; x_wconf 85' lang='lat' dir='ltr'>in</span> <span class='ocrx_word' id='word_1_366' title='bbox 734 2809 872 2858; x_wconf 90' lang='lat' dir='ltr'>quibus</span> <span class='ocrx_word' id='word_1_367' title='bbox 901 2811 1180 2849; x_wconf 88' lang='lat' dir='ltr'>conveniebant</span> <span class='ocrx_word' id='word_1_368' title='bbox 1198 2813 1247 2850; x_wconf 86' lang='lat' dir='ltr'>ad</span> <span class='ocrx_word' id='word_1_369' title='bbox 1266 2813 1419 2851; x_wconf 89' lang='lat' dir='ltr'>laudem</span> 
     </span>
     <span class='ocr_line' id='line_1_54' title="bbox 362 2861 1422 2911; baseline 0.006 -13"><span class='ocrx_word' id='word_1_370' title='bbox 362 2862 452 2909; x_wconf 90' lang='lat' dir='ltr'>Dei,</span> <span class='ocrx_word' id='word_1_371' title='bbox 473 2874 572 2910; x_wconf 89' lang='lat' dir='ltr'>quae</span> <span class='ocrx_word' id='word_1_372' title='bbox 593 2861 815 2899; x_wconf 90' lang='lat' dir='ltr'>dicebantur</span> <span class='ocrx_word' id='word_1_373' title='bbox 833 2874 1065 2911; x_wconf 87' lang='lat' dir='ltr'>synagogae:</span> <span class='ocrx_word' id='word_1_374' title='bbox 1086 2864 1180 2901; x_wconf 91' lang='lat' dir='ltr'>sicut</span> <span class='ocrx_word' id='word_1_375' title='bbox 1196 2873 1231 2902; x_wconf 91' lang='lat' dir='ltr'>et</span> <span class='ocrx_word' id='word_1_376' title='bbox 1246 2878 1348 2903; x_wconf 90' lang='lat' dir='ltr'>nunc</span> <span class='ocrx_word' id='word_1_377' title='bbox 1368 2866 1422 2904; x_wconf 92' lang='lat' dir='ltr'>di-</span> 
     </span>
     <span class='ocr_line' id='line_1_55' title="bbox 363 2914 1423 2965; baseline 0.006 -14"><span class='ocrx_word' id='word_1_378' title='bbox 363 2923 499 2952; x_wconf 90' lang='lat' dir='ltr'>cuntur</span> <span class='ocrx_word' id='word_1_379' title='bbox 518 2914 711 2962; x_wconf 88' lang='lat' dir='ltr'>ecclesiae,</span> <span class='ocrx_word' id='word_1_380' title='bbox 728 2915 766 2952; x_wconf 91' lang='lat' dir='ltr'>in</span> <span class='ocrx_word' id='word_1_381' title='bbox 785 2915 922 2964; x_wconf 89' lang='lat' dir='ltr'>quibus</span> <span class='ocrx_word' id='word_1_382' title='bbox 941 2918 1105 2965; x_wconf 91' lang='lat' dir='ltr'>populus</span> <span class='ocrx_word' id='word_1_383' title='bbox 1120 2918 1354 2957; x_wconf 89' lang='lat' dir='ltr'>Christianus</span> <span class='ocrx_word' id='word_1_384' title='bbox 1373 2919 1423 2957; x_wconf 92' lang='lat' dir='ltr'>ad</span> 
     </span>
     <span class='ocr_line' id='line_1_56' title="bbox 362 2967 1424 3015; baseline 0.005 -10"><span class='ocrx_word' id='word_1_385' title='bbox 362 2968 516 3006; x_wconf 87' lang='lat' dir='ltr'>laudem</span> <span class='ocrx_word' id='word_1_386' title='bbox 531 2967 603 3006; x_wconf 90' lang='lat' dir='ltr'>Dei</span> <span class='ocrx_word' id='word_1_387' title='bbox 620 2975 878 3015; x_wconf 84' lang='lat' dir='ltr'>congregatur.</span> <span class='ocrx_word' id='word_1_388' title='bbox 895 2969 944 3006; x_wconf 91' lang='lat' dir='ltr'>Et</span> <span class='ocrx_word' id='word_1_389' title='bbox 958 2969 1011 3006; x_wconf 92' lang='lat' dir='ltr'>sic</span> <span class='ocrx_word' id='word_1_390' title='bbox 1026 2971 1183 3014; x_wconf 89' lang='lat' dir='ltr'>ecclesia</span> <span class='ocrx_word' id='word_1_391' title='bbox 1197 2979 1325 3009; x_wconf 90' lang='lat' dir='ltr'>nostra</span> <span class='ocrx_word' id='word_1_392' title='bbox 1340 2985 1424 3010; x_wconf 86' lang='lat' dir='ltr'>suc-</span> 
     </span>
     <span class='ocr_line' id='line_1_57' title="bbox 364 3021 1422 3073; baseline 0.005 -16"><span class='ocrx_word' id='word_1_393' title='bbox 364 3021 463 3059; x_wconf 90' lang='lat' dir='ltr'>cedit</span> <span class='ocrx_word' id='word_1_394' title='bbox 476 3021 512 3058; x_wconf 87' lang='lat' dir='ltr'>in</span> <span class='ocrx_word' id='word_1_395' title='bbox 527 3021 657 3058; x_wconf 91' lang='lat' dir='ltr'>locum</span> <span class='ocrx_word' id='word_1_396' title='bbox 678 3028 713 3057; x_wconf 90' lang='lat' dir='ltr'>et</span> <span class='ocrx_word' id='word_1_397' title='bbox 730 3021 860 3069; x_wconf 90' lang='lat' dir='ltr'>templi</span> <span class='ocrx_word' id='word_1_398' title='bbox 881 3029 916 3058; x_wconf 90' lang='lat' dir='ltr'>et</span> <span class='ocrx_word' id='word_1_399' title='bbox 936 3034 1167 3071; x_wconf 87' lang='lat' dir='ltr'>synagogae:</span> <span class='ocrx_word' id='word_1_400' title='bbox 1188 3024 1277 3072; x_wconf 90' lang='lat' dir='ltr'>quia</span> <span class='ocrx_word' id='word_1_401' title='bbox 1296 3024 1422 3073; x_wconf 88' lang='lat' dir='ltr'>ipsum</span> 
     </span>
     <span class='ocr_line' id='line_1_58' title="bbox 363 3073 1423 3122; baseline 0.004 -11"><span class='ocrx_word' id='word_1_402' title='bbox 363 3073 590 3112; x_wconf 86' lang='lat' dir='ltr'>sacrificium</span> <span class='ocrx_word' id='word_1_403' title='bbox 609 3074 790 3111; x_wconf 85' lang='lat' dir='ltr'>ecclesiae</span> <span class='ocrx_word' id='word_1_404' title='bbox 814 3073 1004 3122; x_wconf 89' lang='lat' dir='ltr'>spirituale</span> <span class='ocrx_word' id='word_1_405' title='bbox 1025 3083 1095 3121; x_wconf 88' lang='lat' dir='ltr'>est;</span> <span class='ocrx_word' id='word_1_406' title='bbox 1121 3076 1223 3113; x_wconf 92' lang='lat' dir='ltr'>unde</span> <span class='ocrx_word' id='word_1_407' title='bbox 1247 3089 1326 3114; x_wconf 91' lang='lat' dir='ltr'>non</span> <span class='ocrx_word' id='word_1_408' title='bbox 1350 3077 1423 3115; x_wconf 88' lang='lat' dir='ltr'>dis-</span> 
     </span>
     <span class='ocr_line' id='line_1_59' title="bbox 363 3127 1422 3175; baseline 0.003 -11"><span class='ocrx_word' id='word_1_409' title='bbox 363 3127 541 3175; x_wconf 89' lang='lat' dir='ltr'>tinguitur</span> <span class='ocrx_word' id='word_1_410' title='bbox 559 3127 661 3175; x_wconf 85' lang='lat' dir='ltr'>apud</span> <span class='ocrx_word' id='word_1_411' title='bbox 681 3139 752 3164; x_wconf 92' lang='lat' dir='ltr'>nos</span> <span class='ocrx_word' id='word_1_412' title='bbox 766 3127 872 3164; x_wconf 93' lang='lat' dir='ltr'>locus</span> <span class='ocrx_word' id='word_1_413' title='bbox 892 3127 1063 3164; x_wconf 87' lang='lat' dir='ltr'>sacrificii</span> <span class='ocrx_word' id='word_1_414' title='bbox 1078 3140 1100 3165; x_wconf 95' lang='lat' dir='ltr'>a</span> <span class='ocrx_word' id='word_1_415' title='bbox 1114 3129 1200 3165; x_wconf 90' lang='lat' dir='ltr'>loco</span> <span class='ocrx_word' id='word_1_416' title='bbox 1216 3129 1422 3167; x_wconf 87' lang='lat' dir='ltr'>doctrinae.</span> 
     </span>
    </p>

    <p class='ocr_par' dir='ltr' id='par_1_9' title="bbox 362 3180 1426 3335">
     <span class='ocr_line' id='line_1_60' title="bbox 417 3180 1426 3231; baseline 0.004 -15"><span class='ocrx_word' id='word_1_417' title='bbox 417 3180 528 3217; x_wconf 91' lang='lat' dir='ltr'>Ratio</span> <span class='ocrx_word' id='word_1_418' title='bbox 557 3187 685 3216; x_wconf 89' lang='lat' dir='ltr'>autern</span> <span class='ocrx_word' id='word_1_419' title='bbox 705 3180 871 3228; x_wconf 90' lang='lat' dir='ltr'>figuralis</span> <span class='ocrx_word' id='word_1_420' title='bbox 892 3192 974 3217; x_wconf 88' lang='lat' dir='ltr'>esse</span> <span class='ocrx_word' id='word_1_421' title='bbox 997 3188 1122 3228; x_wconf 92' lang='lat' dir='ltr'>potest</span> <span class='ocrx_word' id='word_1_422' title='bbox 1149 3181 1237 3230; x_wconf 87' lang='lat' dir='ltr'>quia</span> <span class='ocrx_word' id='word_1_423' title='bbox 1264 3194 1333 3231; x_wconf 89' lang='lat' dir='ltr'>per</span> <span class='ocrx_word' id='word_1_424' title='bbox 1351 3183 1426 3220; x_wconf 91' lang='lat' dir='ltr'>hoc</span> 
     </span>
     <span class='ocr_line' id='line_1_61' title="bbox 363 3232 1425 3281; baseline 0.003 -11"><span class='ocrx_word' id='word_1_425' title='bbox 363 3232 595 3281; x_wconf 90' lang='lat' dir='ltr'>significatur</span> <span class='ocrx_word' id='word_1_426' title='bbox 631 3233 755 3270; x_wconf 89' lang='lat' dir='ltr'>unitas</span> <span class='ocrx_word' id='word_1_427' title='bbox 792 3233 997 3280; x_wconf 88' lang='lat' dir='ltr'>ecclesiae,</span> <span class='ocrx_word' id='word_1_428' title='bbox 1036 3234 1099 3270; x_wconf 90' lang='lat' dir='ltr'>vel</span> <span class='ocrx_word' id='word_1_429' title='bbox 1135 3234 1327 3272; x_wconf 88' lang='lat' dir='ltr'>militantis</span> <span class='ocrx_word' id='word_1_430' title='bbox 1363 3236 1425 3273; x_wconf 85' lang='lat' dir='ltr'>vel</span> 
     </span>
     <span class='ocr_line' id='line_1_62' title="bbox 362 3285 640 3335; baseline -0.004 -12"><span class='ocrx_word' id='word_1_431' title='bbox 362 3285 640 3335; x_wconf 90' lang='lat' dir='ltr'>triumphantis.</span> 
     </span>
    </p>
   </div>
   <div class='ocr_carea' id='block_1_5' title="bbox 372 3409 1423 3512">
    <p class='ocr_par' dir='ltr' id='par_1_10' title="bbox 372 3409 1423 3512">
     <span class='ocr_line' id='line_1_63' title="bbox 416 3409 918 3442; baseline 0 -9"><span class='ocrx_word' id='word_1_432' title='bbox 416 3410 434 3442; x_wconf 80' lang='grc' dir='ltr'>ι)</span> <span class='ocrx_word' id='word_1_433' title='bbox 454 3409 626 3434; x_wconf 76' lang='lat' dir='ltr'>invariabilis.</span> <span class='ocrx_word' id='word_1_434' title='bbox 645 3423 663 3428; x_wconf 89' lang='lat'><em>-</em></span> <span class='ocrx_word' id='word_1_435' title='bbox 682 3409 853 3434; x_wconf 83' lang='lat' dir='ltr'>immutabilis</span> <span class='ocrx_word' id='word_1_436' title='bbox 872 3409 918 3433; x_wconf 82' lang='lat' dir='ltr'>Pa.</span> 
     </span>
     <span class='ocr_line' id='line_1_64' title="bbox 416 3444 1084 3477; baseline 0 -7"><span class='ocrx_word' id='word_1_437' title='bbox 416 3446 441 3477; x_wconf 85' lang='grc' dir='ltr'>κ)</span> <span class='ocrx_word' id='word_1_438' title='bbox 462 3445 703 3477; x_wconf 81' lang='lat' dir='ltr'>distinguebantur.</span> <span class='ocrx_word' id='word_1_439' title='bbox 724 3458 740 3463; x_wconf 93' lang='lat'>-</span> <span class='ocrx_word' id='word_1_440' title='bbox 760 3444 973 3477; x_wconf 82' lang='lat' dir='ltr'>distinguebatur</span> <span class='ocrx_word' id='word_1_441' title='bbox 992 3444 1084 3470; x_wconf 78' lang='lat' dir='ltr'>PFl-la.</span> 
     </span>
     <span class='ocr_line' id='line_1_65' title="bbox 372 3478 1423 3512; baseline -0.002 -7"><span class='ocrx_word' id='word_1_442' title='bbox 372 3483 374 3485; x_wconf 87' lang='lat'>&#39;</span> <span class='ocrx_word' id='word_1_443' title='bbox 415 3478 443 3512; x_wconf 87' lang='grc' dir='ltr'>λ)</span> <span class='ocrx_word' id='word_1_444' title='bbox 459 3480 514 3505; x_wconf 89' lang='lat' dir='ltr'>hoc.</span> <span class='ocrx_word' id='word_1_445' title='bbox 533 3494 552 3499; x_wconf 97' lang='lat'>-</span> <span class='ocrx_word' id='word_1_446' title='bbox 570 3480 630 3505; x_wconf 90' lang='lat' dir='ltr'>Om.</span> <span class='ocrx_word' id='word_1_447' title='bbox 646 3481 679 3510; x_wconf 88' lang='lat' dir='ltr'>P;</span> <span class='ocrx_word' id='word_1_448' title='bbox 699 3488 746 3512; x_wconf 86' lang='lat' dir='ltr'>pro</span> <span class='ocrx_word' id='word_1_449' title='bbox 761 3480 882 3508; x_wconf 81' lang='lat' dir='ltr'>materia,</span> <span class='ocrx_word' id='word_1_450' title='bbox 897 3479 922 3504; x_wconf 84' lang='lat' dir='ltr'>in</span> <span class='ocrx_word' id='word_1_451' title='bbox 939 3479 1052 3504; x_wconf 86' lang='lat' dir='ltr'>materia</span> <span class='ocrx_word' id='word_1_452' title='bbox 1067 3479 1167 3504; x_wconf 83' lang='lat' dir='ltr'>codices</span> <span class='ocrx_word' id='word_1_453' title='bbox 1174 3486 1180 3509; x_wconf 87' lang='lat'>;</span> <span class='ocrx_word' id='word_1_454' title='bbox 1202 3479 1237 3504; x_wconf 79' lang='lat' dir='ltr'>Et</span> <span class='ocrx_word' id='word_1_455' title='bbox 1256 3479 1314 3504; x_wconf 86' lang='lat' dir='ltr'>ideo</span> <span class='ocrx_word' id='word_1_456' title='bbox 1327 3487 1379 3504; x_wconf 87' lang='lat' dir='ltr'>om.</span> <span class='ocrx_word' id='word_1_457' title='bbox 1395 3479 1423 3503; x_wconf 86' lang='grc' dir='ltr'>Ρ.</span> 
     </span>
    </p>
   </div>
   <div class='ocr_carea' id='block_1_6' title="bbox 2443 138 2516 174">
    <p class='ocr_par' dir='ltr' id='par_1_11' title="bbox 2443 138 2516 174">
     <span class='ocr_line' id='line_1_66' title="bbox 2443 138 2516 174; baseline 0 0"><span class='ocrx_word' id='word_1_458' title='bbox 2443 138 2516 174; x_wconf 84' lang='lat'>235</span> 
     </span>
    </p>
   </div>
   <div class='ocr_carea' id='block_1_7' title="bbox 1462 216 2540 3332">
    <p class='ocr_par' dir='ltr' id='par_1_12' title="bbox 1462 216 2535 2328">
     <span class='ocr_line' id='line_1_67' title="bbox 1515 216 2520 266; baseline -0.004 -10"><span class='ocrx_word' id='word_1_459' title='bbox 1515 222 1574 256; x_wconf 82' lang='lat' dir='ltr'>AD</span> <span class='ocrx_word' id='word_1_460' title='bbox 1590 231 1762 261; x_wconf 83' lang='lat' dir='ltr'><strong>QUARTUM</strong></span> <span class='ocrx_word' id='word_1_461' title='bbox 1777 230 1960 255; x_wconf 67' lang='lat' dir='ltr'>memnon</span> <span class='ocrx_word' id='word_1_462' title='bbox 1976 219 2090 266; x_wconf 91' lang='lat' dir='ltr'>quod,</span> <span class='ocrx_word' id='word_1_463' title='bbox 2107 217 2203 254; x_wconf 91' lang='lat' dir='ltr'>sicut</span> <span class='ocrx_word' id='word_1_464' title='bbox 2215 217 2253 253; x_wconf 90' lang='lat' dir='ltr'>in</span> <span class='ocrx_word' id='word_1_465' title='bbox 2268 216 2407 253; x_wconf 87' lang='lat' dir='ltr'>unitate</span> <span class='ocrx_word' id='word_1_466' title='bbox 2427 224 2520 253; x_wconf 91' lang='lat' dir='ltr'>tem-</span> 
     </span>
     <span class='ocr_line' id='line_1_68' title="bbox 1462 269 2519 320; baseline -0.004 -11"><span class='ocrx_word' id='word_1_467' title='bbox 1462 272 1525 320; x_wconf 89' lang='lat' dir='ltr'>pli,</span> <span class='ocrx_word' id='word_1_468' title='bbox 1554 273 1616 308; x_wconf 86' lang='lat' dir='ltr'>vel</span> <span class='ocrx_word' id='word_1_469' title='bbox 1643 271 1886 319; x_wconf 86' lang='lat' dir='ltr'>tabernaculi,</span> <span class='ocrx_word' id='word_1_470' title='bbox 1916 271 2268 320; x_wconf 86' lang='lat' dir='ltr'>repraesentabatur</span> <span class='ocrx_word' id='word_1_471' title='bbox 2296 269 2416 306; x_wconf 89' lang='lat' dir='ltr'>unitas</span> <span class='ocrx_word' id='word_1_472' title='bbox 2436 269 2519 317; x_wconf 90' lang='lat' dir='ltr'>Dei,</span> 
     </span>
     <span class='ocr_line' id='line_1_69' title="bbox 1463 322 2521 370; baseline -0.003 -9"><span class='ocrx_word' id='word_1_473' title='bbox 1463 325 1526 360; x_wconf 91' lang='lat' dir='ltr'>vel</span> <span class='ocrx_word' id='word_1_474' title='bbox 1553 325 1676 361; x_wconf 89' lang='lat' dir='ltr'>unitas</span> <span class='ocrx_word' id='word_1_475' title='bbox 1705 324 1906 370; x_wconf 86' lang='lat' dir='ltr'>ecclesiae;</span> <span class='ocrx_word' id='word_1_476' title='bbox 1935 324 1984 360; x_wconf 90' lang='lat' dir='ltr'>ita</span> <span class='ocrx_word' id='word_1_477' title='bbox 2013 323 2126 360; x_wconf 89' lang='lat' dir='ltr'>etiam</span> <span class='ocrx_word' id='word_1_478' title='bbox 2151 323 2188 359; x_wconf 93' lang='lat' dir='ltr'>in</span> <span class='ocrx_word' id='word_1_479' title='bbox 2213 322 2448 360; x_wconf 87' lang='lat' dir='ltr'>distinctione</span> <span class='ocrx_word' id='word_1_480' title='bbox 2468 329 2521 358; x_wconf 89' lang='lat' dir='ltr'>ta-</span> 
     </span>
     <span class='ocr_line' id='line_1_70' title="bbox 1464 374 2520 426; baseline -0.002 -14"><span class='ocrx_word' id='word_1_481' title='bbox 1464 377 1673 424; x_wconf 85' lang='lat' dir='ltr'>bernaculi,</span> <span class='ocrx_word' id='word_1_482' title='bbox 1693 378 1756 414; x_wconf 90' lang='lat' dir='ltr'>vel</span> <span class='ocrx_word' id='word_1_483' title='bbox 1783 377 1924 425; x_wconf 87' lang='lat' dir='ltr'>templi,</span> <span class='ocrx_word' id='word_1_484' title='bbox 1954 376 2306 426; x_wconf 88' lang='lat' dir='ltr'>repraesentabatur</span> <span class='ocrx_word' id='word_1_485' title='bbox 2335 374 2520 412; x_wconf 91' lang='lat' dir='ltr'>distinctio</span> 
     </span>
     <span class='ocr_line' id='line_1_71' title="bbox 1465 427 2522 478; baseline -0.001 -14"><span class='ocrx_word' id='word_1_486' title='bbox 1465 441 1599 466; x_wconf 92' lang='lat' dir='ltr'>eorum</span> <span class='ocrx_word' id='word_1_487' title='bbox 1625 442 1723 478; x_wconf 92' lang='lat' dir='ltr'>quae</span> <span class='ocrx_word' id='word_1_488' title='bbox 1748 431 1832 466; x_wconf 94' lang='lat' dir='ltr'>Deo</span> <span class='ocrx_word' id='word_1_489' title='bbox 1857 436 1943 466; x_wconf 90' lang='lat' dir='ltr'>sunt</span> <span class='ocrx_word' id='word_1_490' title='bbox 1967 429 2146 476; x_wconf 90' lang='lat' dir='ltr'>subiecta,</span> <span class='ocrx_word' id='word_1_491' title='bbox 2168 441 2212 465; x_wconf 91' lang='lat' dir='ltr'>ex</span> <span class='ocrx_word' id='word_1_492' title='bbox 2232 428 2368 477; x_wconf 91' lang='lat' dir='ltr'>quibus</span> <span class='ocrx_word' id='word_1_493' title='bbox 2393 427 2431 464; x_wconf 90' lang='lat' dir='ltr'>in</span> <span class='ocrx_word' id='word_1_494' title='bbox 2450 427 2522 464; x_wconf 89' lang='lat' dir='ltr'>Dei</span> 
     </span>
     <span class='ocr_line' id='line_1_72' title="bbox 1463 482 2521 530; baseline -0.001 -13"><span class='ocrx_word' id='word_1_495' title='bbox 1463 482 1749 519; x_wconf 88' lang='lat' dir='ltr'>venerationem</span> <span class='ocrx_word' id='word_1_496' title='bbox 1770 482 2043 530; x_wconf 84' lang='lat' dir='ltr'>consurgimus.</span> <span class='ocrx_word' id='word_1_497' title='bbox 2063 482 2372 529; x_wconf 90' lang='lat' dir='ltr'>Distinguebatur</span> <span class='ocrx_word' id='word_1_498' title='bbox 2394 488 2521 518; x_wconf 91' lang='lat' dir='ltr'>autem</span> 
     </span>
     <span class='ocr_line' id='line_1_73' title="bbox 1465 534 2522 584; baseline 0 -14"><span class='ocrx_word' id='word_1_499' title='bbox 1465 534 1752 571; x_wconf 91' lang='lat' dir='ltr'>tabernaculum</span> <span class='ocrx_word' id='word_1_500' title='bbox 1771 535 1809 571; x_wconf 91' lang='lat' dir='ltr'>in</span> <span class='ocrx_word' id='word_1_501' title='bbox 1829 535 1923 571; x_wconf 88' lang='lat' dir='ltr'>duas</span> <span class='ocrx_word' id='word_1_502' title='bbox 1942 542 2082 583; x_wconf 87' lang='lat' dir='ltr'>partes:</span> <span class='ocrx_word' id='word_1_503' title='bbox 2102 535 2140 572; x_wconf 93' lang='lat' dir='ltr'>in</span> <span class='ocrx_word' id='word_1_504' title='bbox 2158 547 2275 571; x_wconf 90' lang='lat' dir='ltr'>unam</span> <span class='ocrx_word' id='word_1_505' title='bbox 2291 546 2389 584; x_wconf 86' lang='lat' dir='ltr'>quae</span> <span class='ocrx_word' id='word_1_506' title='bbox 2408 545 2522 570; x_wconf 90' lang='lat' dir='ltr'>voca-</span> 
     </span>
     <span class='ocr_line' id='line_1_74' title="bbox 1466 586 2523 636; baseline 0.001 -14"><span class='ocrx_word' id='word_1_507' title='bbox 1466 586 1576 622; x_wconf 91' lang='lat' dir='ltr'>batur</span> <span class='ocrx_word' id='word_1_508' title='bbox 1591 588 1727 623; x_wconf 87' lang='lat' dir='ltr'>Sancta</span> <span class='ocrx_word' id='word_1_509' title='bbox 1743 589 1978 633; x_wconf 88' lang='lat' dir='ltr'>Sanctorum,</span> <span class='ocrx_word' id='word_1_510' title='bbox 1995 599 2093 636; x_wconf 90' lang='lat' dir='ltr'>quae</span> <span class='ocrx_word' id='word_1_511' title='bbox 2114 594 2191 624; x_wconf 90' lang='lat' dir='ltr'>erat</span> <span class='ocrx_word' id='word_1_512' title='bbox 2211 587 2470 632; x_wconf 90' lang='lat' dir='ltr'>occidentalis;</span> <span class='ocrx_word' id='word_1_513' title='bbox 2487 594 2523 623; x_wconf 92' lang='lat' dir='ltr'>et</span> 
     </span>
     <span class='ocr_line' id='line_1_75' title="bbox 1467 638 2523 688; baseline 0.002 -14"><span class='ocrx_word' id='word_1_514' title='bbox 1467 638 1579 675; x_wconf 89' lang='lat' dir='ltr'>aliam</span> <span class='ocrx_word' id='word_1_515' title='bbox 1600 652 1698 688; x_wconf 89' lang='lat' dir='ltr'>quae</span> <span class='ocrx_word' id='word_1_516' title='bbox 1718 641 1927 677; x_wconf 89' lang='lat' dir='ltr'>vocabatur</span> <span class='ocrx_word' id='word_1_517' title='bbox 1946 641 2094 686; x_wconf 86' lang='lat' dir='ltr'>Sancta,</span> <span class='ocrx_word' id='word_1_518' title='bbox 2115 652 2213 688; x_wconf 91' lang='lat' dir='ltr'>quae</span> <span class='ocrx_word' id='word_1_519' title='bbox 2234 648 2312 677; x_wconf 89' lang='lat' dir='ltr'>erat</span> <span class='ocrx_word' id='word_1_520' title='bbox 2331 640 2380 676; x_wconf 92' lang='lat' dir='ltr'>ad</span> <span class='ocrx_word' id='word_1_521' title='bbox 2399 639 2523 676; x_wconf 90' lang='lat' dir='ltr'>orien-</span> 
     </span>
     <span class='ocr_line' id='line_1_76' title="bbox 1466 692 2522 729; baseline 0.001 -1"><span class='ocrx_word' id='word_1_522' title='bbox 1466 699 1557 728; x_wconf 86' lang='lat' dir='ltr'>tem.</span> <span class='ocrx_word' id='word_1_523' title='bbox 1586 693 1634 728; x_wconf 87' lang='lat' dir='ltr'>Et</span> <span class='ocrx_word' id='word_1_524' title='bbox 1660 692 1796 729; x_wconf 91' lang='lat' dir='ltr'>iterum</span> <span class='ocrx_word' id='word_1_525' title='bbox 1830 700 1915 728; x_wconf 92' lang='lat' dir='ltr'>ante</span> <span class='ocrx_word' id='word_1_526' title='bbox 1948 694 2231 729; x_wconf 88' lang='lat' dir='ltr'>tabernaculum</span> <span class='ocrx_word' id='word_1_527' title='bbox 2265 700 2343 729; x_wconf 91' lang='lat' dir='ltr'>erat</span> <span class='ocrx_word' id='word_1_528' title='bbox 2374 692 2522 729; x_wconf 82' lang='lat' dir='ltr'>atrium.</span> 
     </span>
     <span class='ocr_line' id='line_1_77' title="bbox 1468 744 2522 793; baseline 0.002 -13"><span class='ocrx_word' id='word_1_529' title='bbox 1468 744 1574 781; x_wconf 90' lang='lat' dir='ltr'>Haec</span> <span class='ocrx_word' id='word_1_530' title='bbox 1601 744 1711 792; x_wconf 91' lang='lat' dir='ltr'>igitur</span> <span class='ocrx_word' id='word_1_531' title='bbox 1739 744 1924 782; x_wconf 89' lang='lat' dir='ltr'>distinctio</span> <span class='ocrx_word' id='word_1_532' title='bbox 1954 745 2144 793; x_wconf 90' lang='lat' dir='ltr'>duplicem</span> <span class='ocrx_word' id='word_1_533' title='bbox 2177 746 2291 782; x_wconf 91' lang='lat' dir='ltr'>habet</span> <span class='ocrx_word' id='word_1_534' title='bbox 2324 745 2522 782; x_wconf 91' lang='lat' dir='ltr'>rationem.</span> 
     </span>
     <span class='ocr_line' id='line_1_78' title="bbox 1468 797 2524 846; baseline 0.001 -13"><span class='ocrx_word' id='word_1_535' title='bbox 1468 797 1593 834; x_wconf 91' lang='lat' dir='ltr'>Unam</span> <span class='ocrx_word' id='word_1_536' title='bbox 1614 797 1782 846; x_wconf 91' lang='lat' dir='ltr'>quidem,</span> <span class='ocrx_word' id='word_1_537' title='bbox 1803 798 2014 834; x_wconf 89' lang='lat' dir='ltr'>secundum</span> <span class='ocrx_word' id='word_1_538' title='bbox 2035 798 2139 846; x_wconf 92' lang='lat' dir='ltr'>quod</span> <span class='ocrx_word' id='word_1_539' title='bbox 2158 798 2443 834; x_wconf 89' lang='lat' dir='ltr'>tabernaculum</span> <span class='ocrx_word' id='word_1_540' title='bbox 2464 810 2524 834; x_wconf 94' lang='lat' dir='ltr'>or-</span> 
     </span>
     <span class='ocr_line' id='line_1_79' title="bbox 1469 850 2524 899; baseline 0.001 -13"><span class='ocrx_word' id='word_1_541' title='bbox 1469 850 1618 886; x_wconf 91' lang='lat' dir='ltr'>dinatur</span> <span class='ocrx_word' id='word_1_542' title='bbox 1646 850 1695 887; x_wconf 91' lang='lat' dir='ltr'>ad</span> <span class='ocrx_word' id='word_1_543' title='bbox 1724 851 1865 886; x_wconf 91' lang='lat' dir='ltr'>cultum</span> <span class='ocrx_word' id='word_1_544' title='bbox 1889 850 1972 886; x_wconf 93' lang='lat' dir='ltr'>Dei.</span> <span class='ocrx_word' id='word_1_545' title='bbox 2003 850 2066 886; x_wconf 89' lang='lat' dir='ltr'>Sic</span> <span class='ocrx_word' id='word_1_546' title='bbox 2086 850 2186 886; x_wconf 89' lang='lat' dir='ltr'>enim</span> <span class='ocrx_word' id='word_1_547' title='bbox 2206 850 2376 887; x_wconf 90' lang='lat' dir='ltr'>diversae</span> <span class='ocrx_word' id='word_1_548' title='bbox 2399 858 2524 899; x_wconf 87' lang='lat' dir='ltr'>partes</span> 
     </span>
     <span class='ocr_line' id='line_1_80' title="bbox 1469 902 2524 950; baseline 0.001 -11"><span class='ocrx_word' id='word_1_549' title='bbox 1469 902 1602 939; x_wconf 90' lang='lat' dir='ltr'>mundi</span> <span class='ocrx_word' id='word_1_550' title='bbox 1622 903 1660 940; x_wconf 92' lang='lat' dir='ltr'>in</span> <span class='ocrx_word' id='word_1_551' title='bbox 1681 902 1916 940; x_wconf 91' lang='lat' dir='ltr'>distinctione</span> <span class='ocrx_word' id='word_1_552' title='bbox 1935 902 2165 939; x_wconf 90' lang='lat' dir='ltr'>tabernaculi</span> <span class='ocrx_word' id='word_1_553' title='bbox 2183 903 2401 950; x_wconf 91' lang='lat' dir='ltr'>figurantur.</span> <span class='ocrx_word' id='word_1_554' title='bbox 2423 903 2524 940; x_wconf 90' lang='lat' dir='ltr'>Nam</span> 
     </span>
     <span class='ocr_line' id='line_1_81' title="bbox 1468 955 2527 1004; baseline -0.001 -12"><span class='ocrx_word' id='word_1_555' title='bbox 1468 967 1555 1004; x_wconf 88' lang='lat' dir='ltr'>pars</span> <span class='ocrx_word' id='word_1_556' title='bbox 1574 956 1636 992; x_wconf 91' lang='lat' dir='ltr'>illa</span> <span class='ocrx_word' id='word_1_557' title='bbox 1655 967 1754 1003; x_wconf 89' lang='lat' dir='ltr'>quae</span> <span class='ocrx_word' id='word_1_558' title='bbox 1776 957 1913 992; x_wconf 91' lang='lat' dir='ltr'>Sancta</span> <span class='ocrx_word' id='word_1_559' title='bbox 1933 956 2160 992; x_wconf 87' lang='lat' dir='ltr'>Sanctorum</span> <span class='ocrx_word' id='word_1_560' title='bbox 2181 955 2326 1002; x_wconf 89' lang='lat' dir='ltr'>dicitur,</span> <span class='ocrx_word' id='word_1_561' title='bbox 2341 956 2527 1003; x_wconf 87' lang='lat' dir='ltr'>figurabat</span> 
     </span>
     <span class='ocr_line' id='line_1_82' title="bbox 1469 1008 2526 1057; baseline 0 -12"><span class='ocrx_word' id='word_1_562' title='bbox 1469 1009 1664 1045; x_wconf 90' lang='lat' dir='ltr'>saeculum</span> <span class='ocrx_word' id='word_1_563' title='bbox 1685 1009 1809 1055; x_wconf 91' lang='lat' dir='ltr'>altius,</span> <span class='ocrx_word' id='word_1_564' title='bbox 1830 1008 1934 1057; x_wconf 93' lang='lat' dir='ltr'>quod</span> <span class='ocrx_word' id='word_1_565' title='bbox 1959 1015 2015 1044; x_wconf 91' lang='lat' dir='ltr'>est</span> <span class='ocrx_word' id='word_1_566' title='bbox 2034 1008 2279 1056; x_wconf 89' lang='lat' dir='ltr'>spiritualium</span> <span class='ocrx_word' id='word_1_567' title='bbox 2305 1009 2526 1045; x_wconf 89' lang='lat' dir='ltr'>substantia-</span> 
     </span>
     <span class='ocr_line' id='line_1_83' title="bbox 1470 1060 2528 1110; baseline -0.001 -12"><span class='ocrx_word' id='word_1_568' title='bbox 1470 1074 1572 1098; x_wconf 89' lang='lat' dir='ltr'>rum:</span> <span class='ocrx_word' id='word_1_569' title='bbox 1591 1074 1679 1110; x_wconf 88' lang='lat' dir='ltr'>pars</span> <span class='ocrx_word' id='word_1_570' title='bbox 1698 1074 1792 1099; x_wconf 91' lang='lat' dir='ltr'>vero</span> <span class='ocrx_word' id='word_1_571' title='bbox 1817 1061 1878 1098; x_wconf 91' lang='lat' dir='ltr'>illa</span> <span class='ocrx_word' id='word_1_572' title='bbox 1898 1073 1995 1109; x_wconf 89' lang='lat' dir='ltr'>quae</span> <span class='ocrx_word' id='word_1_573' title='bbox 2016 1060 2150 1098; x_wconf 89' lang='lat' dir='ltr'>dicitur</span> <span class='ocrx_word' id='word_1_574' title='bbox 2169 1061 2317 1107; x_wconf 89' lang='lat' dir='ltr'>Sancta,</span> <span class='ocrx_word' id='word_1_575' title='bbox 2344 1061 2528 1109; x_wconf 87' lang='lat' dir='ltr'>exprime-</span> 
     </span>
     <span class='ocr_line' id='line_1_84' title="bbox 1469 1113 2528 1162; baseline -0.001 -11"><span class='ocrx_word' id='word_1_576' title='bbox 1469 1115 1534 1151; x_wconf 91' lang='lat' dir='ltr'>bat</span> <span class='ocrx_word' id='word_1_577' title='bbox 1553 1115 1740 1152; x_wconf 90' lang='lat' dir='ltr'>mundum</span> <span class='ocrx_word' id='word_1_578' title='bbox 1761 1114 2010 1162; x_wconf 89' lang='lat' dir='ltr'>corporalem.</span> <span class='ocrx_word' id='word_1_579' title='bbox 2025 1134 2050 1141; x_wconf 95' lang='lat'><em>-</em></span> <span class='ocrx_word' id='word_1_580' title='bbox 2067 1115 2115 1150; x_wconf 87' lang='lat' dir='ltr'>Et</span> <span class='ocrx_word' id='word_1_581' title='bbox 2131 1113 2218 1150; x_wconf 93' lang='lat' dir='ltr'>ideo</span> <span class='ocrx_word' id='word_1_582' title='bbox 2240 1114 2378 1150; x_wconf 88' lang='lat' dir='ltr'>Sancta</span> <span class='ocrx_word' id='word_1_583' title='bbox 2393 1126 2415 1150; x_wconf 93' lang='lat' dir='ltr'>a</span> <span class='ocrx_word' id='word_1_584' title='bbox 2435 1115 2528 1151; x_wconf 88' lang='lat' dir='ltr'>San-</span> 
     </span>
     <span class='ocr_line' id='line_1_85' title="bbox 1471 1166 2527 1214; baseline -0.001 -10"><span class='ocrx_word' id='word_1_585' title='bbox 1471 1167 1536 1204; x_wconf 94' lang='lat' dir='ltr'>ctis</span> <span class='ocrx_word' id='word_1_586' title='bbox 1566 1169 1792 1204; x_wconf 90' lang='lat' dir='ltr'>Sanctorum</span> <span class='ocrx_word' id='word_1_587' title='bbox 1827 1167 2149 1214; x_wconf 88' lang='lat' dir='ltr'>distinguebantur</span> <span class='ocrx_word' id='word_1_588' title='bbox 2174 1173 2190 1188; x_wconf 56' lang='grc' dir='ltr'>κ</span> <span class='ocrx_word' id='word_1_589' title='bbox 2218 1166 2388 1214; x_wconf 88' lang='lat' dir='ltr'>quodam</span> <span class='ocrx_word' id='word_1_590' title='bbox 2415 1168 2527 1214; x_wconf 89' lang='lat' dir='ltr'>velo,</span> 
     </span>
     <span class='ocr_line' id='line_1_86' title="bbox 1470 1219 2528 1270; baseline 0 -13"><span class='ocrx_word' id='word_1_591' title='bbox 1470 1221 1574 1269; x_wconf 92' lang='lat' dir='ltr'>quod</span> <span class='ocrx_word' id='word_1_592' title='bbox 1603 1228 1766 1270; x_wconf 90' lang='lat' dir='ltr'>quatuor</span> <span class='ocrx_word' id='word_1_593' title='bbox 1790 1220 1980 1257; x_wconf 90' lang='lat' dir='ltr'>coloribus</span> <span class='ocrx_word' id='word_1_594' title='bbox 2001 1227 2079 1256; x_wconf 91' lang='lat' dir='ltr'>erat</span> <span class='ocrx_word' id='word_1_595' title='bbox 2098 1219 2327 1266; x_wconf 89' lang='lat' dir='ltr'>distinctum,</span> <span class='ocrx_word' id='word_1_596' title='bbox 2343 1232 2411 1267; x_wconf 90' lang='lat' dir='ltr'>per</span> <span class='ocrx_word' id='word_1_597' title='bbox 2429 1232 2528 1268; x_wconf 91' lang='lat' dir='ltr'>quos</span> 
     </span>
     <span class='ocr_line' id='line_1_87' title="bbox 1471 1272 2530 1322; baseline 0 -12"><span class='ocrx_word' id='word_1_598' title='bbox 1471 1281 1633 1322; x_wconf 89' lang='lat' dir='ltr'>quatuor</span> <span class='ocrx_word' id='word_1_599' title='bbox 1652 1274 1839 1310; x_wconf 90' lang='lat' dir='ltr'>elementa</span> <span class='ocrx_word' id='word_1_600' title='bbox 1863 1272 2122 1320; x_wconf 86' lang='lat' dir='ltr'>designantur:</span> <span class='ocrx_word' id='word_1_601' title='bbox 2148 1272 2286 1309; x_wconf 90' lang='lat' dir='ltr'>scilicet</span> <span class='ocrx_word' id='word_1_602' title='bbox 2314 1273 2442 1320; x_wconf 90' lang='lat' dir='ltr'>bysso,</span> <span class='ocrx_word' id='word_1_603' title='bbox 2460 1285 2530 1321; x_wconf 91' lang='lat' dir='ltr'>per</span> 
     </span>
     <span class='ocr_line' id='line_1_88' title="bbox 1470 1325 2524 1375; baseline 0 -12"><span class='ocrx_word' id='word_1_604' title='bbox 1470 1327 1576 1375; x_wconf 90' lang='lat' dir='ltr'>quod</span> <span class='ocrx_word' id='word_1_605' title='bbox 1604 1327 1819 1374; x_wconf 91' lang='lat' dir='ltr'>designatur</span> <span class='ocrx_word' id='word_1_606' title='bbox 1845 1333 1954 1372; x_wconf 89' lang='lat' dir='ltr'>terra,</span> <span class='ocrx_word' id='word_1_607' title='bbox 1985 1325 2073 1374; x_wconf 90' lang='lat' dir='ltr'>quia</span> <span class='ocrx_word' id='word_1_608' title='bbox 2102 1326 2248 1373; x_wconf 88' lang='lat' dir='ltr'>byssus,</span> <span class='ocrx_word' id='word_1_609' title='bbox 2269 1325 2365 1362; x_wconf 90' lang='lat' dir='ltr'>idest</span> <span class='ocrx_word' id='word_1_610' title='bbox 2393 1325 2524 1374; x_wconf 90' lang='lat' dir='ltr'>linum,</span> 
     </span>
     <span class='ocr_line' id='line_1_89' title="bbox 1471 1377 2529 1427; baseline -0.001 -11"><span class='ocrx_word' id='word_1_611' title='bbox 1471 1380 1518 1416; x_wconf 91' lang='lat' dir='ltr'>de</span> <span class='ocrx_word' id='word_1_612' title='bbox 1542 1388 1640 1416; x_wconf 88' lang='lat' dir='ltr'>terra</span> <span class='ocrx_word' id='word_1_613' title='bbox 1663 1379 1844 1425; x_wconf 87' lang='lat' dir='ltr'>naseitur;</span> <span class='ocrx_word' id='word_1_614' title='bbox 1874 1390 2054 1427; x_wconf 87' lang='lat' dir='ltr'>purpura,</span> <span class='ocrx_word' id='word_1_615' title='bbox 2071 1391 2139 1427; x_wconf 92' lang='lat' dir='ltr'>per</span> <span class='ocrx_word' id='word_1_616' title='bbox 2163 1390 2279 1426; x_wconf 91' lang='lat' dir='ltr'>quam</span> <span class='ocrx_word' id='word_1_617' title='bbox 2300 1377 2529 1425; x_wconf 88' lang='lat' dir='ltr'>significatur</span> 
     </span>
     <span class='ocr_line' id='line_1_90' title="bbox 1471 1431 2529 1481; baseline 0 -12"><span class='ocrx_word' id='word_1_618' title='bbox 1471 1445 1582 1481; x_wconf 89' lang='lat' dir='ltr'>aqua,</span> <span class='ocrx_word' id='word_1_619' title='bbox 1607 1433 1724 1469; x_wconf 89' lang='lat' dir='ltr'>fiebat</span> <span class='ocrx_word' id='word_1_620' title='bbox 1749 1432 1850 1469; x_wconf 92' lang='lat' dir='ltr'>enim</span> <span class='ocrx_word' id='word_1_621' title='bbox 1870 1443 2084 1481; x_wconf 91' lang='lat' dir='ltr'>purpureus</span> <span class='ocrx_word' id='word_1_622' title='bbox 2113 1432 2218 1467; x_wconf 91' lang='lat' dir='ltr'>color</span> <span class='ocrx_word' id='word_1_623' title='bbox 2238 1443 2282 1467; x_wconf 90' lang='lat' dir='ltr'>ex</span> <span class='ocrx_word' id='word_1_624' title='bbox 2301 1431 2529 1479; x_wconf 88' lang='lat' dir='ltr'>quibusdam</span> 
     </span>
     <span class='ocr_line' id='line_1_91' title="bbox 1471 1483 2531 1534; baseline -0.001 -12"><span class='ocrx_word' id='word_1_625' title='bbox 1471 1486 1626 1523; x_wconf 92' lang='lat' dir='ltr'>conchis</span> <span class='ocrx_word' id='word_1_626' title='bbox 1650 1498 1748 1534; x_wconf 92' lang='lat' dir='ltr'>quae</span> <span class='ocrx_word' id='word_1_627' title='bbox 1767 1484 2009 1522; x_wconf 89' lang='lat' dir='ltr'>inveniuntur</span> <span class='ocrx_word' id='word_1_628' title='bbox 2031 1484 2070 1520; x_wconf 90' lang='lat' dir='ltr'>in</span> <span class='ocrx_word' id='word_1_629' title='bbox 2089 1483 2202 1528; x_wconf 91' lang='lat' dir='ltr'>mari;</span> <span class='ocrx_word' id='word_1_630' title='bbox 2222 1483 2425 1531; x_wconf 86' lang='lat' dir='ltr'>hyacintho</span> <span class='ocrx_word' id='word_1_631' title='bbox 2438 1512 2447 1530; x_wconf 90' lang='lat'>,</span> <span class='ocrx_word' id='word_1_632' title='bbox 2463 1496 2531 1532; x_wconf 93' lang='lat' dir='ltr'>per</span> 
     </span>
     <span class='ocr_line' id='line_1_92' title="bbox 1471 1537 2531 1587; baseline -0.003 -12"><span class='ocrx_word' id='word_1_633' title='bbox 1471 1551 1587 1587; x_wconf 88' lang='lat' dir='ltr'>quem</span> <span class='ocrx_word' id='word_1_634' title='bbox 1616 1538 1847 1586; x_wconf 88' lang='lat' dir='ltr'>significatur</span> <span class='ocrx_word' id='word_1_635' title='bbox 1878 1549 1952 1583; x_wconf 89' lang='lat' dir='ltr'>aer,</span> <span class='ocrx_word' id='word_1_636' title='bbox 1983 1537 2071 1585; x_wconf 89' lang='lat' dir='ltr'>quia</span> <span class='ocrx_word' id='word_1_637' title='bbox 2103 1537 2218 1573; x_wconf 89' lang='lat' dir='ltr'>habet</span> <span class='ocrx_word' id='word_1_638' title='bbox 2245 1548 2400 1573; x_wconf 89' lang='lat' dir='ltr'>aereum</span> <span class='ocrx_word' id='word_1_639' title='bbox 2429 1537 2531 1573; x_wconf 92' lang='lat' dir='ltr'>colo-</span> 
     </span>
     <span class='ocr_line' id='line_1_93' title="bbox 1472 1589 2531 1638; baseline -0.001 -10"><span class='ocrx_word' id='word_1_640' title='bbox 1472 1604 1574 1637; x_wconf 89' lang='lat' dir='ltr'>rem;</span> <span class='ocrx_word' id='word_1_641' title='bbox 1605 1599 1641 1628; x_wconf 91' lang='lat' dir='ltr'>et</span> <span class='ocrx_word' id='word_1_642' title='bbox 1669 1603 1784 1628; x_wconf 92' lang='lat' dir='ltr'>cocco</span> <span class='ocrx_word' id='word_1_643' title='bbox 1814 1591 1871 1627; x_wconf 92' lang='lat' dir='ltr'>bis</span> <span class='ocrx_word' id='word_1_644' title='bbox 1899 1590 2027 1637; x_wconf 87' lang='lat' dir='ltr'>tincto,</span> <span class='ocrx_word' id='word_1_645' title='bbox 2056 1602 2125 1638; x_wconf 92' lang='lat' dir='ltr'>per</span> <span class='ocrx_word' id='word_1_646' title='bbox 2161 1601 2278 1638; x_wconf 90' lang='lat' dir='ltr'>quem</span> <span class='ocrx_word' id='word_1_647' title='bbox 2316 1589 2531 1636; x_wconf 89' lang='lat' dir='ltr'>designatur</span> 
     </span>
     <span class='ocr_line' id='line_1_94' title="bbox 1471 1642 2532 1692; baseline -0.003 -11"><span class='ocrx_word' id='word_1_648' title='bbox 1471 1645 1577 1692; x_wconf 87' lang='lat' dir='ltr'>ignis.</span> <span class='ocrx_word' id='word_1_649' title='bbox 1607 1645 1656 1681; x_wconf 91' lang='lat' dir='ltr'>Et</span> <span class='ocrx_word' id='word_1_650' title='bbox 1673 1645 1748 1681; x_wconf 93' lang='lat' dir='ltr'>hoc</span> <span class='ocrx_word' id='word_1_651' title='bbox 1762 1642 1776 1666; x_wconf 64' lang='grc' dir='ltr'>λ</span> <span class='ocrx_word' id='word_1_652' title='bbox 1794 1644 1882 1680; x_wconf 90' lang='lat' dir='ltr'>ideo</span> <span class='ocrx_word' id='word_1_653' title='bbox 1902 1643 1991 1691; x_wconf 91' lang='lat' dir='ltr'>quia</span> <span class='ocrx_word' id='word_1_654' title='bbox 2010 1642 2166 1679; x_wconf 89' lang='lat' dir='ltr'>materia</span> <span class='ocrx_word' id='word_1_655' title='bbox 2186 1649 2349 1689; x_wconf 91' lang='lat' dir='ltr'>quatuor</span> <span class='ocrx_word' id='word_1_656' title='bbox 2368 1642 2532 1679; x_wconf 90' lang='lat' dir='ltr'>elemen-</span> 
     </span>
     <span class='ocr_line' id='line_1_95' title="bbox 1471 1695 2532 1746; baseline -0.003 -12"><span class='ocrx_word' id='word_1_657' title='bbox 1471 1705 1598 1735; x_wconf 90' lang='lat' dir='ltr'>torum</span> <span class='ocrx_word' id='word_1_658' title='bbox 1619 1705 1673 1734; x_wconf 92' lang='lat' dir='ltr'>est</span> <span class='ocrx_word' id='word_1_659' title='bbox 1687 1696 2006 1746; x_wconf 88' lang='lat' dir='ltr'>impedimentum</span> <span class='ocrx_word' id='word_1_660' title='bbox 2025 1708 2094 1744; x_wconf 93' lang='lat' dir='ltr'>per</span> <span class='ocrx_word' id='word_1_661' title='bbox 2107 1696 2212 1744; x_wconf 90' lang='lat' dir='ltr'>quod</span> <span class='ocrx_word' id='word_1_662' title='bbox 2230 1695 2403 1732; x_wconf 89' lang='lat' dir='ltr'>velantur</span> <span class='ocrx_word' id='word_1_663' title='bbox 2422 1696 2532 1732; x_wconf 90' lang='lat' dir='ltr'>nobis</span> 
     </span>
     <span class='ocr_line' id='line_1_96' title="bbox 1473 1747 2533 1799; baseline -0.003 -11"><span class='ocrx_word' id='word_1_664' title='bbox 1473 1749 1996 1799; x_wconf 89' lang='lat' dir='ltr'>incorporales·substantiae.</span> <span class='ocrx_word' id='word_1_665' title='bbox 2017 1770 2041 1777; x_wconf 93' lang='lat'><em>-</em></span> <span class='ocrx_word' id='word_1_666' title='bbox 2061 1749 2109 1785; x_wconf 89' lang='lat' dir='ltr'>Et</span> <span class='ocrx_word' id='word_1_667' title='bbox 2127 1748 2214 1785; x_wconf 92' lang='lat' dir='ltr'>ideo</span> <span class='ocrx_word' id='word_1_668' title='bbox 2240 1749 2277 1784; x_wconf 90' lang='lat' dir='ltr'>in</span> <span class='ocrx_word' id='word_1_669' title='bbox 2301 1747 2452 1785; x_wconf 88' lang='lat' dir='ltr'>interius</span> <span class='ocrx_word' id='word_1_670' title='bbox 2480 1756 2533 1785; x_wconf 92' lang='lat' dir='ltr'>ta-</span> 
     </span>
     <span class='ocr_line' id='line_1_97' title="bbox 1473 1802 2533 1851; baseline -0.001 -11"><span class='ocrx_word' id='word_1_671' title='bbox 1473 1804 1746 1851; x_wconf 89' lang='lat' dir='ltr'>bernaculum,</span> <span class='ocrx_word' id='word_1_672' title='bbox 1783 1802 1880 1840; x_wconf 91' lang='lat' dir='ltr'>idest</span> <span class='ocrx_word' id='word_1_673' title='bbox 1907 1802 1945 1839; x_wconf 92' lang='lat' dir='ltr'>in</span> <span class='ocrx_word' id='word_1_674' title='bbox 1980 1802 2117 1838; x_wconf 87' lang='lat' dir='ltr'>Sancta</span> <span class='ocrx_word' id='word_1_675' title='bbox 2154 1802 2402 1847; x_wconf 89' lang='lat' dir='ltr'>Sanctorum,</span> <span class='ocrx_word' id='word_1_676' title='bbox 2432 1802 2533 1839; x_wconf 89' lang='lat' dir='ltr'>solus</span> 
     </span>
     <span class='ocr_line' id='line_1_98' title="bbox 1474 1853 2535 1902; baseline -0.004 -8"><span class='ocrx_word' id='word_1_677' title='bbox 1474 1869 1649 1894; x_wconf 90' lang='lat' dir='ltr'>summus</span> <span class='ocrx_word' id='word_1_678' title='bbox 1675 1855 1864 1902; x_wconf 91' lang='lat' dir='ltr'>sacerdos,</span> <span class='ocrx_word' id='word_1_679' title='bbox 1894 1862 1931 1892; x_wconf 89' lang='lat' dir='ltr'>et</span> <span class='ocrx_word' id='word_1_680' title='bbox 1950 1855 2069 1891; x_wconf 88' lang='lat' dir='ltr'>semel</span> <span class='ocrx_word' id='word_1_681' title='bbox 2087 1854 2126 1891; x_wconf 90' lang='lat' dir='ltr'>in</span> <span class='ocrx_word' id='word_1_682' title='bbox 2145 1866 2259 1901; x_wconf 89' lang='lat' dir='ltr'>ann0,</span> <span class='ocrx_word' id='word_1_683' title='bbox 2279 1853 2473 1891; x_wconf 89' lang='lat' dir='ltr'>introibat:</span> <span class='ocrx_word' id='word_1_684' title='bbox 2493 1862 2535 1891; x_wconf 90' lang='lat' dir='ltr'>ut</span> 
     </span>
     <span class='ocr_line' id='line_1_99' title="bbox 1475 1907 2534 1957; baseline -0.003 -11"><span class='ocrx_word' id='word_1_685' title='bbox 1475 1910 1733 1957; x_wconf 90' lang='lat' dir='ltr'>designaretur</span> <span class='ocrx_word' id='word_1_686' title='bbox 1764 1908 1871 1957; x_wconf 93' lang='lat' dir='ltr'>quod</span> <span class='ocrx_word' id='word_1_687' title='bbox 1902 1908 1997 1944; x_wconf 91' lang='lat' dir='ltr'>haec</span> <span class='ocrx_word' id='word_1_688' title='bbox 2026 1914 2082 1944; x_wconf 90' lang='lat' dir='ltr'>est</span> <span class='ocrx_word' id='word_1_689' title='bbox 2107 1907 2229 1944; x_wconf 91' lang='lat' dir='ltr'>finalis</span> <span class='ocrx_word' id='word_1_690' title='bbox 2256 1907 2437 1955; x_wconf 89' lang='lat' dir='ltr'>perfectio</span> <span class='ocrx_word' id='word_1_691' title='bbox 2466 1908 2534 1944; x_wconf 89' lang='lat' dir='ltr'>ho-</span> 
     </span>
     <span class='ocr_line' id='line_1_100' title="bbox 1475 1960 2534 2010; baseline -0.003 -11"><span class='ocrx_word' id='word_1_692' title='bbox 1475 1963 1598 2010; x_wconf 90' lang='lat' dir='ltr'>minis,</span> <span class='ocrx_word' id='word_1_693' title='bbox 1619 1970 1659 1999; x_wconf 93' lang='lat' dir='ltr'>ut</span> <span class='ocrx_word' id='word_1_694' title='bbox 1686 1962 1735 1999; x_wconf 93' lang='lat' dir='ltr'>ad</span> <span class='ocrx_word' id='word_1_695' title='bbox 1753 1962 1843 1999; x_wconf 92' lang='lat' dir='ltr'>illud</span> <span class='ocrx_word' id='word_1_696' title='bbox 1862 1967 1879 1990; x_wconf 71' lang='lat'>⁸²</span> <span class='ocrx_word' id='word_1_697' title='bbox 1908 1961 2102 1998; x_wconf 88' lang='lat' dir='ltr'>saeculum</span> <span class='ocrx_word' id='word_1_698' title='bbox 2130 1960 2398 1997; x_wconf 92' lang='lat' dir='ltr'>introducatur.</span> <span class='ocrx_word' id='word_1_699' title='bbox 2421 1961 2463 1996; x_wconf 93' lang='lat' dir='ltr'>In</span> <span class='ocrx_word' id='word_1_700' title='bbox 2482 1968 2534 1997; x_wconf 94' lang='lat' dir='ltr'>ta-</span> 
     </span>
     <span class='ocr_line' id='line_1_101' title="bbox 1475 2013 2534 2060; baseline -0.004 -7"><span class='ocrx_word' id='word_1_701' title='bbox 1475 2016 1723 2053; x_wconf 90' lang='lat' dir='ltr'>bernaculum</span> <span class='ocrx_word' id='word_1_702' title='bbox 1747 2027 1842 2052; x_wconf 91' lang='lat' dir='ltr'>vero</span> <span class='ocrx_word' id='word_1_703' title='bbox 1863 2013 2037 2060; x_wconf 87' lang='lat' dir='ltr'>exterius,</span> <span class='ocrx_word' id='word_1_704' title='bbox 2057 2013 2153 2050; x_wconf 89' lang='lat' dir='ltr'>idest</span> <span class='ocrx_word' id='word_1_705' title='bbox 2171 2013 2210 2049; x_wconf 89' lang='lat' dir='ltr'>in</span> <span class='ocrx_word' id='word_1_706' title='bbox 2238 2013 2387 2060; x_wconf 89' lang='lat' dir='ltr'>Sancta,</span> <span class='ocrx_word' id='word_1_707' title='bbox 2408 2013 2534 2050; x_wconf 92' lang='lat' dir='ltr'>introi—</span> 
     </span>
     <span class='ocr_line' id='line_1_102' title="bbox 1476 2066 2534 2115; baseline -0.004 -9"><span class='ocrx_word' id='word_1_708' title='bbox 1476 2070 1566 2106; x_wconf 89' lang='lat' dir='ltr'>bant</span> <span class='ocrx_word' id='word_1_709' title='bbox 1585 2068 1801 2105; x_wconf 90' lang='lat' dir='ltr'>sacerdotes</span> <span class='ocrx_word' id='word_1_710' title='bbox 1824 2066 2005 2115; x_wconf 90' lang='lat' dir='ltr'>quotidie,</span> <span class='ocrx_word' id='word_1_711' title='bbox 2027 2079 2106 2103; x_wconf 91' lang='lat' dir='ltr'>non</span> <span class='ocrx_word' id='word_1_712' title='bbox 2125 2073 2251 2102; x_wconf 91' lang='lat' dir='ltr'>autem</span> <span class='ocrx_word' id='word_1_713' title='bbox 2271 2067 2448 2115; x_wconf 90' lang='lat' dir='ltr'>populus,</span> <span class='ocrx_word' id='word_1_714' title='bbox 2470 2066 2534 2114; x_wconf 90' lang='lat' dir='ltr'>qui</span> 
     </span>
     <span class='ocr_line' id='line_1_103' title="bbox 1476 2119 2535 2168; baseline -0.004 -9"><span class='ocrx_word' id='word_1_715' title='bbox 1476 2122 1599 2159; x_wconf 89' lang='lat' dir='ltr'>solum</span> <span class='ocrx_word' id='word_1_716' title='bbox 1629 2121 1677 2158; x_wconf 93' lang='lat' dir='ltr'>ad</span> <span class='ocrx_word' id='word_1_717' title='bbox 1706 2119 2097 2158; x_wconf 84' lang='lat' dir='ltr'>atrium-accedebat:</span> <span class='ocrx_word' id='word_1_718' title='bbox 2126 2119 2215 2168; x_wconf 91' lang='lat' dir='ltr'>quia</span> <span class='ocrx_word' id='word_1_719' title='bbox 2232 2119 2314 2167; x_wconf 91' lang='lat' dir='ltr'>ipsa</span> <span class='ocrx_word' id='word_1_720' title='bbox 2343 2131 2504 2167; x_wconf 93' lang='lat' dir='ltr'>corpora</span> <span class='ocrx_word' id='word_1_721' title='bbox 2522 2124 2535 2140; x_wconf 54' lang='grc' dir='ltr'><strong>ν</strong></span> 
     </span>
     <span class='ocr_line' id='line_1_104' title="bbox 1475 2171 2535 2224; baseline -0.004 -12"><span class='ocrx_word' id='word_1_722' title='bbox 1475 2175 1639 2224; x_wconf 91' lang='lat' dir='ltr'>populus</span> <span class='ocrx_word' id='word_1_723' title='bbox 1657 2173 1852 2222; x_wconf 89' lang='lat' dir='ltr'>percipere</span> <span class='ocrx_word' id='word_1_724' title='bbox 1871 2180 2016 2222; x_wconf 80' lang='lat' dir='ltr'>potest3</span> <span class='ocrx_word' id='word_1_725' title='bbox 2042 2172 2090 2209; x_wconf 87' lang='lat' dir='ltr'>ad</span> <span class='ocrx_word' id='word_1_726' title='bbox 2109 2171 2305 2208; x_wconf 90' lang='lat' dir='ltr'>interiores</span> <span class='ocrx_word' id='word_1_727' title='bbox 2324 2179 2451 2209; x_wconf 88' lang='lat' dir='ltr'>autem</span> <span class='ocrx_word' id='word_1_728' title='bbox 2472 2183 2535 2208; x_wconf 92' lang='lat' dir='ltr'>eo-</span> 
     </span>
     <span class='ocr_line' id='line_1_105' title="bbox 1476 2224 2535 2275; baseline -0.003 -11"><span class='ocrx_word' id='word_1_729' title='bbox 1476 2240 1561 2265; x_wconf 89' lang='lat' dir='ltr'>rum</span> <span class='ocrx_word' id='word_1_730' title='bbox 1590 2227 1754 2264; x_wconf 90' lang='lat' dir='ltr'>rationes</span> <span class='ocrx_word' id='word_1_731' title='bbox 1779 2226 1850 2263; x_wconf 93' lang='lat' dir='ltr'>soli</span> <span class='ocrx_word' id='word_1_732' title='bbox 1878 2226 2068 2275; x_wconf 90' lang='lat' dir='ltr'>sapientes</span> <span class='ocrx_word' id='word_1_733' title='bbox 2095 2237 2165 2273; x_wconf 93' lang='lat' dir='ltr'>per</span> <span class='ocrx_word' id='word_1_734' title='bbox 2193 2224 2535 2262; x_wconf 90' lang='lat' dir='ltr'>considerationem</span> 
     </span>
     <span class='ocr_line' id='line_1_106' title="bbox 1476 2281 1854 2328; baseline -0.005 -10"><span class='ocrx_word' id='word_1_735' title='bbox 1476 2281 1655 2328; x_wconf 88' lang='lat' dir='ltr'>attingere</span> <span class='ocrx_word' id='word_1_736' title='bbox 1683 2286 1854 2328; x_wconf 84' lang='lat' dir='ltr'>possunt.</span> 
     </span>
    </p>

    <p class='ocr_par' dir='ltr' id='par_1_13' title="bbox 1475 2331 2540 3332">
     <span class='ocr_line' id='line_1_107' title="bbox 1531 2331 2535 2379; baseline -0.004 -9"><span class='ocrx_word' id='word_1_737' title='bbox 1531 2333 1752 2371; x_wconf 90' lang='lat' dir='ltr'>Secundum</span> <span class='ocrx_word' id='word_1_738' title='bbox 1779 2344 1875 2370; x_wconf 86' lang='lat' dir='ltr'>vero</span> <span class='ocrx_word' id='word_1_739' title='bbox 1903 2331 2090 2368; x_wconf 85' lang='lat' dir='ltr'>rationem</span> <span class='ocrx_word' id='word_1_740' title='bbox 2118 2331 2328 2378; x_wconf 87' lang='lat' dir='ltr'>figuralem,</span> <span class='ocrx_word' id='word_1_741' title='bbox 2348 2342 2417 2379; x_wconf 89' lang='lat' dir='ltr'>per</span> <span class='ocrx_word' id='word_1_742' title='bbox 2437 2337 2535 2367; x_wconf 90' lang='lat' dir='ltr'>exte-</span> 
     </span>
     <span class='ocr_line' id='line_1_108' title="bbox 1477 2379 2534 2434; baseline -0.004 -11"><span class='ocrx_word' id='word_1_743' title='bbox 1477 2387 1551 2424; x_wconf 91' lang='lat' dir='ltr'>rius</span> <span class='ocrx_word' id='word_1_744' title='bbox 1570 2386 1870 2432; x_wconf 89' lang='lat' dir='ltr'>tabernaculum,</span> <span class='ocrx_word' id='word_1_745' title='bbox 1891 2384 1997 2432; x_wconf 93' lang='lat' dir='ltr'>quod</span> <span class='ocrx_word' id='word_1_746' title='bbox 2023 2379 2158 2434; x_wconf 18' lang='lat' dir='ltr'>*dicifur</span> <span class='ocrx_word' id='word_1_747' title='bbox 2180 2384 2331 2430; x_wconf 90' lang='lat' dir='ltr'>Sancta,</span> <span class='ocrx_word' id='word_1_748' title='bbox 2352 2383 2534 2431; x_wconf 90' lang='lat' dir='ltr'>significa-</span> 
     </span>
     <span class='ocr_line' id='line_1_109' title="bbox 1476 2436 2539 2485; baseline -0.005 -8"><span class='ocrx_word' id='word_1_749' title='bbox 1476 2447 1535 2477; x_wconf 92' lang='lat' dir='ltr'>tur</span> <span class='ocrx_word' id='word_1_750' title='bbox 1573 2446 1690 2476; x_wconf 89' lang='lat' dir='ltr'>status</span> <span class='ocrx_word' id='word_1_751' title='bbox 1722 2438 1862 2476; x_wconf 90' lang='lat' dir='ltr'>veteris</span> <span class='ocrx_word' id='word_1_752' title='bbox 1894 2437 2005 2485; x_wconf 91' lang='lat' dir='ltr'>legis,</span> <span class='ocrx_word' id='word_1_753' title='bbox 2033 2445 2075 2474; x_wconf 92' lang='lat' dir='ltr'>ut</span> <span class='ocrx_word' id='word_1_754' title='bbox 2107 2437 2314 2485; x_wconf 91' lang='lat' dir='ltr'>Apostolus</span> <span class='ocrx_word' id='word_1_755' title='bbox 2353 2436 2459 2483; x_wconf 89' lang='lat' dir='ltr'>dicit,</span> <span class='ocrx_word' id='word_1_756' title='bbox 2488 2436 2539 2473; x_wconf 87' lang='lat' dir='ltr'>ad</span> 
     </span>
     <span class='ocr_line' id='line_1_110' title="bbox 1475 2490 2536 2539; baseline -0.004 -10"><span class='ocrx_word' id='word_1_757' title='bbox 1475 2493 1575 2530; x_wconf 87' lang='lat' dir='ltr'>Heh.</span> <span class='ocrx_word' id='word_1_758' title='bbox 1597 2504 1632 2528; x_wconf 92' lang='lat' dir='ltr'>1x</span> <span class='ocrx_word' id='word_1_759' title='bbox 1650 2491 1687 2528; x_wconf 77' lang='lat' dir='ltr'>*z</span> <span class='ocrx_word' id='word_1_760' title='bbox 1718 2491 1807 2539; x_wconf 90' lang='lat' dir='ltr'>quia</span> <span class='ocrx_word' id='word_1_761' title='bbox 1831 2491 1880 2528; x_wconf 93' lang='lat' dir='ltr'>ad</span> <span class='ocrx_word' id='word_1_762' title='bbox 1898 2490 1990 2527; x_wconf 93' lang='lat' dir='ltr'>illud</span> <span class='ocrx_word' id='word_1_763' title='bbox 2012 2491 2300 2527; x_wconf 90' lang='lat' dir='ltr'>tabernaculum</span> <span class='ocrx_word' id='word_1_764' title='bbox 2318 2501 2464 2538; x_wconf 85' lang='lat' dir='ltr'>semper</span> <span class='ocrx_word' id='word_1_765' title='bbox 2483 2490 2536 2525; x_wconf 87' lang='lat' dir='ltr'>in-</span> 
     </span>
     <span class='ocr_line' id='line_1_111' title="bbox 1477 2542 2536 2591; baseline -0.004 -9"><span class='ocrx_word' id='word_1_766' title='bbox 1477 2546 1639 2582; x_wconf 87' lang='lat' dir='ltr'>troibant</span> <span class='ocrx_word' id='word_1_767' title='bbox 1663 2545 1872 2582; x_wconf 82' lang='lat' dir='ltr'>sacerdotes</span> <span class='ocrx_word' id='word_1_768' title='bbox 1907 2543 2180 2591; x_wconf 77' lang='lat' dir='ltr'>sacrificiorum</span> <span class='ocrx_word' id='word_1_769' title='bbox 2210 2542 2336 2591; x_wconf 76' lang='lat' dir='ltr'>officia</span> <span class='ocrx_word' id='word_1_770' title='bbox 2365 2554 2536 2578; x_wconf 87' lang='lat' dir='ltr'>consum-</span> 
     </span>
     <span class='ocr_line' id='line_1_112' title="bbox 1476 2595 2537 2642; baseline -0.005 -7"><span class='ocrx_word' id='word_1_771' title='bbox 1476 2604 1630 2635; x_wconf 84' lang='lat' dir='ltr'>mantes.</span> <span class='ocrx_word' id='word_1_772' title='bbox 1666 2598 1740 2634; x_wconf 92' lang='lat' dir='ltr'>Per</span> <span class='ocrx_word' id='word_1_773' title='bbox 1771 2596 1925 2634; x_wconf 89' lang='lat' dir='ltr'>interius</span> <span class='ocrx_word' id='word_1_774' title='bbox 1957 2608 2050 2634; x_wconf 89' lang='lat' dir='ltr'>vero</span> <span class='ocrx_word' id='word_1_775' title='bbox 2088 2596 2393 2641; x_wconf 89' lang='lat' dir='ltr'>tabernaculum,</span> <span class='ocrx_word' id='word_1_776' title='bbox 2431 2595 2537 2642; x_wconf 92' lang='lat' dir='ltr'>quod</span> 
     </span>
     <span class='ocr_line' id='line_1_113' title="bbox 1478 2648 2536 2698; baseline -0.005 -10"><span class='ocrx_word' id='word_1_777' title='bbox 1478 2652 1612 2698; x_wconf 82' lang='lat' dir='ltr'>dicitur</span> <span class='ocrx_word' id='word_1_778' title='bbox 1640 2652 1777 2687; x_wconf 91' lang='lat' dir='ltr'>Sancta</span> <span class='ocrx_word' id='word_1_779' title='bbox 1807 2651 2046 2695; x_wconf 89' lang='lat' dir='ltr'>Sanctorum,</span> <span class='ocrx_word' id='word_1_780' title='bbox 2073 2649 2303 2696; x_wconf 87' lang='lat' dir='ltr'>significatur</span> <span class='ocrx_word' id='word_1_781' title='bbox 2329 2648 2391 2684; x_wconf 89' lang='lat' dir='ltr'>vel</span> <span class='ocrx_word' id='word_1_782' title='bbox 2417 2648 2536 2684; x_wconf 90' lang='lat' dir='ltr'>caele-</span> 
     </span>
     <span class='ocr_line' id='line_1_114' title="bbox 1477 2700 2537 2752; baseline -0.005 -11"><span class='ocrx_word' id='word_1_783' title='bbox 1477 2705 1539 2741; x_wconf 88' lang='lat' dir='ltr'>stis</span> <span class='ocrx_word' id='word_1_784' title='bbox 1558 2703 1693 2752; x_wconf 90' lang='lat' dir='ltr'>gloria:</span> <span class='ocrx_word' id='word_1_785' title='bbox 1718 2704 1780 2740; x_wconf 92' lang='lat' dir='ltr'>vel</span> <span class='ocrx_word' id='word_1_786' title='bbox 1801 2703 1914 2740; x_wconf 90' lang='lat' dir='ltr'>etiam</span> <span class='ocrx_word' id='word_1_787' title='bbox 1934 2710 2050 2739; x_wconf 89' lang='lat' dir='ltr'>status</span> <span class='ocrx_word' id='word_1_788' title='bbox 2074 2701 2271 2750; x_wconf 90' lang='lat' dir='ltr'>spiritualis</span> <span class='ocrx_word' id='word_1_789' title='bbox 2290 2713 2414 2737; x_wconf 90' lang='lat' dir='ltr'>novae</span> <span class='ocrx_word' id='word_1_790' title='bbox 2434 2700 2537 2748; x_wconf 86' lang='lat' dir='ltr'>legis,</span> 
     </span>
     <span class='ocr_line' id='line_1_115' title="bbox 1477 2753 2537 2805; baseline -0.006 -11"><span class='ocrx_word' id='word_1_791' title='bbox 1477 2758 1543 2805; x_wconf 91' lang='lat' dir='ltr'>qui</span> <span class='ocrx_word' id='word_1_792' title='bbox 1581 2764 1636 2793; x_wconf 89' lang='lat' dir='ltr'>est</span> <span class='ocrx_word' id='word_1_793' title='bbox 1667 2755 1858 2805; x_wconf 90' lang='lat' dir='ltr'>quaedam</span> <span class='ocrx_word' id='word_1_794' title='bbox 1894 2755 2085 2792; x_wconf 90' lang='lat' dir='ltr'>inchoatio</span> <span class='ocrx_word' id='word_1_795' title='bbox 2122 2755 2267 2790; x_wconf 88' lang='lat' dir='ltr'>futurae</span> <span class='ocrx_word' id='word_1_796' title='bbox 2304 2753 2456 2801; x_wconf 89' lang='lat' dir='ltr'>gloriae.</span> <span class='ocrx_word' id='word_1_797' title='bbox 2495 2754 2537 2789; x_wconf 94' lang='lat' dir='ltr'>In</span> 
     </span>
     <span class='ocr_line' id='line_1_116' title="bbox 1476 2806 2537 2860; baseline -0.006 -13"><span class='ocrx_word' id='word_1_798' title='bbox 1476 2822 1593 2860; x_wconf 91' lang='lat' dir='ltr'>quem</span> <span class='ocrx_word' id='word_1_799' title='bbox 1617 2817 1756 2846; x_wconf 89' lang='lat' dir='ltr'>statum</span> <span class='ocrx_word' id='word_1_800' title='bbox 1785 2821 1856 2846; x_wconf 91' lang='lat' dir='ltr'>nos</span> <span class='ocrx_word' id='word_1_801' title='bbox 1875 2808 2046 2845; x_wconf 89' lang='lat' dir='ltr'>Christus</span> <span class='ocrx_word' id='word_1_802' title='bbox 2073 2806 2292 2844; x_wconf 89' lang='lat' dir='ltr'>introduxit.</span> <span class='ocrx_word' id='word_1_803' title='bbox 2318 2806 2423 2855; x_wconf 91' lang='lat' dir='ltr'>quod</span> <span class='ocrx_word' id='word_1_804' title='bbox 2442 2806 2537 2853; x_wconf 91' lang='lat' dir='ltr'>figu-</span> 
     </span>
     <span class='ocr_line' id='line_1_117' title="bbox 1478 2859 2537 2914; baseline -0.006 -14"><span class='ocrx_word' id='word_1_805' title='bbox 1478 2864 1629 2900; x_wconf 89' lang='lat' dir='ltr'>rabatur</span> <span class='ocrx_word' id='word_1_806' title='bbox 1649 2874 1725 2910; x_wconf 91' lang='lat' dir='ltr'>per</span> <span class='ocrx_word' id='word_1_807' title='bbox 1755 2863 1830 2899; x_wconf 92' lang='lat' dir='ltr'>hoc</span> <span class='ocrx_word' id='word_1_808' title='bbox 1859 2861 1964 2914; x_wconf 94' lang='lat' dir='ltr'>quod</span> <span class='ocrx_word' id='word_1_809' title='bbox 1997 2872 2171 2898; x_wconf 89' lang='lat' dir='ltr'>summus</span> <span class='ocrx_word' id='word_1_810' title='bbox 2200 2859 2388 2906; x_wconf 88' lang='lat' dir='ltr'>sacerdos,</span> <span class='ocrx_word' id='word_1_811' title='bbox 2419 2859 2537 2895; x_wconf 89' lang='lat' dir='ltr'>semel</span> 
     </span>
     <span class='ocr_line' id='line_1_118' title="bbox 1477 2912 2538 2963; baseline -0.006 -10"><span class='ocrx_word' id='word_1_812' title='bbox 1477 2917 1516 2953; x_wconf 92' lang='lat' dir='ltr'>in</span> <span class='ocrx_word' id='word_1_813' title='bbox 1535 2928 1649 2963; x_wconf 89' lang='lat' dir='ltr'>anno,</span> <span class='ocrx_word' id='word_1_814' title='bbox 1666 2915 1798 2952; x_wconf 90' lang='lat' dir='ltr'>solus</span> <span class='ocrx_word' id='word_1_815' title='bbox 1790 2927 1828 2951; x_wconf 93' lang='lat' dir='ltr'>1n</span> <span class='ocrx_word' id='word_1_816' title='bbox 1849 2915 1987 2951; x_wconf 91' lang='lat' dir='ltr'>Sancta</span> <span class='ocrx_word' id='word_1_817' title='bbox 2003 2915 2229 2950; x_wconf 87' lang='lat' dir='ltr'>Sanctorum</span> <span class='ocrx_word' id='word_1_818' title='bbox 2245 2912 2416 2949; x_wconf 88' lang='lat' dir='ltr'>intrabat.</span> <span class='ocrx_word' id='word_1_819' title='bbox 2431 2912 2538 2948; x_wconf 90' lang='lat' dir='ltr'>-Ve-</span> 
     </span>
     <span class='ocr_line' id='line_1_119' title="bbox 1477 2964 2538 3027; baseline -0.006 -21"><span class='ocrx_word' id='word_1_820' title='bbox 1477 2970 1556 3006; x_wconf 90' lang='lat' dir='ltr'>lum</span> <span class='ocrx_word' id='word_1_821' title='bbox 1585 2976 1712 3006; x_wconf 87' lang='lat' dir='ltr'>autem</span> <span class='ocrx_word' id='word_1_822' title='bbox 1741 2968 1928 3027; x_wconf 84' lang='lat' dir='ltr'>figurabat</span> <span class='ocrx_word' id='word_1_823' title='bbox 1964 2965 2211 3015; x_wconf 90' lang='lat' dir='ltr'>spiritualium</span> <span class='ocrx_word' id='word_1_824' title='bbox 2245 2964 2538 3001; x_wconf 89' lang='lat' dir='ltr'>occultationem</span> 
     </span>
     <span class='ocr_line' id='line_1_120' title="bbox 1478 3017 2538 3064; baseline -0.006 -5"><span class='ocrx_word' id='word_1_825' title='bbox 1478 3021 1752 3059; x_wconf 89' lang='lat' dir='ltr'>sacrificiorum</span> <span class='ocrx_word' id='word_1_826' title='bbox 1776 3020 1814 3057; x_wconf 92' lang='lat' dir='ltr'>in</span> <span class='ocrx_word' id='word_1_827' title='bbox 1833 3020 2024 3057; x_wconf 89' lang='lat' dir='ltr'>veteribus</span> <span class='ocrx_word' id='word_1_828' title='bbox 2048 3018 2250 3055; x_wconf 82' lang='lat' dir='ltr'>sacrificiis.</span> <span class='ocrx_word' id='word_1_829' title='bbox 2272 3017 2389 3064; x_wconf 92' lang='lat' dir='ltr'>Quod</span> <span class='ocrx_word' id='word_1_830' title='bbox 2407 3018 2538 3054; x_wconf 89' lang='lat' dir='ltr'>velum</span> 
     </span>
     <span class='ocr_line' id='line_1_121' title="bbox 1478 3070 2537 3124; baseline -0.004 -13"><span class='ocrx_word' id='word_1_831' title='bbox 1478 3082 1641 3124; x_wconf 91' lang='lat' dir='ltr'>quatuor</span> <span class='ocrx_word' id='word_1_832' title='bbox 1669 3073 1858 3110; x_wconf 91' lang='lat' dir='ltr'>coloribus</span> <span class='ocrx_word' id='word_1_833' title='bbox 1889 3081 1966 3109; x_wconf 89' lang='lat' dir='ltr'>erat</span> <span class='ocrx_word' id='word_1_834' title='bbox 1995 3079 2188 3108; x_wconf 89' lang='lat' dir='ltr'>ornatum:</span> <span class='ocrx_word' id='word_1_835' title='bbox 2218 3071 2333 3119; x_wconf 90' lang='lat' dir='ltr'>bysso</span> <span class='ocrx_word' id='word_1_836' title='bbox 2363 3070 2537 3119; x_wconf 90' lang='lat' dir='ltr'>quidem,</span> 
     </span>
     <span class='ocr_line' id='line_1_122' title="bbox 1478 3124 2537 3174; baseline -0.006 -9"><span class='ocrx_word' id='word_1_837' title='bbox 1478 3128 1527 3165; x_wconf 91' lang='lat' dir='ltr'>ad</span> <span class='ocrx_word' id='word_1_838' title='bbox 1542 3126 1814 3174; x_wconf 87' lang='lat' dir='ltr'>designandam</span> <span class='ocrx_word' id='word_1_839' title='bbox 1831 3125 1952 3162; x_wconf 89' lang='lat' dir='ltr'>carnis</span> <span class='ocrx_word' id='word_1_840' title='bbox 1967 3124 2188 3172; x_wconf 90' lang='lat' dir='ltr'>puritatem;</span> <span class='ocrx_word' id='word_1_841' title='bbox 2209 3135 2376 3172; x_wconf 90' lang='lat' dir='ltr'>purpura</span> <span class='ocrx_word' id='word_1_842' title='bbox 2396 3130 2537 3170; x_wconf 86' lang='lat' dir='ltr'>autem,</span> 
     </span>
     <span class='ocr_line' id='line_1_123' title="bbox 1480 3176 2540 3227; baseline -0.005 -10"><span class='ocrx_word' id='word_1_843' title='bbox 1480 3181 1528 3217; x_wconf 92' lang='lat' dir='ltr'>ad</span> <span class='ocrx_word' id='word_1_844' title='bbox 1565 3179 1806 3227; x_wconf 88' lang='lat' dir='ltr'>figurandum</span> <span class='ocrx_word' id='word_1_845' title='bbox 1833 3178 2030 3226; x_wconf 91' lang='lat' dir='ltr'>passiones</span> <span class='ocrx_word' id='word_1_846' title='bbox 2064 3190 2159 3225; x_wconf 90' lang='lat' dir='ltr'>quas</span> <span class='ocrx_word' id='word_1_847' title='bbox 2192 3176 2319 3213; x_wconf 89' lang='lat' dir='ltr'>Sancti</span> <span class='ocrx_word' id='word_1_848' title='bbox 2355 3176 2540 3213; x_wconf 85' lang='lat' dir='ltr'>sustinue-</span> 
     </span>
     <span class='ocr_line' id='line_1_124' title="bbox 1481 3228 2538 3281; baseline -0.004 -11"><span class='ocrx_word' id='word_1_849' title='bbox 1481 3240 1566 3270; x_wconf 91' lang='lat' dir='ltr'>runt</span> <span class='ocrx_word' id='word_1_850' title='bbox 1580 3245 1650 3281; x_wconf 92' lang='lat' dir='ltr'>pro</span> <span class='ocrx_word' id='word_1_851' title='bbox 1666 3233 1769 3277; x_wconf 84' lang='lat' dir='ltr'>Deo3</span> <span class='ocrx_word' id='word_1_852' title='bbox 1791 3243 1907 3268; x_wconf 90' lang='lat' dir='ltr'>cocco</span> <span class='ocrx_word' id='word_1_853' title='bbox 1927 3231 1984 3267; x_wconf 92' lang='lat' dir='ltr'>bis</span> <span class='ocrx_word' id='word_1_854' title='bbox 2003 3230 2118 3267; x_wconf 90' lang='lat' dir='ltr'>tincto</span> <span class='ocrx_word' id='word_1_855' title='bbox 2134 3228 2158 3276; x_wconf 66' lang='grc' dir='ltr'>ξ,</span> <span class='ocrx_word' id='word_1_856' title='bbox 2179 3230 2228 3267; x_wconf 94' lang='lat' dir='ltr'>ad</span> <span class='ocrx_word' id='word_1_857' title='bbox 2247 3229 2538 3278; x_wconf 90' lang='lat' dir='ltr'>significandum</span> 
     </span>
     <span class='ocr_line' id='line_1_125' title="bbox 1482 3282 2538 3332; baseline -0.003 -10"><span class='ocrx_word' id='word_1_858' title='bbox 1482 3286 1674 3322; x_wconf 88' lang='lat' dir='ltr'>caritatem</span> <span class='ocrx_word' id='word_1_859' title='bbox 1710 3283 1902 3332; x_wconf 85' lang='lat' dir='ltr'>geminam</span> <span class='ocrx_word' id='word_1_860' title='bbox 1939 3283 2011 3320; x_wconf 93' lang='lat' dir='ltr'>Dei</span> <span class='ocrx_word' id='word_1_861' title='bbox 2050 3291 2086 3320; x_wconf 92' lang='lat' dir='ltr'>et</span> <span class='ocrx_word' id='word_1_862' title='bbox 2117 3282 2300 3332; x_wconf 89' lang='lat' dir='ltr'>proximi;</span> <span class='ocrx_word' id='word_1_863' title='bbox 2334 3282 2538 3331; x_wconf 90' lang='lat' dir='ltr'>hyacintho</span> 
     </span>
    </p>
   </div>
   <div class='ocr_carea' id='block_1_8' title="bbox 1533 3407 2504 3510">
    <p class='ocr_par' dir='ltr' id='par_1_14' title="bbox 1533 3407 2504 3510">
     <span class='ocr_line' id='line_1_126' title="bbox 1534 3407 1855 3441; baseline 0.003 -9"><span class='ocrx_word' id='word_1_864' title='bbox 1534 3409 1562 3441; x_wconf 81' lang='grc' dir='ltr'>μ)</span> <span class='ocrx_word' id='word_1_865' title='bbox 1582 3408 1656 3432; x_wconf 86' lang='lat' dir='ltr'>illud.</span> <span class='ocrx_word' id='word_1_866' title='bbox 1674 3421 1693 3426; x_wconf 95' lang='lat'><em>-</em></span> <span class='ocrx_word' id='word_1_867' title='bbox 1711 3407 1786 3432; x_wconf 83' lang='lat' dir='ltr'>aliud</span> <span class='ocrx_word' id='word_1_868' title='bbox 1803 3407 1855 3433; x_wconf 79' lang='lat' dir='ltr'>EF.</span> 
     </span>
     <span class='ocr_line' id='line_1_127' title="bbox 1533 3441 2504 3475; baseline -0.004 -7"><span class='ocrx_word' id='word_1_869' title='bbox 1533 3443 1557 3474; x_wconf 84' lang='grc' dir='ltr'>ν)</span> <span class='ocrx_word' id='word_1_870' title='bbox 1576 3450 1699 3475; x_wconf 64' lang='lat' dir='ltr'>corpora.</span> <span class='ocrx_word' id='word_1_871' title='bbox 1717 3456 1736 3461; x_wconf 90' lang='lat'><em>-</em></span> <span class='ocrx_word' id='word_1_872' title='bbox 1754 3442 1905 3474; x_wconf 83' lang='lat' dir='ltr'>corporalia</span> <span class='ocrx_word' id='word_1_873' title='bbox 1925 3442 1969 3466; x_wconf 82' lang='lat' dir='ltr'>Pa.</span> <span class='ocrx_word' id='word_1_874' title='bbox 1988 3455 2007 3461; x_wconf 93' lang='lat'><em>-</em></span> <span class='ocrx_word' id='word_1_875' title='bbox 2025 3441 2075 3466; x_wconf 86' lang='lat' dir='ltr'>Pro</span> <span class='ocrx_word' id='word_1_876' title='bbox 2093 3441 2232 3473; x_wconf 66' lang='lat' dir='ltr'>sapientes,</span> <span class='ocrx_word' id='word_1_877' title='bbox 2251 3441 2402 3466; x_wconf 81' lang='lat' dir='ltr'>sacerdotes</span> <span class='ocrx_word' id='word_1_878' title='bbox 2421 3441 2460 3465; x_wconf 87' lang='lat' dir='ltr'>ed.</span> <span class='ocrx_word' id='word_1_879' title='bbox 2479 3447 2504 3464; x_wconf 89' lang='lat' dir='ltr'>a.</span> 
     </span>
     <span class='ocr_line' id='line_1_128' title="bbox 1534 3476 2270 3510; baseline -0.004 -7"><span class='ocrx_word' id='word_1_880' title='bbox 1534 3477 1557 3510; x_wconf 83' lang='grc' dir='ltr'>ξ)</span> <span class='ocrx_word' id='word_1_881' title='bbox 1577 3485 1653 3504; x_wconf 84' lang='lat' dir='ltr'>cocco</span> <span class='ocrx_word' id='word_1_882' title='bbox 1672 3478 1710 3503; x_wconf 83' lang='lat' dir='ltr'>bis</span> <span class='ocrx_word' id='word_1_883' title='bbox 1730 3478 1820 3503; x_wconf 80' lang='lat' dir='ltr'>tincto.</span> <span class='ocrx_word' id='word_1_884' title='bbox 1839 3492 1856 3496; x_wconf 98' lang='lat'><em>-</em></span> <span class='ocrx_word' id='word_1_885' title='bbox 1875 3484 1965 3502; x_wconf 84' lang='lat' dir='ltr'>coccus</span> <span class='ocrx_word' id='word_1_886' title='bbox 1985 3477 2023 3502; x_wconf 84' lang='lat' dir='ltr'>bis</span> <span class='ocrx_word' id='word_1_887' title='bbox 2043 3477 2140 3502; x_wconf 81' lang='lat' dir='ltr'>tinctus</span> <span class='ocrx_word' id='word_1_888' title='bbox 2160 3476 2270 3501; x_wconf 80' lang='lat' dir='ltr'>codices.</span> 
     </span>
    </p>
   </div>
   <div class='ocr_carea' id='block_1_9' title="bbox 2564 2499 2750 2527">
    <p class='ocr_par' dir='ltr' id='par_1_15' title="bbox 2564 2499 2750 2527">
     <span class='ocr_line' id='line_1_129' title="bbox 2564 2499 2750 2527; baseline -0.005 -6"><span class='ocrx_word' id='word_1_889' title='bbox 2564 2500 2575 2511; x_wconf 77' lang='lat'>⁸</span> <span class='ocrx_word' id='word_1_890' title='bbox 2588 2499 2655 2521; x_wconf 78' lang='lat' dir='ltr'>Vei-s.</span> <span class='ocrx_word' id='word_1_891' title='bbox 2670 2499 2684 2521; x_wconf 91' lang='lat'><strong>6</strong></span> <span class='ocrx_word' id='word_1_892' title='bbox 2700 2505 2750 2527; x_wconf 84' lang='lat' dir='ltr'>sqq.</span> 
     </span>
    </p>
   </div>
  </div>
 </body>
</html>
