2840 4010
945 215 1210 263 QUAESTIO
1240 215 1396 263 LXXV,
1425 215 1720 252 ARTICULUS
1750 214 1801 251 ιν
2413 217 2454 252 51

295 294 406 333 mittit
439 294 643 332 simoniam
680 302 835 344 propter
868 295 986 332 finem
1024 295 1259 341 ambitionis,
1288 294 1351 331 vel
1407 294 1607 331 Materiam
1644 301 1773 331 autern
1800 294 1915 330 habet
1949 301 2149 343 peccatum
2178 306 2256 331 non
2291 306 2335 331 ex
2364 307 2460 343 qua,

294 347 582 386 fornicationem
602 356 756 397 propter
783 348 934 385 furtum.
955 368 979 376 -
999 348 1047 384 Et
1066 347 1156 395 quia
1182 346 1269 383 finis
1289 347 1352 383 dat
1407 347 1473 383 sed
1502 347 1599 383 circa
1626 358 1754 395 quarn.
1785 347 1967 383 Formam
1995 354 2121 383 autem
2154 347 2270 384 habet
2297 359 2343 384 ex
2370 347 2459 384 fine.

55 406 268 460 {uQssnii'ssth-‚i
295 401 460 438 formam
492 400 530 437 in
565 401 794 448 moralibus,
822 408 864 437 ut
892 412 1005 449 supra
1031 399 1051 420 ’¹‘
1078 399 1249 435 habitum
1279 407 1350 444 est,
1408 400 1455 435 Et
1475 399 1560 436 ideo
1581 399 1793 436 secundum
1813 407 1976 447 quatuor
1998 411 2136 448 genera
2156 412 2355 437 causarum
2374 412 2461 448 pec—

89 449 95 456 ’
170 448 177 460 '
297 465 343 490 ex
369 454 444 490 hoc
473 453 586 490 etiam
615 453 783 502 sequitur
811 453 916 502 quod
938 463 1060 489 unum
1087 458 1287 498 peccatum
1307 451 1353 487 sit
1409 459 1534 487 catum
1554 459 1677 499 potest
1696 451 1768 489 dici
1797 463 1911 489 causa
1937 452 2094 502 peccati,
2114 460 2155 489 ut
2183 452 2325 489 dictum
2355 460 2411 490 est
2429 452 2459 489 ²⁸.
2489 455 2660 483 '1⁰0⁰'P⁰‘⁸·

296 506 466 543 formalis
495 518 608 543 causa
636 506 806 543 alterius:
835 505 875 541 in
902 512 988 541 actu
1007 502 1110 540 enim
1139 503 1352 539 fornicatio·
1461 505 1520 539 AD
1548 515 1737 541 SECUNDUM
1757 516 1939 542 mcENDuM
1967 505 2073 554 quod
2091 513 2291 554 peccatum
2320 513 2375 542 est
2393 506 2463 542 im-

297 559 356 596 nis
375 571 474 607 quae
493 566 648 608 propter
670 559 812 595 furtum
841 556 1097 603 committitur,
1124 563 1179 591 est
1197 555 1352 602 quidem
1409 555 1618 603 perfectum
1647 556 1930 604 imperfectione
1954 557 2089 595 morali
2117 570 2162 594 ex
2189 566 2295 607 parte
2323 558 2463 595 inordi-

297 611 493 648 fornicatio
522 611 616 648 sicut
642 610 845 656 materiale,
870 610 1010 646 furtum
1040 621 1131 645 vero
1161 607 1255 644 sicut
1282 607 1356 644 for·
1410 607 1587 644 nationis:
1617 609 1684 645 sed
1713 621 1758 644 ex
1784 618 1889 657 parte
1925 618 2029 648 actus
2056 617 2180 659 potest
2210 611 2351 648 habere
2378 624 2462 660 per-

0 691 6 721 i
297 665 407 701 male,
1409 659 1611 696 sectionem
1640 668 1805 698 naturae.
1835 663 1884 698 Et
1911 663 2123 700 secundum
2142 664 2217 700 hoc
2234 671 2360 712 potest
2379 676 2462 701 esse

350 719 410 754 An
438 728 575 754 patmum
601 726 700 752 ERGO
727 725 911 751 DICENDUM
930 713 1034 763 quod
1058 720 1271 762 peccatum,
1299 711 1353 748 in-
1410 724 1523 748 causa
1550 712 1704 760 peccati.

298 777 483 819 quantum
512 775 568 806 est
594 766 860 814 inordinatum,
885 767 1000 803 habet
1027 767 1213 804 rationem
1242 764 1352 801 mali:
1462 766 1520 800 AD
1548 776 1707 802 TERTmM
1735 777 1917 803 memnon
1946 767 2051 815 quod
2078 780 2156 806 non
2193 768 2318 806 omnis
2351 781 2465 806 causa

298 822 366 859 sed
392 822 616 870 inquantum
646 826 702 856 est
729 827 833 856 actus
862 807 1032 868 quidam,
1058 819 1173 856 habet
1200 817 1353 865 aliquod
1408 816 1553 865 peccati
1592 824 1646 853 est
1681 826 1892 865 peccatum.
1922 819 2034 856 Unde
2062 833 2140 858 non
2173 829 2323 870 oportet
2359 821 2463 871 quod

297 875 456 921 bonum,
477 874 610 910 saltem
630 884 828 921 apparens,
848 885 919 921 pro
939 872 1028 909 fine.
1050 873 1098 908 Et
1114 871 1165 908 ita
1183 882 1227 907 ex
1247 877 1352 918 parte
1409 869 1638 918 procedatur
1665 869 1703 906 in
1731 870 1940 916 infinitum;
1970 872 2037 908 sed
2059 881 2184 921 potest
2210 874 2398 922 perveniri
2416 875 2465 911 ad

297 934 402 964 actus
428 932 554 974 potest
582 937 664 962 esse
693 937 807 962 causa
835 932 871 962 et
899 924 1021 961 finalis
1046 932 1082 961 et
1109 923 1284 960 effectiva
1304 922 1354 958 al·
1409 922 1564 969 aliquod
1591 922 1758 970 primum
1778 921 1791 944 δ
1818 931 2030 972 peccatum,
2052 925 2155 962 cuius
2175 938 2288 963 causa
2311 940 2389 964 non
2409 935 2465 964 est
2590 924 2607 949 ὃ

298 979 413 1016 terius
439 977 597 1026 peccati,
626 978 712 1014 licet
739 990 818 1014 non
847 989 891 1014 ex
918 985 1024 1026 parte
1052 974 1351 1014 inordinationis.
1409 975 1511 1011 aliud
1538 982 1748 1022 peccatum.

349 1099 375 1134 δ)
390 1099 520 1132 primum.
537 1111 556 1118 —-
574 1099 636 1125 Om.
654 1099 702 1125 Pa.

973 1185 1301 1219 Commentario.
1325 1182 1573 1216 cardinalis
1595 1183 1793 1216 Caietam

273 1270 359 1307 '‘Vir‘'
375 1275 508 1307 articulo
538 1283 668 1317 quarto,
699 1276 733 1307 in
762 1276 968 1316 responsione
998 1275 1038 1306 ad
1065 1275 1257 1311 secundum,
1282 1282 1357 1306 nota
1383 1273 1386 1299 Ι
1412 1272 1606 1303 Inordinatio
1630 1279 1736 1304 autem
1765 1273 1839 1314 quia
1863 1280 1910 1304 est
1932 1274 2065 1314 privatio
2097 1276 2226 1306 moralis
2255 1277 2467 1314 rectitudinis,

327 1320 430 1361 quod,
455 1319 530 1360 quia
553 1320 672 1360 species
696 1327 726 1351 et
749 1319 938 1350 differentiae
961 1320 1121 1351 bonorum
1144 1326 1175 1349 et
1197 1319 1357 1350 malorum
1411 1316 1483 1346 ideo
1506 1316 1558 1347 hic
1586 1316 1660 1348 dicit
1689 1324 1854 1358 peccatum
1883 1318 2104 1358 imperfectum
2134 1319 2370 1360 imperfectione
2399 1332 2468 1352 mo-

296 1363 468 1395 moralium
496 1371 570 1394 sunt
593 1364 676 1395 entia
699 1360 850 1404 positiva,'
874 1371 904 1395 et
925 1374 1016 1394 verae
1043 1370 1172 1394 naturae
1196 1363 1230 1394 in
1252 1364 1356 1395 latitu-
1411 1360 1478 1390 rali-
1502 1361 1589 1390 Haec
1612 1367 1719 1391 autem
1742 1361 1887 1398 dixerim,
1912 1369 1948 1392 ut
1971 1370 2068 1393 cesset
2091 1364 2255 1395 admiratio
2283 1375 2379 1406 quare
2401 1368 2467 1397 Au-

297 1407 369 1438 dine
392 1407 531 1444 entium;
556 1407 628 1438 ideo
658 1410 781 1439 Auctor
808 1407 882 1438 dicit
909 1408 998 1448 quod
1020 1414 1187 1448 peccatum
1210 1418 1246 1438 ex
1269 1415 1356 1448 parte
1412 1410 1479 1434 ctor
1501 1404 1768 1435 inordinationem
1791 1406 1824 1435 in
1846 1415 1958 1445 genere
1982 1407 2096 1443 moris,
2121 1415 2151 1438 et
2174 1409 2413 1440 conversionem
2435 1410 2468 1440 in

297 1451 511 1483 conversionis
538 1450 633 1482 habet
664 1452 891 1492 perfectionem
920 1458 1066 1488 naturae,
1090 1458 1121 1482 et
1147 1451 1221 1482 hinc
1249 1459 1356 1483 causat
1410 1457 1522 1487 genere
1553 1454 1680 1479 naturae
1708 1449 1864 1489 posuerit,
1890 1460 1964 1480 cum
1992 1457 2162 1492 utrumque
2186 1453 2225 1482 ad
2248 1462 2347 1492 genus
2370 1453 2470 1484 moris

296 1495 396 1527 active
418 1501 449 1526 et
470 1492 619 1532 finaliter,
652 1502 689 1526 ut
710 1496 744 1526 in
766 1496 972 1537 responsione
1000 1495 1040 1526 ad
1061 1496 1202 1536 primum
1231 1496 1354 1527 dicitur.
1411 1498 1539 1531 spectet-
