2840 4010
113 874 121 883 ·
137 873 207 894 Νιιιιι.
222 878 253 893 x1.

115 1096 199 1117 ·Νιιιιι.
214 1102 246 1117 v1.
260 1095 320 1117 -Cf.

112 1129 151 1150 qu.
165 1128 228 1149 ant,
244 1126 284 1143 art.
300 1128 321 1148 2,

112 1149 186 1203 :5123
190 1138 230 1196 ςειιιέ
243 1154 320 1196 ¹32an

114 1362 121 1368 ¹
132 1360 156 1381 S.
166 1359 210 1380 Th.
221 1360 273 1380 lect.
285 1365 323 1380 xu.

114 1398 123 1402 -
136 1386 188 1407 Did.
199 1386 238 1407 lib.
250 1385 290 1413 XI,
302 1392 322 1406 c.

112 1419 135 1438 x,
150 1418 172 1433 n.
188 1418 203 1433 ι.

118 1880 125 1888 ”
142 1879 188 1906 Qu.
204 1886 229 1905 x,
244 1883 286 1900 art.
301 1886 323 1905 4.

118 2104 126 2114 ·
143 2104 178 2126 Cf.
194 2110 258 2125 num.
273 2110 316 2125 ιιι.

119 2507 128 2518 “
139 2507 171 2528 Ca
190 2522 196 2528 .
211 2513 245 2532 ιιι,
256 2513 278 2528 ιι.
294 2513 327 2528 ι.-

119 2533 143 2555 S.
154 2533 174 2554 T
193 2549 198 2555 .
217 2534 268 2555 lect.
284 2539 319 2555 ιιι.

122 2899 129 2907 ·
146 2897 180 2919 Cf.
196 2904 259 2919 num.
278 2904 327 2919 ιιιιι.

349 184 425 221 294

403 253 486 284 XIV.
503 253 577 283 Pars
600 263 674 283 vero
706 252 889 283 affirmativa
917 251 1067 281 fundatur
1099 259 1194 289 super
1216 249 1294 285 hoc,
1319 248 1407 288 quod

349 297 448 327 homo
472 303 577 336 potest
596 297 775 327 naturaliter
798 305 890 326 nosse
909 295 1048 343 aliquem
1072 301 1189 329 actum,
1206 299 1283 342 puta
1305 292 1407 322 hono-

349 351 416 372 rare
438 347 610 380 parentem,
635 351 713 381 quas
738 341 825 370 decet
848 339 989 378 undique
1013 336 1260 367 circumstantias
1283 335 1407 372 vestiri,

349 393 385 416 ut
407 392 492 425 patet
515 394 551 414 ex
567 384 698 415 articulo
722 383 938 423 praecedente:
957 388 986 411 et
1001 388 1105 421 potest
1123 381 1155 410 in
1175 391 1226 410 eas
1243 380 1409 410 deliberate

349 428 534 464 consentire,
553 435 583 458 et
606 427 725 467 exequi.

405 473 471 504 XV.
489 472 539 502 Ad
554 471 742 502 evidentiam
755 469 850 499 huius
863 469 1064 504 difficultatis,
1081 478 1147 498 non
1162 468 1293 498 intendo
1309 468 1408 498 aliun—

351 517 389 546 de
413 526 510 556 quam
533 525 569 545 ex
592 514 738 545 Auctoris
763 513 887 543 officina
910 513 1007 543 simul
1030 512 1136 542 afferre
1161 512 1238 552 quid
1262 512 1409 552 simplici-

350 567 405 596 ter,
422 566 452 589 et
474 559 649 589 secundum
664 558 837 588 Doctorem
856 563 1010 593 sanctum,
1035 556 1208 593 tenendum
1225 562 1281 587 est.
1297 556 1409 587 Dicen-

350 605 427 634 dum
450 602 544 642 igitur
568 609 613 632 est
629 601 716 642 quod
732 601 831 630 homo
855 600 888 630 in
911 607 993 631 statu
1012 607 1141 631 naturae
1158 608 1333 640 corruptae,
1351 610 1409 641 po-

349 654 408 678 test
424 656 479 686 per
493 655 549 676 sua
565 645 727 680 naturalia,
744 651 901 684 quantum
918 652 962 675 est
978 655 1015 675 ex
1030 643 1216 675 sufficientia
1232 644 1410 684 operativae

348 690 479 726 virtutis,
497 689 617 728 operari
640 689 771 729 aliquod
794 698 876 728 opus
899 689 1059 719 moraliter
1086 689 1228 725 bonum,
1249 689 1322 719 licet
1344 699 1408 719 non

349 734 449 775 possit
476 743 571 764 suum
602 733 786 763 universum
820 733 980 763 moraliter
1003 733 1126 764 bonum
1150 733 1259 763 facere.
1285 733 1326 763 Et
1349 733 1410 764 hoc

349 777 565 808 manifestatur
577 777 719 807 breviter.
731 776 848 813 Primo,
862 777 1008 807 ducendo
1024 778 1064 807 ad
1079 777 1313 808 inconveniens
1327 777 1412 814 Quia

349 822 407 852 nisi
431 828 537 861 posset
561 821 679 861 aliquid
703 821 825 851 bonum
849 821 1009 851 moraliter
1031 820 1142 856 facere,
1166 827 1359 861 sequeretur,
1376 828 1411 852 ut

350 866 520 896 deductum
544 872 589 895 est
603 865 630 901 *,
647 865 735 905 quod
759 864 903 901 infidelis,
922 871 952 895 et
975 865 1109 896 existens
1125 865 1257 905 quilibet
1279 865 1311 895 in
1326 875 1410 896 mor-

349 910 411 945 tali,
432 910 464 939 in
488 909 576 939 omni
601 919 660 939 suo
685 915 755 938 actu
783 909 953 940 deliberato
985 916 1137 949 peccaret.
1161 910 1202 939 Et
1225 909 1284 939 nisi
1307 909 1411 950 impo-

349 961 416 985 tens
448 959 528 983 esset
559 953 599 983 ad
627 952 808 983 faciendum
841 953 1076 984 universitatem
1111 963 1244 983 suorum
1275 963 1411 994 operum

349 999 467 1028 bonam
491 997 659 1033 moraliter,
677 1003 860 1037 sequeretur
883 998 971 1038 quod
994 1003 1101 1037 posset
1124 1007 1157 1027 se
1180 1007 1376 1037 praeservare
1393 1008 1411 1028 a

348 1042 491 1083 quolibet
515 1041 637 1072 defectu
654 1041 777 1078 morali,
801 1051 836 1072 ac
859 1051 916 1081 per
937 1041 999 1072 hoc
1022 1048 1130 1082 posset
1150 1051 1317 1082 nunquam
1341 1052 1411 1082 pec—

350 1096 418 1117 care
442 1086 474 1116 in
497 1085 687 1116 moralibus:
713 1085 802 1116 cuius
826 1085 1013 1125 oppositum
1035 1092 1247 1116 monstratum
1271 1092 1318 1116 est
1332 1086 1360 1116 *.

404 1129 525 1160 Deinde
545 1130 709 1160 ostensive.
740 1130 846 1159 Prima
869 1130 1000 1169 quidem
1023 1140 1110 1169 pam,
1135 1129 1210 1170 quia
1234 1129 1412 1169 experimur

350 1174 448 1215 quod,
465 1174 630 1204 existentes
645 1174 678 1203 in
702 1173 838 1208 mortali,
854 1173 961 1205 etiam⁴
974 1173 1172 1214 pertinaciter
1199 1174 1321 1204 seclusa
1336 1173 1409 1210 fide,

350 1228 522 1258 possumus
534 1218 662 1248 reddere
674 1225 827 1248 mutuum
839 1218 968 1257 quando
981 1224 1118 1257 oportet,
1129 1217 1179 1247 cui
1195 1224 1330 1257 oportet,
1343 1225 1411 1254 etc.;

351 1269 381 1293 et
403 1269 532 1302 propter
555 1261 632 1302 quid
656 1267 798 1301 oportet,
823 1261 898 1301 quia
922 1261 1038 1292 scilicet
1059 1261 1181 1292 iustum
1200 1268 1256 1298 est,
1280 1268 1311 1292 et
1333 1262 1414 1292 ordi·

351 1313 443 1337 natur
472 1307 511 1336 ad
543 1306 648 1336 Deum
673 1312 708 1336 ut
731 1315 895 1336 summum
926 1306 1067 1341 bonum,
1092 1315 1127 1335 ac
1150 1315 1205 1345 per
1228 1305 1290 1336 hoc
1313 1305 1411 1336 finem

351 1350 496 1386 universi,
510 1356 721 1380 monstratum
733 1350 790 1380 XII
802 1349 1007 1391 Metaphys.*
1019 1367 1037 1372 -
1051 1349 1196 1380 Secunda
1207 1356 1314 1380 autem
1330 1360 1412 1390 pars,

351 1395 426 1435 quia
449 1405 560 1424 sumus
576 1404 612 1425 ex
635 1393 797 1424 contrariis
814 1394 1005 1433 appetitibus
1029 1393 1216 1434 compositi;
1241 1400 1271 1424 et
1293 1394 1413 1434 impos-

352 1438 439 1469 sibile
464 1445 509 1469 est
531 1438 610 1479 quin
633 1438 760 1478 propria
783 1439 977 1478 quandoque
998 1445 1213 1488 assequantur.
1240 1438 1280 1468 Et
1304 1448 1412 1470 rursus

352 1483 428 1523 quia
449 1490 578 1514 naturae
601 1482 738 1521 integrae
761 1482 928 1522 proprium
952 1489 998 1513 est
1022 1482 1255 1512 universitatem
1278 1492 1414 1522 operum

352 1528 471 1557 bonam
495 1526 655 1557 moraliter
677 1536 824 1566 peragere
847 1535 959 1566 posse:
985 1537 1020 1557 ac
1039 1536 1094 1566 per
1116 1526 1178 1557 hoc
1195 1525 1295 1557 differt
1311 1537 1329 1557 a
1345 1537 1413 1558 cor-

353 1578 455 1611 rupta.

406 1615 488 1646 XVI.
502 1615 589 1645 Haec
601 1615 650 1644 via
663 1614 776 1651 media,
793 1621 829 1644 ut
845 1621 939 1654 patet,
957 1621 1003 1645 est
1018 1624 1116 1655 quam
1130 1614 1163 1644 in
1175 1614 1276 1645 littera
1293 1617 1415 1646 Auctor

353 1659 547 1690 determinat.
576 1659 668 1689 Unde
696 1668 762 1688 non
785 1658 859 1688 dicit
882 1659 971 1698 quod
993 1658 1026 1688 iri
1050 1665 1131 1689 statu
1156 1665 1284 1689 naturae
1309 1669 1415 1691 corru-

352 1711 423 1744 ptae
440 1703 564 1733 nullum
587 1713 669 1743 opus
685 1703 805 1732 morale
828 1709 947 1742 potest:
968 1703 1022 1733 sed
1038 1703 1112 1733 dicit
1128 1703 1217 1743 quod
1233 1713 1295 1734 non
1310 1709 1416 1744 potest

353 1753 450 1778 totum
474 1747 656 1777 huiusmodi
676 1747 789 1777 bonum
799 1756 863 1787 per
884 1756 944 1777 sua
969 1748 1134 1777 naturalia
1151 1748 1300 1787 implere;
1323 1754 1354 1778 et
1369 1757 1414 1779 re-

354 1792 457 1831 plicat,
476 1801 538 1822 non
563 1796 668 1821 tamen
693 1796 791 1821 totum
815 1791 931 1821 bonum
955 1791 1015 1822 sibi
1030 1793 1252 1829 connaturale,
1269 1793 1313 1822 ita
1329 1792 1414 1832 quod

353 1838 384 1866 in
410 1836 498 1866 nullo
527 1835 662 1876 deficiat.
693 1835 780 1865 Haec
807 1835 912 1865 media
938 1835 988 1865 via
1017 1842 1062 1866 est
1100 1846 1199 1876 quam
1222 1835 1353 1866 inferius
1381 1836 1414 1866 in

354 1880 394 1910 11³
407 1880 458 1909 11³⁰
471 1879 488 1898 *
503 1882 622 1910 Auctor
638 1878 750 1915 firmat,
764 1879 881 1910 docens
897 1880 986 1920 quod
1002 1890 1067 1910 non
1087 1880 1245 1920 quaelibet
1263 1880 1346 1911 actio
1361 1881 1414 1911 de-

352 1924 482 1955 liberata
505 1923 638 1954 infidelis
657 1930 703 1954 est
726 1930 900 1963 peccatum.
925 1924 1017 1954 Hanc
1039 1934 1114 1963 ergo
1134 1924 1294 1960 sectand0,
1310 1925 1413 1956 solva·

354 1978 426 1998 mus
441 1967 642 1998 obiectiones.
659 1968 701 1998 Et
714 1968 753 1998 ad
775 1977 829 1998 eos
847 1968 902 2008 qui
918 1968 1003 1999 hunc
1019 1969 1188 1999 articulum
1203 1975 1233 1999 et
1248 1975 1414 2009 sequentes

353 2012 441 2043 aliter
464 2012 691 2047 intellexerunt,
713 2012 882 2042 dicendum
907 2020 952 2043 est
975 2013 1074 2053 quod,
1091 2012 1116 2042 si
1140 2013 1351 2053 perspicacius
1366 2013 1414 2044 in-

354 2056 535 2096 spexissent,
560 2066 688 2086 sensum
712 2056 807 2086 talem
830 2066 895 2086 non
920 2056 1121 2097 accepissent.

406 2101 504 2131 XVII.
522 2101 572 2130 Ad
595 2099 872 2140 particularitatem
895 2100 979 2131 tituli
1001 2100 1096 2132 huius
1120 2101 1240 2132 articuli
1256 2100 1284 2137 θ’,
1302 2101 1415 2132 dicitur

354 2145 443 2185 quod
465 2144 508 2175 ita
531 2151 577 2175 est
600 2144 793 2184 particularis
823 2144 881 2175 iste
904 2144 985 2175 sicut
1008 2137 1214 2185 praecedens,
1239 2152 1275 2176 ιιι
1296 2145 1414 2176 ibidem

355 2195 448 2229 patet.
472 2189 513 2218 Et
543 2188 623 2218 sicut
646 2188 689 2218 ibi
719 2198 816 2218 omne
838 2198 949 2219 verum
977 2190 1256 2240 proportionatum
1284 2197 1414 2220 naturae

354 2234 511 2263 humanae
536 2239 581 2262 est
603 2233 767 2272 quoddam
790 2233 975 2272 particulare
994 2241 1136 2273 respectu
1153 2234 1218 2264 veri
1234 2234 1415 2265 communis

355 2278 394 2308 ad
417 2286 528 2307 verum
550 2277 785 2316 supernaturale
806 2283 837 2307 et
859 2278 1015 2313 naturale;
1040 2278 1083 2308 ita
1106 2278 1156 2309 hic
1180 2288 1277 2308 omne
1292 2279 1416 2309 bonum

354 2321 632 2361 proportionatum
657 2326 784 2351 naturae
807 2321 965 2351 humanae
982 2328 1027 2352 est
1043 2323 1207 2362 quoddam
1229 2322 1415 2362 particulare

355 2366 478 2396 bonum
501 2372 644 2404 respectu
667 2365 743 2395 boni
759 2365 939 2396 communis
955 2367 994 2396 ad
1011 2366 1150 2397 naturale
1175 2373 1205 2397 et
1228 2373 1415 2406 supernatu-

355 2410 426 2440 rale.
452 2409 605 2449 Exempla
621 2416 728 2439 autem
743 2409 862 2439 litterae
879 2410 917 2439 de
933 2410 1150 2441 aedificatione
1167 2418 1198 2441 et
1213 2410 1413 2450 agricultura,

356 2454 499 2493 exempla
521 2460 594 2484 sunt
618 2463 752 2493 operum
771 2453 893 2484 virtutis
916 2454 1104 2494 acquisitae:
1129 2465 1177 2485 ars
1197 2465 1335 2495 namque
1352 2465 1415 2487 una

355 2498 497 2538 quinque
513 2497 666 2528 virtutum
681 2497 942 2528 intellectualium
957 2505 1012 2534 est,
1031 2506 1066 2530 ut
1079 2506 1165 2539 patet
1179 2499 1211 2529 in
1229 2499 1270 2529 VI
1287 2499 1417 2531 Ethic.*

354 2543 420 2572 Nec
436 2542 468 2571 in
478 2541 579 2572 littera
595 2541 633 2571 de
649 2551 744 2581 opere
755 2542 842 2572 bono
854 2541 976 2573 virtutis
993 2543 1121 2573 moralis
1138 2543 1280 2583 explicite
1295 2543 1416 2574 mentio

355 2586 399 2622 fit,
424 2586 478 2616 sed
501 2585 622 2616 virtutis
646 2585 815 2626 acquisitae
838 2586 870 2616 in
895 2587 1069 2617 communi.
1084 2588 1171 2624 Quin
1188 2587 1283 2618 etiam
1301 2598 1339 2618 ex
1353 2587 1415 2619 hoc

356 2631 444 2670 quod
460 2629 559 2660 homo
575 2636 679 2669 potest
691 2639 746 2669 per
762 2640 818 2660 sua
835 2631 985 2661 naturalia
1003 2630 1164 2662 aedificare
1183 2632 1299 2662 domos
1314 2642 1415 2673 quan·

356 2675 398 2705 do
415 2681 550 2714 oportet,
569 2674 648 2704 sicut
667 2680 802 2714 oportet,
820 2681 889 2711 etc..
908 2675 1049 2715 sequitur
1065 2676 1153 2716 quod
1170 2676 1270 2716 possit
1284 2676 1416 2716 aliquod

357 2728 438 2758 opus
463 2718 622 2748 moraliter
649 2718 773 2748 bonum
789 2728 844 2758 per
867 2729 923 2749 sua
947 2720 1100 2750 naturalia
1119 2720 1236 2751 facere:
1261 2720 1414 2761 alioquin,

357 2761 550 2793 aedificando
574 2762 709 2792 domum
739 2769 882 2802 peccaret
909 2763 1093 2794 mortaliter.
1117 2765 1206 2795 Patet
1228 2764 1322 2804 igitur
1344 2767 1414 2796 Au-

357 2813 450 2837 ctoris
473 2813 616 2836 intentlo.

410 2850 522 2881 XVIII.
546 2850 756 2881 Auctoritates
781 2856 888 2881 autem
918 2861 999 2891 quae
1027 2853 1213 2892 oppositum
1237 2862 1351 2885 sonare
1372 2852 1416 2884 vi-

357 2895 478 2930 dentur,
494 2895 546 2924 illa
569 2895 673 2934 glossa
687 2894 704 2913 *
727 2895 848 2935 optime
872 2895 979 2931 salvat,
997 2903 1028 2927 et
1050 2903 1228 2935 praeservat
1250 2897 1289 2927 ab
1313 2906 1416 2927 errore

356 2938 483 2978 Pelagii,
507 2946 543 2969 ut
566 2945 650 2978 patet
674 2939 854 2978 applicanti.

411 2983 461 3012 Ad
489 2983 629 3022 primum
660 2982 905 3013 fundamentum
936 2983 1049 3014 dicitur
1073 2985 1179 3025 quod,
1204 2985 1286 3016 sicut
1314 2985 1415 3017 homo

357 3027 558 3066 corporaliter
573 3026 717 3057 infirmus
741 3037 807 3057 non
824 3027 924 3058 differt
943 3038 960 3057 a
976 3038 1053 3058 sano
1077 3028 1110 3058 in
1125 3029 1187 3059 hoc
1201 3030 1291 3070 quod
1318 3039 1414 3060 sanus

358 3081 439 3110 opus
462 3071 538 3106 sani,
563 3070 707 3101 infirmus
730 3071 855 3102 nullum
880 3081 962 3111 opus
979 3072 1046 3102 sani
1062 3073 1177 3112 possit;
1202 3080 1306 3113 potest
1325 3084 1415 3104 nam·

358 3124 420 3154 que
443 3114 586 3145 infirmus
609 3115 714 3145 videre
736 3116 787 3152 'vel
811 3115 918 3146 audire
941 3116 991 3146 vel
1014 3117 1147 3147 odorare
1171 3123 1206 3148 ut
1221 3127 1328 3156 sanus,
1344 3117 1417 3149 licet

358 3168 423 3188 non
447 3159 545 3198 possit
578 3159 739 3189 ambulare
773 3166 807 3190 ut
838 3169 948 3190 sanus:
974 3161 1028 3190 sed
1059 3161 1160 3191 differt
1186 3161 1218 3191 in
1242 3161 1304 3192 hoc
1327 3162 1416 3203 quod

358 3212 451 3232 sanus
476 3213 586 3232 omnes
611 3213 686 3233 suos
710 3210 811 3239 actus,
835 3203 980 3234 infirmus
1004 3215 1069 3235 non
1093 3215 1206 3236 omnes
1229 3216 1305 3237 suos
1329 3212 1416 3237 actus

358 3252 462 3284 potest
484 3253 520 3276 ut
549 3257 643 3276 sanus
667 3246 784 3285 facere;
808 3248 893 3278 unde
917 3255 947 3278 et
973 3248 1005 3278 in
1029 3249 1130 3280 littera
1153 3249 1284 3286 dicitur,
1308 3249 1416 3280 Homo

359 3289 507 3329 infirmus
525 3296 628 3329 potest
655 3292 762 3331 aliquo
786 3297 871 3322 motu
895 3294 1035 3330 moveri,
1059 3303 1120 3323 non
1147 3299 1252 3324 tamen
1270 3294 1417 3335 perfecte

352 3338 459 3372 potest
489 3336 607 3364 moveri
634 3340 720 3365 motu
744 3335 880 3366 hominis
909 3337 1128 3373 sani54totum
1154 3337 1239 3368 enim
1270 3348 1344 3368 cum
1375 3338 1415 3368 sit

357 3377 442 3407 idem
466 3377 555 3417 quod
574 3377 756 3416 perfectum,
774 3379 908 3418 perfecte
932 3387 962 3410 et
978 3380 1114 3411 totaliter
1130 3381 1215 3411 idem
1231 3389 1319 3418 sunt;
1335 3399 1357 3405 —
1373 3382 1416 3414 ita

358 3428 469 3452 natura
492 3420 611 3460 integra
634 3428 664 3451 et
688 3429 834 3461 corrupta
857 3433 923 3453 non
947 3423 1093 3454 differunt
1111 3425 1144 3455 in
1167 3426 1229 3456 hoc
1249 3426 1339 3466 quod
1361 3426 1414 3456 illa

358 3472 462 3504 potest
495 3474 606 3495 omnes
637 3475 712 3495 suos
742 3472 828 3496 actus
856 3466 956 3497 facere
987 3468 1104 3504 bonos,
1127 3469 1185 3499 ista
1213 3470 1335 3506 nullos;
1361 3470 1415 3501 sed

358 3509 445 3549 quod
468 3509 521 3539 illa
545 3519 666 3545 omneS‚
690 3509 747 3539 ista
771 3519 836 3539 non
861 3520 981 3541 omnes.
1006 3511 1135 3542 Bonum
1158 3522 1232 3552 ergo
1256 3514 1416 3544 moraliter

1043 171 1308 217 QUAESTIO
1338 170 1443 217 CIX,
1472 169 1767 206 ARTICULUS
1797 171 1828 205 II

1462 248 1494 278 in
1519 248 1668 278 omnibus
1693 247 1813 279 actibus
1830 254 1876 278 est
1899 248 2066 288 proprium
2089 256 2217 280 naturae
2236 250 2388 290 integrae;
2410 259 2475 279 non
2492 249 2524 279 in
2575 263 2577 265 v

1482 292 1502 322 li

1462 302 1480 322 a
1505 299 1677 367 lei)X.acAnd
1687 335 1862 365 secundum
1885 334 2144 372 fundamentum,
2169 337 2258 376 quod
2283 337 2362 368 tanti
2383 336 2428 373 fit,
2452 336 2525 367 dici—

1463 387 1515 411 tur
1529 381 1618 421 quod
1635 380 1728 410 etiam
1745 378 1879 409 infidelis
1899 385 2004 419 potest
2026 379 2059 409 in
2078 379 2187 420 aliquo
2203 387 2274 411 actu
2289 381 2404 412 habere
2418 382 2524 412 Deum

1464 431 1499 455 ut
1518 424 1615 455 finem
1631 431 1760 454 naturae
1777 430 1807 454 et
1827 423 1978 453 ultimum
1993 421 2100 459 finem,
2118 430 2248 463 propter
2262 424 2403 464 seipsum
2418 425 2524 456 Deum

1463 479 1628 499 summurn
1644 469 1777 498 bonum.
1794 468 1903 497 Potest
1918 466 2013 503 enim,
2031 473 2067 497 ut
2090 467 2211 497 dictum
2226 474 2273 498 est
2285 467 2314 504 *‚
2335 477 2525 508 cognoscere
2551 476 2562 487 ⁸

1464 522 1501 543 ex
1523 512 1728 553 philosophia
1750 512 1855 542 Deum
1875 521 1942 541 esse
1961 521 2126 541 summum
2149 511 2274 542 bonum
2288 511 2426 542 universi
2442 519 2526 544 extra

1463 556 1552 593 illud,
1566 564 1596 588 et
1610 556 1706 587 finem
1721 555 1872 586 ultimum
1884 555 2046 591 omnium;
2065 562 2095 586 et
2111 555 2234 595 operari
2248 555 2370 586 iustum
2384 555 2524 596 aliquod,

1464 607 1501 631 etv
1517 601 1629 640 eligere
1652 600 1838 630 vitationem
1861 599 2039 635 malorum,
2064 606 2141 639 puta
2163 598 2342 638 homicidii,
2366 599 2524 636 adulterii,

1464 655 1503 675 ne
1523 645 1614 675 faciat
1636 644 1800 679 iniustum,
1817 644 1916 684 quod,
1933 643 2009 684 quia
2028 644 2151 674 malum
2168 650 2222 679 est,
2241 643 2381 674 dissonat
2396 653 2524 674 summo

1463 690 1568 725 bono;
1586 695 1616 719 et
1630 688 1773 718 similiter
1787 688 1820 717 in
1834 687 1985 718 faciendis
2002 688 2103 724 bonis,
2115 688 2189 728 quia
2203 693 2381 718 consonant
2395 698 2524 718 summo

1464 734 1562 764 bono.

1519 778 1587 808 XX.
1614 777 1649 807 In
1665 776 1723 806 hac
1740 782 1844 806 tamen
1858 785 1893 807 re
1909 776 1987 806 scito
2011 776 2100 816 'quod
2116 776 2219 806 Deurn
2239 785 2306 806 esse
2323 775 2474 806 ultimum
2490 775 2524 806 fi-

1464 831 1538 852 nem
1555 821 1687 851 alicuius
1702 827 1789 850 actus
1803 819 1946 855 humani,
1958 826 2062 859 potest
2076 820 2257 860 contingere
2269 819 2444 860 dupliciter.
2461 820 2526 850 Pri—

2576 475 2646 498 Num.
2662 483 2700 498 xv.

1464 875 1531 902 mo,
1544 865 1632 905 quod
1651 864 1691 894 sit
1705 863 1776 893 finis
1793 862 1934 903 explicite
1950 863 2089 894 intentus
2105 865 2144 894 ab
2161 871 2311 904 operante
2327 864 2468 894 homine.
2485 864 2527 894 Et
2560 883 2562 885 v

1464 909 1525 940 hoc
1540 909 1638 939 modo
1651 908 1771 938 dictum
1783 907 1856 937 est*
1865 907 1953 947 quod
1967 908 2117 947 possibile
2129 915 2176 939 est
2184 908 2350 939 hominem
2365 907 2526 939 infidelem

1465 954 1578 984 habere
1593 953 1698 983 Deum
1715 958 1750 982 ut
1773 951 1924 981 ultimum
1942 950 2050 988 finem,
2067 959 2098 983 et
2113 962 2308 992 perseverare
2334 953 2402 983 sine
2416 952 2524 993 gratia.

1517 997 1675 1032 Secundo,
1699 996 1788 1036 quod
1811 995 1850 1025 sit
1873 994 1944 1025 finis
1967 1005 2032 1025 non
2056 996 2199 1036 explicite
2221 997 2371 1033 intentus,
2389 997 2442 1027 sed
2466 996 2525 1027 im-

1465 1041 1579 1082 plicite,
1596 1041 1635 1071 ab
1659 1046 1808 1080 operante
1831 1039 1972 1075 homine,
1988 1046 2019 1070 et
2035 1047 2070 1070 ut
2093 1040 2210 1071 directo
2222 1040 2240 1059 *
2255 1042 2293 1072 ab
2317 1041 2460 1081 explicite
2478 1041 2526 1071 in-

1464 1086 1611 1116 tendente
1633 1085 1726 1115 illum
1750 1083 1900 1114 ultimum
1919 1082 2027 1114 finem.
2051 1084 2147 1115 Verbi
2166 1085 2275 1124 gratia,
2297 1085 2323 1116 si
2344 1085 2458 1126 aliquis
2476 1085 2525 1116 in-

1464 1129 1580 1165 fidelis,
1604 1129 1655 1159 vel
1677 1129 1710 1158 in
1734 1127 1861 1158 mortali
1884 1134 2014 1167 peccato
2046 1127 2196 1165 existens,
2219 1129 2299 1159 nihil
2322 1129 2464 1170 cogitans
2487 1130 2526 1160 de

1465 1174 1545 1209 Deo,
1569 1174 1705 1203 honoret
1728 1178 1904 1212 parentem,
1930 1172 2039 1202 reddat
2061 1172 2261 1212 depositum,
2286 1180 2317 1204 et
2340 1173 2526 1204 huiusmodi

1465 1217 1566 1254 faciat,
1579 1217 1709 1258 quando
1726 1222 1861 1256 oportet,
1879 1215 1933 1246 ubi
1949 1222 2085 1255 oportet,
2101 1216 2182 1247 sicut
2197 1223 2333 1256 oportet,
2351 1224 2382 1248 et
2396 1225 2527 1258 propter

1465 1262 1550 1292 hunc
1572 1261 1678 1297 finem,
1697 1261 1813 1290 scilicet
1831 1260 1906 1300 quia
1922 1259 2065 1290 debitum
2088 1258 2135 1290 est
2150 1261 2239 1301 quod
2254 1261 2298 1291 sic
2311 1260 2378 1292 fiat:
2395 1268 2471 1293 tunc
2486 1272 2524 1292 ex

1465 1305 1527 1336 hoc
1550 1306 1620 1346 ipso
1643 1305 1732 1346 quod
1755 1304 1842 1335 nulla
1865 1303 1948 1334 mala
1977 1303 2210 1335 circumstantia
2231 1304 2403 1344 iungitur,¹
2419 1305 2528 1336 nullus

1466 1349 1536 1380 finis
1552 1349 1654 1380 malus
1672 1348 1843 1389 apponitur
1864 1349 1903 1378 ad
1920 1358 1986 1378 esse
2002 1348 2146 1379 debitum
2167 1358 2222 1379 seu
2241 1349 2431 1386 virtuosum,
2447 1349 2528 1380 affir-

1466 1401 1570 1425 matur
1593 1394 1723 1434 quidem
1746 1392 1832 1428 finis,
1857 1393 1912 1423 sed
1935 1402 2001 1422 non
2024 1392 2198 1423 affirmatur
2220 1393 2353 1424 ultimus
2376 1393 2527 1434 simplici-

1466 1445 1521 1474 ter,
1538 1438 1593 1468 sed
1609 1438 1688 1468 inter
1705 1443 1903 1467 occurrentes
1924 1443 1979 1467 aut
1994 1437 2139 1477 cognitos
2151 1437 2225 1473 sibi;
2242 1437 2432 1478 relinquitur
2446 1439 2527 1468 ordo

1466 1482 1551 1513 illius
1574 1481 1645 1512 finis
1668 1481 1803 1522 proximi
1832 1481 1872 1511 ad
1894 1480 1992 1511 finem
2024 1481 2176 1512 ultimum
2195 1481 2383 1512 inviolatus.
2401 1485 2448 1513 Ac
2471 1492 2528 1522 per

1466 1527 1538 1563 hoc,
1555 1526 1670 1557 faciens
1695 1525 1837 1565 explicite
1860 1532 1990 1565 propter
2007 1524 2105 1556 finem
2124 1526 2318 1576 proximum,
2333 1525 2409 1557 facit
2420 1526 2528 1566 impli-

1467 1571 1526 1602 cite
1549 1577 1677 1610 propter
1698 1569 1794 1600 finem
1811 1569 1963 1600 ultimum
1980 1569 2065 1600 illius
2081 1569 2152 1600 finis
2167 1569 2314 1612 proximi,
2331 1570 2527 1611 quicumque

1466 1615 1519 1646 ille
1541 1615 1591 1646 sit.
1614 1615 1654 1645 Et
1672 1624 1779 1644 rursus
1794 1613 1911 1644 faciens
1926 1613 2070 1654 explicite
2085 1621 2215 1654 propter
2229 1614 2416 1645 huiusmodi
2429 1613 2527 1645 finem

1468 1659 1664 1709 proximum,
1688 1658 1751 1698 agit
1774 1665 1810 1688 ut
1839 1657 1975 1697 dirigens
2005 1658 2146 1698 seipsum
2173 1665 2317 1699 respectu
2346 1658 2433 1689 iuius
2455 1658 2527 1689 finis

1467 1703 1619 1743 proximi.
1644 1710 1674 1733 et
1697 1710 1732 1733 ut
1755 1702 1889 1732 directus
1912 1712 1931 1732 a
1954 1702 2063 1732 datore
2085 1702 2232 1739 rationis,
2256 1703 2359 1742 agitur
2381 1710 2526 1743 respectu

1467 1747 1537 1778 finis
1561 1747 1673 1778 ultimi.

1521 1792 1562 1822 Et
1584 1792 1646 1822 hoc
1669 1792 1808 1822 secundo
1833 1791 1932 1821 modo
1955 1791 2128 1831 aliquando
2152 1790 2267 1822 sufficit
2288 1790 2404 1822 habere
2421 1791 2528 1822 Deum

1466 1845 1524 1876 pro
1549 1835 1662 1866 ultimo
1694 1835 1755 1866 fine
1786 1842 1873 1866 actus
1899 1835 2050 1871 humani,
2079 1836 2118 1865 ad
2146 1835 2209 1865 hoc
2231 1842 2268 1866 ut
2289 1841 2378 1866 actus
2401 1844 2468 1866 non
2490 1835 2531 1866 sit

1466 1880 1569 1910 malus
1586 1890 1623 1910 ex
1638 1879 1759 1910 defectu
1782 1879 2033 1910 circumstantiae
2050 1879 2154 1910 ultimi
2169 1878 2241 1909 finis
2256 1879 2417 1910 naturalis.
2436 1879 2528 1910 Prae-

1466 1930 1595 1964 ceptum
1614 1932 1751 1964 namque
1770 1931 1899 1954 naturae
1916 1924 1955 1954 de
1970 1923 2117 1954 habendo
2133 1924 2240 1954 Deum
2259 1933 2319 1964 pro
2335 1923 2450 1954 ultimo
2465 1917 2530 1955 fine

1466 1968 1618 2008 explicite,
1644 1978 1717 1998 cum
1741 1968 1780 1998 sit
1802 1968 2035 2004 affirmativum,
2052 1978 2118 1998 non
2141 1967 2262 2008 obligat
2279 1968 2319 1999 ad
2337 1977 2471 2008 semper.
2489 1968 2530 1998 Et

1466 2022 1541 2043 cum
1564 2012 1604 2043 sit
1626 2013 1664 2042 de
1687 2022 1725 2043 eo
1749 2012 1839 2052 quod
1861 2018 1935 2052 post
1957 2012 2098 2043 multum
2120 2011 2263 2043 studium
2287 2012 2529 2052 adimplendum

1466 2064 1530 2093 est,
1555 2063 1726 2096 postquam
1757 2056 1874 2087 scilicet
1902 2056 2004 2086 homo
2032 2056 2174 2097 explicite
2197 2056 2307 2087 didicit
2329 2066 2396 2087 esse
2426 2065 2529 2087 unum

1467 2101 1587 2136 Deum,
1609 2108 1676 2136 etc.;
1703 2107 1825 2131 constat
1847 2101 1936 2141 quod
1960 2111 2025 2131 non
2050 2100 2168 2140 obligat
2191 2110 2250 2140 pro
2273 2100 2363 2131 omni
2385 2107 2530 2141 tempore

1466 2155 1532 2186 quo
1561 2145 1661 2175 homo
1692 2151 1841 2184 operatur
1870 2145 2011 2175 humana
2037 2154 2143 2185 opera.
2169 2147 2216 2175 Ac
2238 2153 2296 2185 per
2317 2145 2389 2181 hoc,
2413 2144 2529 2175 sufficit

1466 2190 1661 2230 quandoque
1688 2189 1840 2229 implicite
1862 2189 1976 2219 habere
2001 2189 2108 2219 Deum
2130 2199 2190 2229 pro
2213 2189 2328 2220 ultimo
2353 2188 2416 2220 fine
2439 2195 2531 2220 nam,

1466 2233 1524 2264 rali
1546 2231 1600 2275 (de
1622 2234 1692 2263 Deo
1716 2240 1822 2264 autem
1847 2241 1882 2264 ut
1904 2232 1975 2263 finis
1995 2240 2042 2263 est
2059 2233 2317 2273 supernaturalis,
2336 2243 2403 2263 uon
2424 2233 2530 2269 est'sd

1467 2287 1614 2318 praesens
1637 2276 1766 2320 sermo).
1791 2278 1832 2308 Et
1847 2278 1923 2318 quia
1937 2277 2071 2317 quilibet
2085 2278 2263 2308 secundum
2281 2283 2379 2308 certas
2397 2277 2531 2308 circum.—

1467 2322 1595 2353 stantias
1619 2321 1735 2352 faciens
1759 2329 1866 2352 actum
1889 2321 2050 2352 moraliter
2071 2322 2205 2358 bonum,
2221 2328 2326 2362 potest
2341 2327 2428 2352 actus
2447 2321 2530 2352 mul·-

1467 2373 1517 2397 tos
1534 2376 1571 2396 ex
1587 2366 1673 2406 puris
1693 2366 1888 2396 naturalibus
1903 2366 1947 2396 sic
1963 2365 2079 2402 facere;
2095 2374 2296 2406 consequens
2312 2372 2358 2396 est
2373 2373 2410 2396 ut
2425 2366 2526 2396 homo

2553 915 2562 924 ·
2577 914 2648 936 Num.
2658 914 2764 941 praeced.

2552 1044 2563 1055 ⁸
2574 1042 2663 1066 dir’ecte
2670 1044 2688 1066 Ρ
2696 1047 2719 1067 et
2728 1044 2764 1066 ed.

2553 1076 2608 1098 1514.

1467 2410 1500 2441 in
1524 2417 1606 2441 statu
1640 2417 1804 2450 corruptae
1835 2417 1979 2446 naturae,
1996 2410 2158 2441 adiuncto
2181 2410 2277 2441 etiam
2298 2416 2382 2441 statu
2411 2409 2543 2450 peccati.
2564 2407 2566 2409 ’

1467 2455 1620 2492 mortalis,
1643 2461 1747 2494 potest
1770 2454 1870 2485 facere
1886 2454 2026 2495 aliquem
2042 2461 2150 2485 actum
2164 2453 2325 2485 moraliter
2341 2454 2464 2484 bonum
2480 2463 2527 2484 se-

1467 2499 1610 2531 cundum
1633 2508 1745 2528 ornnes
1769 2499 2034 2535 circumstantias,
2058 2498 2102 2529 ita
2125 2499 2213 2539 quod
2236 2498 2269 2528 in
2293 2498 2383 2528 nullo
2407 2497 2530 2529 deficiat

1468 2543 1576 2584 quoad
1598 2543 1691 2573 illum
1714 2549 1821 2573 actum
1844 2543 2045 2583 singularem.

1519 2587 1602 2618 XXI.
1619 2587 1669 2617 Ad
1692 2586 1821 2622 tertium
1843 2587 2089 2618 fundamentum
2118 2586 2233 2617 dicitur
2252 2586 2354 2627 quod,
2373 2586 2449 2627 quia
2464 2592 2530 2617 ten-

1468 2631 1683 2666 tationesnon
1699 2631 1806 2661 solum
1823 2638 1932 2662 contra
1946 2630 2080 2662 moralia
2096 2637 2186 2667 sunt3
2203 2637 2233 2661 et
2246 2630 2440 2671 inquantum
2455 2635 2531 2661 sunt

1468 2686 1485 2706 a
1518 2676 1687 2710 daemone,
1717 2682 1832 2706 exeunt
1862 2675 1979 2706 limites
2001 2675 2196 2706 naturalium
2224 2674 2529 2714 impedimentorum

1467 2719 1562 2750 etiam
1577 2726 1719 2759 respectu
1737 2719 1918 2756 moralium,
1935 2719 2011 2760 quia
2026 2719 2146 2750 invidia
2169 2719 2288 2750 diaboli
2306 2725 2451 2758 respectu
2471 2718 2531 2748 cel-

1468 2763 1614 2794 situdinis
1634 2763 1879 2803 supernaturalis
1896 2773 1984 2794 mors
1995 2765 2137 2794 introivit
2151 2764 2183 2794 in
2199 2763 2306 2794 orbem
2318 2768 2482 2794 terrarum
2494 2762 2528 2792 *ε

1466 2807 1540 2838 ideo
1564 2818 1630 2838 non
1654 2815 1772 2847 spectat
1795 2808 1835 2838 ad
1858 2807 2062 2848 propositum
2084 2807 2221 2838 obiectio
2245 2807 2285 2837 de
2306 2807 2480 2838 tentatione
2495 2813 2532 2838 ut

1468 2859 1514 2883 est
1537 2862 1555 2882 a
1579 2853 1744 2882 daemone.
1775 2853 1908 2892 Propter
1935 2853 2024 2892 quod
2053 2852 2086 2882 in
2109 2852 2211 2883 littera
2238 2851 2334 2882 etiam
2358 2851 2396 2881 de
2419 2857 2531 2882 natura

1467 2896 1587 2935 integra
1611 2896 1724 2926 dicitur
1746 2896 1846 2936 quod,
1862 2901 2017 2936 quantum
2041 2896 2085 2927 ad
2098 2895 2326 2937 sufficientiam
2346 2895 2530 2936 operativae

1468 2941 1605 2977 virtutis,
1621 2945 1751 2980 poterat
1773 2941 1866 2971 homo
1883 2950 1947 2980 per
1968 2950 2028 2971 sua
2053 2940 2220 2971 naturalia
2242 2941 2372 2980 operari
2393 2940 2531 2970 bonum:

1468 2984 1545 3015 dixit
1566 2994 1705 3024 namque
1727 2984 1788 3014 hoc
1811 2991 1847 3015 ut
1870 2992 2080 3024 praeservaret
2102 2984 2280 3016 doctrinam
2303 2993 2395 3014 suam
2417 2984 2456 3014 ab
2472 2983 2530 3015 hu·

1467 3028 1608 3059 iusmodi
1635 3035 1719 3058 extra
1750 3035 1896 3059 naturam
1928 3029 2174 3068 impedimentis.
2202 3029 2248 3059 Ita
2275 3028 2364 3069 quod
2396 3027 2531 3059 dicimus

1468 3073 1570 3113 quod,
1595 3079 1752 3113 quantum
1776 3079 1822 3103 est
1844 3083 1881 3102 ex
1903 3072 2090 3103 sufficientia
2112 3073 2229 3103 virium
2251 3072 2392 3108 animae,
2415 3082 2451 3102 ac
2474 3081 2530 3112 per

1468 3117 1530 3148 hoc
1553 3116 1721 3147 relatarum
1745 3117 1785 3146 ad
1808 3117 1962 3148 naturalia
1984 3117 2212 3157 impedimenta
2229 3115 2287 3159 (sic
2302 3116 2388 3147 enim
2404 3123 2532 3156 opormt

1468 3160 1581 3191 referre
1605 3161 1885 3201 proportionaliter
1903 3161 2028 3200 singula
2046 3159 2202 3203 singulis),
2218 3161 2319 3191 homo
2336 3167 2466 3191 naturae
2481 3160 2530 3191 in·

1468 3211 1571 3244 tegrae
1584 3215 1696 3235 omnes
1709 3215 1785 3235 suos
1799 3212 1897 3241 actm,
1910 3212 2040 3236 naturae
2049 3215 2125 3236 vero
2142 3211 2309 3246 corruptae
2324 3215 2390 3235 non
2406 3214 2528 3240 omnes,

1469 3249 1522 3279 sed
1540 3249 1673 3290 aliquos,
1690 3256 1795 3289 potest
1810 3250 1913 3280 bonos
1929 3249 2090 3280 moraliter
2105 3249 2215 3280 facere.
2237 3249 2352 3280 Utrum
2369 3251 2478 3280 autem‘
2493 3257 2530 3279 u

1469 3293 1517 3323 his
1547 3303 1629 3334 quae
1660 3294 1837 3324 naturalem
1865 3293 2011 3324 ordinem
2039 3300 2173 3332 exeunt,
2203 3293 2292 3324 aliter
2315 3293 2370 3329 sit,
2393 3301 2460 3324 non
2483 3298 2531 3322 est

1467 3338 1639 3377 praesentis
1661 3337 1863 3374 intentionis,
1889 3337 1943 3368 ubi
1969 3337 2186 3368 necessitatem
2209 3337 2325 3377 gratiae
2349 3345 2387 3367 ex
2407 3334 2527 3385 insuffi-

1469 3381 1582 3412 cientia
1605 3388 1711 3412 nostra
1734 3361 1868 3412 naturali
1888 3381 2080 3422 quaerimus.

1525 3426 1623 3456 XXII.
1649 3426 1683 3456 In
1707 3426 1914 3465 responsione
1937 3426 1978 3456 ad
1993 3425 2145 3465 primum,
2162 3424 2336 3455 videndum
2352 3430 2433 3454 esset
2449 3433 2529 3464 quo-

1468 3470 1567 3500 modo
1590 3469 1737 3500 voluntas
1757 3476 1827 3510 eget
1843 3469 1948 3500 divina
1963 3469 2108 3500 motione
2123 3469 2164 3500 ad
2179 3468 2320 3508 primum
2335 3474 2452 3503 actum,
2469 3467 2529 3498 nisi

1469 3514 1613 3554 superius
1636 3513 1668 3544 in
1688 3524 1742 3554 qu.
1759 3523 1804 3550 ιι,
1828 3520 1884 3544 art.
1901 3523 1936 3552 4,
1962 3513 2142 3543 discussum
2164 3511 2283 3543 fuisset.

2555 2765 2629 2796 ‘'S-sp.
2641 2772 2661 2790 e.
2671 2763 2773 2794 usvers.

2557 2799 2593 2820 24·

2830 3556 2840 3667 sam„
2833 3502 2840 3549 ..mm
2831 3468 2840 3492 2..

2835 3978 2840 4005 ..Α
2832 3949 2840 3969 :-
2832 3867 2840 3941 x-...h-
2832 3812 2840 3859 ω...-
2830 3754 2833 3763 r
