2840 4010
119 1001 127 1009 ‘⁴
142 1000 207 1021 Vers.
223 999 244 1020 S.

114 1261 165 1309 'SCa
184 1277 189 1283 .
200 1267 235 1287 111,
250 1267 272 1282 n.
283 1268 306 1287 4.
314 1272 324 1276 -

171 1289 192 1309 h.
207 1288 259 1309 lect.
274 1293 306 1308 111.

116 1419 165 1440 'ac
198 1424 230 1444 ιιι,
242 1424 266 1439 ιι.
276 1424 298 1445 17

113 1424 194 1466 ἃΊΙῗι.
210 1445 260 1466 lect.
272 1450 323 1465 vm.

212 1515 226 1549 β

114 1634 123 1643 '¹
138 1632 206 1654 Vers.
220 1638 248 1660 ¹3·

110 1953 121 1963 ‘
136 1951 202 1973 Vers.
218 1951 257 1978 46.

112 2006 121 2016 ⁸
136 2004 202 2026 Vers.
217 2009 251 2031 29.

113 2216 122 2224 “
135 2214 187 2235 Art.
202 2219 216 2235 ι.

367 171 438 205 124

982 157 1246 203 QUAESTIO
1277 156 1505 202 LXXXVII,
1535 157 1830 195 ARTICULUS
1860 160 1909 195 III

360 238 460 267 mines
483 238 586 267 salvos
609 237 674 267 fieri
699 237 923 271 antecedenter,
948 235 1015 265 vult
1039 234 1133 264 etiam
1152 234 1195 263 eis
1214 233 1344 273 gratiam
1364 243 1417 263 an·
1443 232 1445 271 Ι
1472 243 1553 264 nova
1581 234 1717 265 vitanda.
1747 236 1788 266 Et
1815 236 2022 267 nihilominus
2046 238 2078 267 in
2102 245 2255 278 potestate
2284 239 2455 289 peccatoris
2486 246 2532 270 est

359 282 543 317 tecedenter‚
561 281 640 311 sicut
655 287 685 311 et
704 280 921 310 rectitudinem
942 286 1037 308 actuS.
1054 278 1094 307 Et
1108 277 1179 307 licet
1194 277 1328 307 carentia
1350 287 1417 316 gra-

359 325 419 355 tiae
443 324 615 355 formaliter
633 325 671 354 sit
687 324 819 364 privatio
843 322 1024 356 habitualis,
1050 320 1220 351 virtualiter
1242 327 1348 350 tamen
1373 327 1418 351 est

359 369 491 407 privatio
511 369 638 398 actualis
655 367 760 398 auxilii
777 366 815 396 ad
832 365 1049 396 rectitudinem
1063 371 1159 400 actus,
1174 371 1204 395 et
1218 364 1319 394 multa
1334 364 1416 394 mala

1471 287 1630 317 resurgere
1655 288 1672 308 a
1691 285 1819 318 peccato
1844 280 1883 309 ad
1906 280 2047 319 gratiam,
2072 281 2152 312 sicut
2168 289 2197 312 et
2212 289 2293 313 recte
2317 283 2449 322 operari,
2473 283 2530 313 sci-

1470 321 1542 352 licet
1562 321 1662 352 facere
1679 323 1767 362 quod
1785 323 1818 352 in
1835 333 1867 353 se
1884 330 1938 354 est.
1959 324 2052 354 Unde
2067 324 2290 356 dissimilitudo
2306 326 2387 357 inter
2400 327 2530 366 gratiam

1470 365 1661 396 habitualem
1687 373 1716 396 et
1740 366 1909 402 actualem,
1935 366 2080 403 admissa,
2105 368 2184 398 nihil
2207 369 2320 400 obstat.

1158 515 1474 557 ARTICULUS
1503 517 1730 559 TERTIUS

686 599 840 630 UTRUM
864 599 1059 636 ALIQUOD
1083 598 1320 630 PECCATUM
1345 599 1538 630 INDUCAT
1563 601 1745 631 REATUM
1768 596 2001 633 AETERNAE
2025 602 2197 634 POENAE

532 671 599 695 Part.
613 670 652 699 111,
673 677 717 701 qu.
737 676 833 698 Lxxxvr,
853 674 899 695 art.
918 677 948 700 4;
968 669 987 693 Il
1009 669 1091 698 Sent„
1112 669 1169 693 dist.
1187 676 1246 698 xm,
1267 676 1310 701 qu.
1329 676 1346 697 ι,
1366 674 1413 693 art.
1434 668 1463 699 5;
1483 669 1525 699 IV,
1545 669 1603 693 dist.
1617 677 1666 698 xx1,
1686 677 1731 701 qu.
1749 678 1766 699 1,
1786 676 1831 695 art.
1853 679 1875 701 2,
1895 674 1940 704 qu·
1960 672 1988 703 3;
2009 673 2065 697 dist.
2084 681 2150 704 x1.v1‚
2170 681 2215 705 qu.
2233 681 2250 702 ι,
2269 678 2315 698 art.
2336 673 2365 704 3;

373 708 404 732 111
426 708 500 731 Cont.
523 706 891 737 Gent„cap.cx1,111,cxmv;
912 704 953 728 De
971 704 1054 733 M,alo
1075 712 1119 736 qu.
1132 711 1175 733 vn,
1195 709 1240 729 art.
1261 711 1302 734 10,
1321 704 1464 735 Compend.
1483 703 1579 733 leeol„
1600 712 1655 736 cap.
1670 711 1792 736 σιιιιιιιιιις
1813 706 1843 730 In
1859 690 1965 736 ilatth„
1985 715 2041 740 cap.
2054 715 2117 737 xxv;
2131 709 2174 732 Ad
2187 708 2274 738 Rom„
2294 716 2349 741 cap.
2364 716 2391 740 ιι,
2410 709 2469 734 lect.
2482 716 2511 734 11.

395 818 417 837 Γ,
550 797 590 821 D
610 796 768 821 TERTHJM
788 796 840 821 SIC
864 796 1102 821 PROCEDITUR.
1131 783 1290 820 Videtur
1309 783 1413 832 quod

418 835 433 857 ³
483 833 542 886 ’ἲῆ
569 838 714 873 nullum
733 845 933 885 peccatum
953 837 1106 873 inducat
1129 844 1275 872 reatum
1295 843 1413 872 aeter-

354 995 465 1033 Unde
493 962 626 1032 dicitur
655 995 772 1031 Isaiae
802 1007 898 1031 xxvn
925 994 965 1031 *ε
994 996 1040 1031 In
1070 1005 1246 1031 mensura
1281 999 1412 1031 contra

353 1059 582 1094 mensuram,
596 1060 681 1085 cum
700 1048 842 1084 abiecta
851 1048 985 1095 fuerit,
998 1047 1174 1084 iudicabit
1189 1052 1205 1067 α
1225 1058 1321 1083 eam.
1335 1046 1412 1083 Sed

352 1107 552 1150 peccatum
574 1108 629 1137 est
643 1101 863 1148 temporale.
885 1101 986 1147 Ergo
1007 1112 1086 1136 non
1104 1099 1246 1136 inducit
1266 1106 1411 1135 reatum

352 1165 502 1202 poenae
535 1161 722 1190 aeternae.

407 1218 442 1242 2.
463 1207 694 1252 PRAETEREA,
709 1217 857 1253 poenae
884 1204 1092 1241 medicinae
1111 1205 1295 1252 quaedam
1314 1210 1410 1250 sunt,

352 1266 393 1295 ut
422 1257 555 1295 dicitur
577 1258 615 1294 in
637 1259 667 1294 II
687 1258 806 1294 Ethic.
822 1257 842 1278 ’¹‘
872 1257 948 1294 Sed
967 1257 1069 1293 nulla
1089 1256 1279 1293 medicina
1299 1256 1412 1293 debet

353 1324 434 1348 esse
463 1310 625 1348 infinita:
656 1310 747 1358 quia
775 1309 971 1347 ordinatur
990 1309 1038 1346 ad
1061 1309 1199 1355 finem3
1229 1309 1331 1357 quod
1347 1322 1412 1348 au-

352 1372 430 1401 tem
450 1364 646 1400 ordinatur
664 1363 715 1400 ad
725 1364 861 1410 finem,
883 1374 957 1399 non
978 1368 1031 1398 est
1048 1362 1244 1409 infinitum,
1266 1369 1306 1398 ut
1325 1362 1411 1398 Phi-

313 1418 535 1465 ·losophus
551 1416 649 1463 dicit,
666 1416 704 1453 in
720 1417 734 1452 I
754 1415 859 1458 Polit.
876 1415 896 1436 ²¹³
911 1416 1013 1463 Ergo
1033 1415 1134 1451 nulla
1153 1426 1279 1463 poena
1299 1414 1411 1452 debet

353 1482 434 1506 esse
468 1469 625 1506 infinita.

408 1523 441 1559 3.
464 1523 695 1568 PRAETEREA,
713 1521 837 1557 nullus
857 1519 1038 1568 semperl3
1057 1519 1144 1556 facit
1164 1519 1316 1567 aliquid,
1338 1520 1409 1558 nisi

350 1583 505 1624 propter
533 1587 572 1611 se
602 1574 642 1611 in
668 1574 750 1622 ipso
781 1573 997 1610 delectetur.
1029 1573 1104 1609 Sed
1133 1573 1236 1610 Deus
1256 1585 1330 1609 non
1350 1574 1410 1610 de-

351 1629 507 1665 lectatur
526 1628 562 1664 in
578 1627 786 1675 perditione
803 1626 1010 1672 hominum,
1031 1633 1072 1661 ut
1092 1625 1224 1662 dicitur
1243 1626 1329 1674 Sap.
1353 1625 1408 1663 1³⁸.

351 1682 452 1729 Ergo
481 1692 560 1716 non
588 1679 718 1728 puniet
746 1678 920 1715 homines
949 1690 1076 1726 poena
1105 1677 1345 1726 sempiterna.

403 1745 440 1780 4.
461 1734 693 1779 PRAETEREA,
723 1731 814 1767 nihil
844 1731 948 1778 quod
977 1737 1033 1766 est
1051 1742 1120 1779 per
1147 1730 1333 1778 accidens,
1355 1739 1411 1768 est

350 1786 539 1823 infinitum
559 1790 586 1822 Υ.
609 1785 684 1822 Sed
705 1796 830 1833 poena
850 1791 905 1820 est
924 1795 992 1832 per
1021 1783 1216 1820 accidens:
1247 1795 1325 1820 non
1354 1791 1410 1821 est

351 1839 453 1876 enim
482 1838 692 1875 secundum
721 1844 895 1873 naturam
922 1836 1000 1872 eius
1030 1836 1094 1883 qui
1112 1836 1275 1895 punitur.
1307 1837 1408 1885 Ergo

350 1904 428 1928 non
455 1898 580 1940 potest
606 1891 644 1927 in
672 1890 862 1927 infinitum
891 1889 1038 1926 durare.

404 1946 477 1981 SED
495 1955 640 1980 CONTRA
654 1955 720 1979 EST
735 1943 838 1991 quod
859 1941 993 1978 dicitur
1008 1941 1141 1978 Matth.
1157 1953 1229 1978 xxv
1243 1941 1278 1978 *τ
1298 1943 1412 1979 Ibunt

349 1998 390 2034 hi
407 1998 444 2033 in
467 1996 688 2045 supplicium
708 2001 913 2032 aeternum.
944 1995 992 2031 Et
1016 1995 1134 2031 Mare.
1157 2006 1191 2031 111
1210 1994 1231 2016 ’¹‘
1259 1994 1409 2032 dicitur:

355 2050 429 2092 Qui
454 2055 578 2086 autem
607 2047 919 2097 blasphemaverit
944 2047 980 2083 in
1011 2047 1188 2095 Spiritum
1214 2048 1409 2094 Sanctum,

351 2115 426 2140 non
441 2102 588 2139 habebit
606 2102 859 2138 remissionem
877 2101 914 2136 in
934 2105 1139 2146 aeternum,
1154 2100 1221 2136 sed
1237 2101 1307 2137 erit
1325 2113 1410 2137 reus

350 2156 494 2192 aeterni
520 2154 650 2191 delicti.

404 2209 628 2245 RESPONDEO
647 2218 830 2244 DICENDUM
850 2205 966 2254 quod,
983 2204 1078 2242 sicut
1097 2217 1211 2254 supra
1228 2206 1248 2226 ²¹¹
1266 2205 1408 2243 dictum

351 2269 417 2308 est,
434 2268 632 2309 peccatum
648 2272 693 2296 ex
707 2261 782 2296 hoc
800 2258 944 2295 inducit
962 2265 1109 2295 reatum
1128 2270 1288 2306 poenae,
1306 2259 1409 2307 quod

349 2313 529 2362 pervertit
550 2313 715 2361 aliquem
736 2311 922 2348 ordinem.
939 2311 1119 2348 Manente
1136 2318 1263 2347 autem
1284 2323 1408 2358 causa,

350 2368 479 2403 manet
499 2365 665 2402 effectus.
695 2365 805 2402 Unde
831 2363 1000 2411 quandiu
1022 2364 1248 2412 perversitas
1268 2363 1409 2401 ordinis

351 2426 532 2466 remanet,
562 2430 717 2455 necesse
746 2424 801 2453 est
829 2416 934 2465 quod
957 2424 1152 2453 remaneat
1174 2424 1298 2453 reatus
1317 2429 1409 2465 poe-

350 2483 433 2508 nae.
463 2471 646 2508 Pervertit
674 2477 800 2507 autem
830 2469 962 2517 aliquis
982 2469 1156 2506 ordinem
1178 2469 1409 2518 quandoque

351 2524 507 2573 quidem
537 2522 804 2572 reparabiliter,
826 2522 1057 2570 quandoque
1082 2530 1208 2558 autem
1228 2522 1409 2570 irrepara-

350 2576 481 2614 biliter.
522 2577 682 2624 Semper
721 2575 822 2612 enirn
863 2575 1029 2611 defectus
1066 2586 1143 2622 quo
1182 2575 1410 2611 subtrahitur

349 2629 599 2688 principium,
629 2627 879 2686 irreparabilis
912 2635 986 2664 est:
1021 2627 1050 2663 si
1083 2635 1212 2664 autem
1245 2628 1410 2664 salvetur

349 2681 577 2731 principium
606 2679 636 2740 δῖ
662 2681 740 2717 eius
767 2680 903 2717 virtute
933 2680 1100 2716 defectus
1129 2680 1294 2739 reparari
1322 2693 1409 2729 pos-

350 2742 446 2772 sunt.
478 2734 582 2771 Sicut
610 2734 639 2770 si
668 2740 928 2781 corrumpatur
964 2732 1195 2792 principium
1218 2733 1406 2780 visivurn,

350 2800 428 2824 non
455 2794 580 2836 potest
607 2786 689 2823 fieri
715 2785 871 2822 visionis
900 2785 1098 2833 reparatio,
1128 2785 1198 2821 nisi
1227 2786 1307 2822 sola
1334 2785 1408 2823 vir-

349 2848 426 2876 tute
448 2840 595 2877 divina:
621 2839 650 2875 si
669 2850 776 2885 vero,
798 2839 903 2874 salvo
924 2837 1107 2886 principio
1127 2838 1263 2885 visivo,
1284 2838 1409 2887 aliqua

349 2893 623 2941 impedimenta
651 2891 856 2928 adveniant
877 2890 1027 2937 visioni,
1057 2891 1221 2938 reparari
1250 2898 1409 2939 possunt

348 2958 417 2994 per
445 2953 619 2982 naturam
638 2945 700 2981 vel
719 2956 788 2992 per
807 2951 938 2980 artem.
970 2943 1177 2979 Cuiuslibet
1202 2951 1328 2980 autem
1350 2957 1409 2981 or-

351 2998 445 3035 dinis
466 3005 520 3034 est
549 2998 703 3045 aliquod
735 2996 975 3046 principium,
996 3007 1064 3043 per
1084 2996 1187 3043 quod
1217 2996 1347 3044 aliquis
1367 2997 1410 3033 fit

350 3051 535 3099 particeps
564 3050 658 3086 illius
688 3049 840 3086 ordinis.
871 3050 920 3085 Et
947 3048 1034 3085 ideo
1064 3048 1094 3084 si
1121 3060 1189 3096 per
1208 3057 1407 3096 peccatum

351 3111 614 3152 corrumpatur
632 3102 859 3152 principium
879 3101 1020 3138 ordinis
1050 3113 1126 3149 quo
1146 3101 1321 3137 voluntas
1340 3102 1408 3138 ho-

351 3156 460 3192 minis
480 3156 650 3192 subditur
678 3156 774 3202 Deo,
797 3154 864 3191 erit
883 3153 1126 3200 inordinatio,
1149 3161 1332 3202 quantum
1354 3162 1409 3190 est

351 3209 398 3245 de
419 3221 474 3255 se,
500 3208 759 3257 irreparabilis,
791 3207 858 3244 etsi
878 3206 1042 3255 reparari
1062 3206 1179 3254 possit
1198 3206 1334 3244 virtute
1356 3206 1408 3243 di-

350 3260 450 3297 vina.
482 3261 712 3309 Principium
741 3268 868 3297 autern
888 3259 999 3296 huius
1021 3259 1164 3296 ordinis
1185 3266 1239 3296 est
1257 3259 1407 3296 ultimus

404 3371 431 3405 α)
451 3372 585 3396 iudicabit.
604 3386 621 3390 -
641 3372 761 3397 iudicabo
781 3373 889 3397 codices.

405 3406 429 3438 β)
449 3414 559 3438 semper.
579 3421 595 3425 —
614 3408 718 3438 sapiens
738 3408 783 3431 Pa.

403 3443 429 3475 γ)
449 3447 487 3467 est
507 3442 637 3474 infinitum
668 3445 787 3473 -potest
807 3442 937 3474 infinitum
959 3443 1011 3467 dici
1030 3443 1081 3467 EF.

1467 783 1574 830 finis,
1606 783 1665 820 cui
1692 785 1812 820 horno
1840 785 2009 823 inhaeret
2035 799 2103 835 per
2132 788 2335 824 caritatem.
2365 788 2414 824 Et
2441 788 2528 826 ideo

1467 848 1734 884 quaecumque
1762 845 1917 884 peccata
1945 847 2119 876 avertunt
2147 853 2169 876 a
2196 841 2302 887 Deo,
2337 840 2528 878 caritatem

1468 889 1685 935 auferentia,
1713 896 1898 937 quantum
1928 899 1984 927 est
2012 892 2059 928 de
2089 905 2142 940 se,
2170 893 2354 929 inducunt
2382 901 2526 930 reatum

1468 948 1643 978 aeternae
1671 953 1830 990 poenae.
2430 955 2440 967 ·

1519 996 1577 1031 AD
1607 1006 1743 1031 PRIMUM
1771 1006 1868 1031 ERGO
1893 1007 2077 1032 DICENDUM
2102 997 2206 1044 quod
2225 1010 2351 1046 poena
2369 1006 2526 1047 peccato

1465 1047 1773 1095 proportionatur
1797 1047 2009 1084 secundum
2037 1049 2291 1097 acerbitatem,
2310 1058 2388 1087 tam
2411 1051 2449 1088 in
2471 1051 2526 1087 iu-

1467 1099 1563 1136 dicio
1594 1099 1722 1137 divino
1757 1112 1873 1148 quarn
1902 1100 1940 1136 in
1967 1101 2162 1148 humano,
2191 1101 2284 1139 sicut
2311 1107 2323 1124 ⁸
2350 1104 2526 1151 Augusti-

1466 1164 1538 1188 nus
1559 1152 1661 1199 dicit,
1687 1153 1775 1188 XXI
1796 1152 1841 1188 de
1865 1153 1943 1188 Civ.
1965 1153 2040 1188 Dei
2055 1152 2090 1189 *ε
2121 1154 2159 1190 in
2187 1155 2290 1190 nullo
2309 1155 2448 1192 iudicio
2469 1166 2526 1192 re-

1466 1204 1623 1252 quiritur
1654 1213 1695 1241 ut
1727 1217 1853 1252 poena
1886 1205 2121 1253 adaequetur
2153 1206 2284 1258 culpae
2313 1208 2525 1245 secundum

1466 1257 1715 1294 durationem.
1746 1258 1837 1294 Non
1866 1257 1968 1294 enirn
1997 1258 2085 1306 quia
2113 1255 2338 1296 adulterium
2370 1261 2433 1297 vel
2455 1261 2526 1298 ho-

1465 1309 1662 1347 micidium
1691 1310 1728 1346 in
1757 1318 1955 1347 momento
1983 1310 2239 1359 committitur,
2267 1319 2423 1361 propter
2449 1314 2524 1350 hoc

1465 1371 1735 1399 momentanea
1755 1375 1881 1411 poena
1899 1363 2073 1411 punitur:
2104 1364 2171 1401 sed
2191 1364 2423 1414 quandoque
2442 1365 2526 1414 qui-

1466 1415 1554 1452 dem
1574 1422 1758 1464 perpetuo
1780 1427 1929 1452 carcere
1944 1417 2005 1452 vel
2022 1415 2143 1463 exilio,
2161 1417 2394 1465 quandoque
2411 1417 2523 1455 etiam

1463 1476 1597 1505 morte.
1624 1470 1665 1504 In
1694 1480 1768 1516 qua
1797 1480 1875 1505 non
1896 1469 2154 1505 consideratur
2182 1469 2380 1506 occisionis
2401 1480 2524 1518 mora,

1465 1520 1532 1557 sed
1550 1521 1676 1569 potius
1705 1521 1808 1569 quod
1836 1521 1874 1557 in
1902 1528 2130 1570 perpetuum
2160 1522 2347 1559 auferatur
2365 1535 2388 1559 a
2407 1523 2524 1561 socie-

1463 1580 1538 1610 tate
1560 1573 1794 1622 viventium
1826 1581 1861 1610 et
1888 1573 1941 1610 sic
1960 1582 2215 1623 repraesentat
2234 1587 2304 1612 suo
2323 1576 2441 1612 modo
2463 1588 2524 1613 ae-

1463 1626 1675 1662 ternitatem
1703 1638 1852 1675 poenae
1880 1626 2044 1663 inflictae
2065 1627 2256 1664 divinitus.
2285 1629 2430 1665 Iustum
2458 1640 2524 1666 au⁴

1463 1678 1566 1730 tem<
1586 1686 1651 1726 est,
1669 1679 1880 1716 secundum
1901 1679 2129 1727 Gregorium
2142 1679 2174 1727 ²⁸,
2191 1681 2294 1728 quod
2314 1680 2431 1729 quiin
2451 1692 2522 1718 suo

1464 1739 1618 1768 aeterno
1652 1732 1825 1780 peccavit
1857 1739 1987 1768 contra
2019 1733 2168 1779 Deum,
2198 1732 2236 1770 in
2269 1739 2423 1770 aeterno
2451 1733 2525 1771 Dei

1462 1784 1650 1832 puniatur.
1690 1784 1834 1821 Dicitur
1869 1791 1996 1821 autem
2027 1785 2158 1833 aliquis
2195 1785 2234 1822 in
2269 1797 2338 1822 suo
2368 1791 2536 1830 aeterno,

1462 1849 1660 1885 peccasse,
1691 1849 1770 1873 non
1798 1837 1923 1874 solum
1949 1837 2162 1875 secundum
2201 1837 2524 1877 continuationem

1463 1897 1566 1926 actus
1593 1890 1631 1926 in
1660 1897 1738 1926 tota
1766 1890 1931 1926 hominis
1958 1890 2038 1927 vita
2066 1890 2248 1927 durantis:
2279 1891 2346 1928 sed
2370 1892 2459 1940 quia
2479 1904 2524 1928 ex

1462 1943 1536 1979 hoc
1564 1943 1646 1991 ipso
1677 1943 1779 1991 quod
1812 1943 1930 1979 finem
1959 1942 1996 1979 in
2025 1951 2182 1991 peccato
2216 1944 2425 1992 constituit,
2454 1955 2524 1981 vo-

1462 1995 1645 2031 luntatem
1669 1995 1784 2031 habet
1802 1995 1841 2032 in
1860 2003 2055 2032 aeternum
2079 1996 2275 2045 peccandi.
2305 1997 2416 2034 Unde
2436 1996 2524 2042 dicit

1464 2048 1680 2096 Gregorius,
1698 2048 1860 2084 XXXIV
1869 2048 2013 2086 Mora'l.
2029 2048 2060 2095 ²⁸,
2073 2049 2177 2098 quod
2193 2049 2313 2098 iniqui
2323 2050 2525 2088 voluissent

1461 2101 1541 2137 sine
1549 2102 1634 2148 fine
1651 2101 1788 2146 vivere,
1811 2107 1849 2137 ut
1875 2101 1954 2138 sine
1962 2102 2047 2149 fine
2067 2103 2275 2150 potuissent
2292 2102 2330 2138 in
2350 2102 2521 2151 iniquita·-

1462 2154 1557 2190 tibus
1578 2165 1815 2202 permanere.

1515 2207 1574 2242 AD
1593 2218 1783 2243 SECUNDUM
1811 2218 1994 2243 DlCENDUM
2015 2207 2119 2256 quod
2137 2219 2264 2257 poena
2283 2208 2396 2244 etiarn
2421 2211 2536 2257 quae'

1462 2259 1674 2295 secundum
1703 2260 1803 2306 leges
1831 2260 2019 2296 humanas
2047 2259 2236 2308 infligitur,
2265 2272 2344 2298 non
2372 2260 2523 2310 semper

1464 2319 1520 2348 est
1547 2311 1780 2348 medicinalis
1810 2312 1842 2348 ei
1871 2312 1935 2361 qui
1961 2312 2135 2361 punitur,
2165 2313 2233 2350 sed
2261 2313 2386 2350 solum
2423 2313 2519 2360 aliis:

1464 2363 1559 2415 sicut
1579 2376 1666 2401 curn
1690 2365 1782 2401 latro
1804 2365 2056 2413 suspenditur,
2086 2377 2164 2402 non
2182 2373 2224 2402 ut
2242 2365 2322 2416 ipse
2343 2366 2521 2404 emende—

1463 2424 1541 2464 tur,
1573 2417 1640 2454 sed
1676 2425 1830 2465 propter
1858 2418 1972 2466 alios,
2000 2425 2042 2455 ut
2069 2419 2200 2455 saltem
2233 2425 2338 2455 metu
2371 2430 2521 2467 poenae

1463 2482 1622 2518 peccare
1643 2470 1839 2517 desistant3
1869 2471 2080 2508 secundum
2100 2470 2191 2507 illud
2213 2472 2392 2508 Proverb.
2413 2471 2519 2508 x1x*:

1463 2523 1655 2559 Pestilente
1681 2523 1900 2572 flagellato,
1934 2523 2064 2560 stultus
2099 2523 2302 2579 sapientior
2339 2524 2418 2560 erit.
2459 2524 2521 2561 Sic

1463 2574 1571 2622 igitur
1600 2582 1635 2612 et
1663 2583 1837 2612 aeternae
1865 2588 2014 2624 poenae
2043 2569 2315 2627 reproborum
2321 2589 2343 2613 a
2362 2577 2476 2614 Deo
2466 2589 2520 2615 ιιι-

1463 2627 1603 2675 flictae,
1634 2636 1720 2664 sunt
1756 2628 1999 2665 medicinales
2026 2628 2084 2666 his
2121 2628 2186 2677 qui
2219 2628 2520 2667 consideratione

1462 2693 1674 2728 poenarum
1709 2681 1896 2718 abstinent
1924 2694 1946 2718 a
1973 2681 2157 2730 peccatis;
2191 2682 2402 2727 secundum
2429 2681 2523 2719 illud

1464 2733 1604 2769 Psalmi
1624 2734 1710 2769 LIX
1731 2735 1766 2770 *ε
1793 2734 1938 2771 Dedisti
1961 2734 2205 2771 metuentibus
2228 2740 2262 2770 te
2279 2735 2522 2784 significatio-

1463 2797 1560 2831 nem,
1591 2791 1631 2822 ut
1645 2787 1808 2836 fugiant
1824 2798 1847 2823 a
1863 2787 1973 2836 facie
1991 2798 2115 2833 arcus,
2144 2792 2185 2822 ut
2209 2786 2412 2824 liberentur
2434 2787 2520 2826 dile-

1462 2839 1511 2875 cti
1537 2838 1600 2875 tui.

1516 2892 1573 2928 AD
1589 2903 1747 2927 TERTIUM
1766 2903 1949 2928 D1cENDuM
1974 2891 2078 2940 quod
2093 2893 2199 2928 Deus
2218 2904 2297 2929 non
2318 2891 2522 2930 delectatur

1463 2943 1501 2980 in
1519 2943 1653 2992 poenis
1680 2951 1835 2991 propter
1862 2944 1980 2993 ipsas3
2011 2945 2078 2981 sed
2107 2944 2312 2982 delectatur
2332 2944 2370 2982 in
2389 2943 2520 2982 ordine

1463 3008 1555 3032 suae
1583 2995 1756 3043 iustitiae,
1786 3008 1883 3044 quae
1913 2998 2008 3033 haec
2037 2997 2203 3046 requirit.

1515 3050 1574 3086 AD
1608 3060 1780 3091 QUARTUM
1813 3061 1996 3086 DICENDUM
2034 3049 2139 3097 quod
2171 3061 2318 3098 poena,
2354 3050 2420 3087 etsi
2453 3060 2522 3100 per

1463 3101 1638 3138 accidens
1667 3101 1861 3138 ordinetur
1880 3102 1928 3139 ad
1948 3109 2132 3149 naturam,
2161 3115 2229 3151 per
2249 3114 2288 3139 se
2309 3110 2441 3140 tamen<
2461 3115 2519 3140 or-

1464 3153 1612 3191 dinatur
1640 3154 1688 3191 ad
1721 3154 1974 3203 privationem
2004 3155 2145 3192 ordinis
2179 3162 2214 3192 et
2241 3155 2289 3192 ad
2317 3154 2389 3192 Dei
2417 3154 2518 3192 iusti-

1462 3207 1565 3243 tiam.
1586 3208 1635 3243 Et
1658 3207 1757 3255 ideo,
1780 3207 1938 3244 durante
1964 3207 2251 3255 inordinatione,
2272 3219 2424 3256 semper
2452 3207 2520 3244 du-

1462 3267 1518 3296 rat
1535 3271 1672 3308 poena.

1515 3373 1539 3404 δ)
1559 3373 1732 3404 principium.
1750 3387 1768 3392 —
1787 3374 1842 3398 eius
1864 3373 2024 3405 principium
2049 3373 2174 3404 BCDGL,
2194 3372 2356 3404 principium
2379 3372 2435 3397 eius
2454 3372 2483 3396 E.
2501 3386 2519 3391 -

1462 3408 1511 3432 Pro
1531 3409 1654 3441 defectus,
1675 3409 1722 3432 alii
1741 3409 1857 3442 defectus
1875 3409 1976 3433 PABIa.

1513 3444 1535 3474 ε)
1554 3443 1629 3468 sicut.
1647 3455 1666 3462 —
1683 3443 1730 3468 sed
1747 3443 1816 3468 sicut
1835 3444 1880 3467 Pm

1513 3478 1536 3510 ζ)
1556 3482 1654 3503 autem.
1671 3491 1690 3497 -
1708 3481 1795 3503 tamen
1815 3478 2012 3506 PACDGHILa,
2032 3478 2101 3503 enim
2120 3477 2194 3503 EFK.

2553 1166 2562 1175 '
2577 1165 2634 1193 Cap.
2649 1171 2683 1187 x1.

2551 1682 2762 1739 ‘ennon-{itinera

2547 2057 2559 2068 ⁸
2573 2057 2630 2088 Cap.

2547 2089 2630 2111 xv1,1n
2641 2087 2687 2105 vet.
2696 2074 2738 2106 yxn.

2547 2109 2584 2132 cf.
2591 2099 2699 2138 Diatog.
2719 2111 2759 2133 lib.

2547 2135 2734 2164 1v,oep.x1.1v.

2653 2063 2705 2084 ιιι,
2727 2058 2756 2079 al.

2549 2473 2639 2496 'Vera
2654 2479 2686 2502 ²5·

2549 2746 2557 2754 ·
2573 2743 2640 2766 Vers-
2655 2743 2680 2766 6.
