2840 4010
0 2438 3 2439 ,
0 2354 20 2392 'o'

17 1205 27 1210 -
79 1194 91 1204 ·
105 1191 173 1215 Van.
187 1197 220 1220 ¹7-

1013 102 1277 149 QuAEsr1o
1308 102 1355 149 C,
1384 101 1686 150 ARTICULUS,
1708 101 1777 141 ΧΠ

313 190 397 222 tem.
418 203 443 212 -
459 181 678 220 Secundum
694 189 821 219 autem
835 189 1080 231 praeceptum
1096 181 1270 230 prohibet
1284 193 1368 229 per—

313 235 464 275 iurium.
486 235 759 284 Superadditur
778 243 905 273 autem
926 235 960 272 ei
978 234 1178 283 prohibitio
1198 233 1370 281 blasphe-

80 301 88 311 ·
105 300 170 324 vm.
187 306 208 328 ιε
222 305 258 328 oq·
273 307 276 311 ·
311 289 426 335 miae,
445 289 562 326 Levit.
578 300 662 326 xxw
680 288 720 335 *3
742 296 778 327 et
795 287 998 338 prohibitio
1021 288 1137 326 falsae
1164 285 1368 331 doctrinae,

310 342 424 380 Dent.
439 352 512 378 x111.
529 362 552 368 -
570 341 700 378 Tertio
719 353 814 379 vero
838 347 1041 389 praecepto
1065 338 1370 386 superadduntur

313 393 445 432 omria
472 394 775 433 caeremonialia.
795 414 822 423 ο·
841 394 987 440 Quarto
1006 399 1134 430 autem
1153 397 1369 438 praecepto,

315 446 363 485 de
382 447 528 484 honore
543 455 758 495 parentum,
773 443 1038 494 superadditur
1055 449 1301 491 praeceptum
1323 442 1369 479 de

314 499 566 537 honoratione
594 511 743 545 senum,
763 497 975 537 secundum
1002 495 1093 534 illud
1120 495 1238 534 Levit.
1257 506 1317 532 xlx
1332 494 1369 540 *,

321 553 460 591 Coram
479 564 576 590 cano
595 552 713 600 capite
730 560 932 598 consurge,
956 554 991 585 et
1006 549 1152 585 honora
1166 559 1370 595 personam

314 606 412 642 senis
420 619 434 650 ,·
457 613 493 642 et
510 604 769 642 universaliter
791 601 922 639 omnia
939 608 1140 649 praecepta
1158 599 1372 639 inducentia

316 659 366 696 ad
384 657 633 702 reverentiam
653 654 906 694 exhibendam
925 653 1144 700 maioribus,
1160 653 1221 690 vel
1240 652 1288 691 ad
1307 652 1371 690 be-

316 710 454 749 neficia
481 709 693 749 exhibenda
709 707 772 745 vel
790 706 1010 756 aequalibus
1028 707 1091 744 vel
1109 705 1329 744 minoribus.
1347 726 1371 735 -

318 763 460 811 Quinto
478 770 606 801 autern
620 767 837 810 praecepto,
853 760 958 808 quod
978 767 1034 797 est
1054 759 1099 797 de
1119 758 1372 808 prohibitione

316 815 523 863 homicidii,
537 813 687 853 additur
703 813 907 862 prohibitio
926 813 1003 850 odii
1022 820 1059 849 et
1078 811 1274 850 cuiuslibet
1290 811 1373 849 vio-

317 868 465 907 lationis
489 874 620 905 contra
641 866 873 915 proximum,
895 866 989 903 sicut
1011 866 1102 904 illud
1120 865 1237 903 Levit.
1255 876 1316 902 xix
1330 864 1370 911 ²¹²,

315 922 408 959 Non
425 921 538 959 stabis
551 925 682 958 contra
695 920 919 969 sanguinem
930 919 1102 968 proximi
1113 918 1166 957 tui
1171 931 1184 962 ,·
1203 925 1240 955 et
1258 917 1369 955 etiam

78 1009 88 1019 ,
102 1007 152 1030 md
178 974 236 1030 tvm
259 1014 281 1035 ¹7
316 973 517 1023 prohibitio
532 972 609 1011 odii
622 973 756 1019 fratris,
773 973 983 1010 secundum
998 971 1088 1011 illud
1103 970 1115 997 ζ
1128 970 1159 1018 *,
1175 971 1239 1009 Ne
1250 971 1373 1008 oderis

155 1023 170 1035 '’
238 1023 245 1030 ”
283 1023 290 1029 ’
303 1028 479 1076 fratrem
510 1032 615 1064 tuum
647 1027 684 1064 in
719 1026 832 1063 corde
858 1030 935 1063 tuo.
956 1045 980 1054 -
1008 1026 1215 1072 Praecepto
1243 1031 1371 1077 autern

316 1087 435 1127 sam,
455 1080 560 1128 quod
581 1087 635 1116 est
654 1080 700 1116 de
719 1078 974 1127 prohibitione
993 1077 1173 1123 adulterii,
1193 1076 1373 1126 superad-

316 1132 417 1171 ditur
443 1141 690 1181 praeceptum
719 1133 766 1170 de
795 1131 1048 1180 prohibitione
1070 1129 1288 1176 meretricii,
1317 1142 1372 1167 se-

318 1187 486 1223 cundum
514 1185 604 1223 illud
631 1187 742 1223 Deut.
762 1197 851 1222 xxm
865 1184 896 1231 ³⁸,
925 1185 1015 1222 Non
1039 1184 1110 1222 erit
1131 1183 1311 1221 meretrix
1328 1184 1374 1221 de

305 1237 471 1287 filiabus
482 1239 615 1286 Israel,
634 1251 755 1288 neque
761 1238 980 1287 fornicator
997 1237 1044 1275 de
1048 1236 1145 1285 filiis
1165 1236 1288 1275 Israel
1296 1249 1310 1280 ;
1338 1245 1374 1274 et

250 1289 259 1291 ”
317 1292 454 1330 iterum
481 1291 684 1340 prohibitio
703 1291 782 1329 vitii
801 1298 932 1328 contra
955 1298 1143 1337 naturam,
1163 1289 1372 1327 seeundum

318 1345 408 1383 illud
426 1345 545 1383 Lavit.
564 1357 650 1383 xv111
668 1344 700 1391 ⁸⁸,
721 1345 816 1381 Cum
835 1343 1002 1381 masculo
1021 1355 1096 1381 non
1115 1342 1373 1381 commiscebe-

319 1398 388 1436 ris:
406 1402 492 1436 cum
511 1397 616 1435 omni
627 1409 766 1446 pecore
779 1409 853 1433 non
874 1396 998 1434 coibis.
1014 1417 1039 1424 -
1055 1395 1224 1445 Septimo
1245 1403 1372 1433 autem

317 1455 535 1502 praecepto,
560 1450 608 1488 de
626 1449 880 1499 prohibitione
908 1449 1005 1496 furti,
1030 1448 1241 1497 adiungitur
1267 1461 1374 1497 prae—

311 1502 472 1554 >captum
500 1503 548 1541 de
573 1502 827 1553 prohibitione
859 1514 1016 1549 usurae,
1046 1501 1256 1542 secundum
1283 1502 1373 1540 illud

317 1557 428 1595 Dent.
438 1568 524 1594 xxm
538 1555 569 1604 ²⁸,
593 1557 684 1594 Non
699 1555 915 1603 foenerabis
917 1555 1041 1603 fratri
1052 1555 1120 1593 vtuo
1133 1555 1185 1593 ad
1195 1567 1375 1600 usuram;

311 1616 356 1647 -et
381 1609 585 1659 prohibitio
603 1609 757 1655 fraudis,
777 1608 988 1646 secundum
1008 1608 1099 1645 illud
1115 1609 1226 1647 Deus,
1249 1620 1321 1646 xxv
1341 1608 1373 1656 ¹⁸,

146 1699 149 1705 f
175 1661 193 1685 ¹¹
313 1662 408 1701 Non
426 1662 578 1700 habebis
595 1663 634 1700 in
652 1661 802 1700 sacculo
821 1667 839 1689 η
859 1661 1006 1698 diversa
1018 1661 1213 1709 pondera‚·
1237 1668 1273 1699 et
1291 1661 1373 1698 uni-

316 1715 513 1761 versaliter
548 1715 681 1753 omnia
725 1727 823 1762 quae
862 1715 910 1751 ad
943 1714 1236 1763 prohibitionem
1259 1715 1373 1752 -calu-

312 1769 444 1807 maiae
473 1776 509 1806 et
527 1769 680 1818 rapinae
698 1767 898 1817 pertinent.
919 1788 942 1795 —
963 1768 1112 1805 Octavo
1142 1779 1236 1805 vero
1267 1779 1375 1816 prae-

313 1829 439 1872 cepto,
468 1822 573 1872 quod
601 1828 659 1859 est
685 1821 733 1861 de
759 1820 1013 1869 prohibitione
1042 1820 1123 1858 falsi
1140 1820 1372 1866 «estimonii,

203 1888 236 1903 u·
276 1885 280 1890 ·
314 1874 466 1913 additur
501 1874 705 1924 prohibitio
743 1873 824 1911 falsi
857 1873 1002 1919 iudicii,
1035 1873 1246 1911 secundum
1282 1873 1374 1911 illud

79 509 89 519 ”
102 507 170 530 Vers.
183 513 217 537 3²·

77 877 90 889 ⁸
105 877 171 900 Vers.
187 877 220 899 16.

80 1350 268 1379 “vernansq.

76 1561 92 1574 ⁴
105 1559 174 1598 Vara.
187 1565 221 1589 ¹9·

78 1618 90 1629 ⁶
106 1615 217 1651 vaf!-

316 2001 318 2006 .
367 1980 394 2017 ζ)
414 1984 440 2007 at
458 1980 556 2006 etiam.
567 1997 592 2006 ..
611 1979 688 2006 mua.
705 1992 724 1998 —-
739 1982 780 2005 est
798 1979 879 2004 etiam
899 1979 1045 2012 prohibitio
1064 1980 1103 2010 H3
1126 1986 1173 2012 pro
1191 1979 1247 2004 odii
1258 1979 1372 2013 fratris,

316 2015 373 2042 odii
390 2016 430 2048 Fl,
449 2016 506 2042 odii
524 2015 550 2040 in
569 2015 650 2041 corde
666 2014 699 2046 K,
717 2022 770 2039 om.
790 2015 876 2040 ceteri.

316 2067 318 2069 >
367 2050 396 2086 η)
413 2051 527 2077 sacculo.
537 2063 558 2071 ι-
569 2057 646 2076 saeco
664 2049 776 2076 codices.

368 2086 393 2121 θ)
413 2087 528 2120 quidem.
539 2099 559 2105 -
575 2086 705 2118 quaedam
724 2085 841 2110 PEFHa.

369 2123 388 2156 ι)
409 2121 652 2147 determinativa.—
671 2121 879 2146 determinantia
898 2120 1108 2152 ACDFGHLpB.

369 2158 396 2192 κ)
415 2158 520 2183 bonum.
534 2171 552 2177 -
570 2157 632 2182 Orn.
650 2156 874 2181 ABCDEFGIKL.

2403 113 2474 141 221

1420 181 1544 219 Exod.
1562 192 1648 221 xxm
1667 179 1702 226 *‚
1730 179 1814 221 Nec
1833 179 1871 216 in
1899 179 2034 216 iudicio
2052 178 2308 227 plurimorum
2333 180 2481 227 acquie-

1421 245 1498 270 sces
1524 233 1743 278 sententiae,
1774 238 1812 268 ut
1838 244 1863 269 a
1890 232 2044 269 veritate
2076 232 2220 276 devies‚·
2249 238 2286 269 et
2312 232 2479 280 prohibi-

1422 285 1473 321 tio
1494 285 1694 332 mendacii,
1714 285 1810 322 sicut
1827 284 1878 322 ibi
1907 284 2079 324 subditur
2096 284 2127 332 ²⁸,
2147 285 2393 322 Mendacium
2410 286 2479 332 fu-

2506 193 2515 202 ·
2530 193 2597 216 Vers.
2611 200 2633 216 2.

2507 298 2516 306 ‘
2532 297 2598 319 Vers.
2613 304 2635 324 7.

1420 338 1522 386 gies;
1551 345 1587 374 et
1613 337 1817 386 prohibitio
1856 337 2117 385 detractionis,
2147 338 2359 376 secundum
2388 337 2479 377 illud
2513 360 2515 362 -

1422 390 1539 427 Levit.
1568 402 1628 427 {nx
1656 390 1696 436 ³¹⁶,
1725 391 1816 428 Non
1844 391 1917 427 eris
1945 391 2166 428 criminator
2196 396 2232 430 et
2256 402 2411 428 susurro
2440 391 2478 429 in

1417 442 1577 490 populis.
1593 463 1616 470 -
1637 442 1728 480 Aliis
1747 450 1873 480 autem
1895 444 2046 481 duobus
2060 444 2270 492 praeceptis
2288 444 2390 483 nulla
2408 443 2480 482 alia

1423 495 1690 542 adiunguntur,
1706 495 1796 543 quia
1809 508 1877 544 per
1892 509 1937 533 ea
1955 497 2216 534 universaliter
2235 496 2360 534 omnis
2379 497 2480 537 mala

1424 547 1728 595 concupiscentia
1756 549 1988 596 prohibetur.

1476 602 1534 636 Au
1556 611 1690 636 smmum
1709 612 1807 637 ERGO
1827 613 2010 639 DICENDUM
2034 602 2138 650 quod
2164 602 2213 641 ad
2241 602 2480 644 dilectionem

1424 651 1496 689 Dei
1531 660 1566 690 et
1599 652 1762 700 proximi
1796 654 2016 695 ordinantur
2052 655 2205 703 quidem
2234 653 2246 676 θ
2280 663 2481 704 praecepta

1425 704 1594 752 decalogi
1621 705 1828 742 secundum
1861 707 2099 744 manifestam
2129 708 2313 745 rationem
2343 708 2478 747 debiti:

1424 757 1494 794 alia
1522 770 1616 794 vero
1646 758 1856 794 secundum
1886 759 2072 796 rationem
2102 761 2221 808 magis
2249 762 2449 801 occultam,

1476 812 1535 847 An
1563 822 1753 848 SECUNDUM
1781 822 1964 848 mcssNDUM
1991 813 2096 860 quod
2128 822 2328 862 praecepta
2357 826 2481 852 caere-

1425 863 1604 900 monialia
1632 871 1668 899 et
1694 862 1881 901 iudicialia
1910 872 1996 901 sunt
2026 866 2313 903 determinativa
2338 873 2345 888 ²
2374 880 2481 916 prae·

1425 924 1623 964 ceptorum
1653 916 1821 963 decalogi
1841 929 1885 952 ex
1908 917 1948 953 vi
1977 917 2231 955 institutionis:
2256 931 2333 956 non
2353 928 2480 959 autern

1426 981 1470 1005 ex
1495 969 1534 1006 vi
1561 969 1738 1006 naturalis
1765 968 1971 1016 instinctus,
1992 970 2087 1007 sicut
2104 980 2306 1020 praecepta
2324 973 2481 1011 moralia

1425 1022 1679 1070 superaddita.

1477 1078 1536 1112 AD
1552 1086 1716 1112 'rafinum
1739 1085 1922 1112 DICENDUM
1950 1075 2056 1123 quod
2084 1084 2286 1125 praecepta
2314 1077 2403 1125 legis
2423 1090 2481 1114 or-

1426 1128 1601 1166 dinantur
1620 1129 1668 1165 ad
1688 1128 1833 1165 bonum
1853 1139 2071 1175 commune,
2091 1136 2132 1165 ut
2160 1142 2274 1178 supra
2292 1129 2312 1152 '³‘
2341 1130 2481 1167 dictum

1425 1190 1491 1218 est.
1522 1183 1570 1218 Et
1597 1181 1685 1230 quia
1712 1181 1866 1218 virtutes
1891 1181 2106 1221 ordinantes
2130 1183 2177 1219 ad
2202 1182 2316 1220 alium
2343 1183 2481 1221 directe

1425 1235 1613 1283 pertinent
1628 1235 1676 1272 ad
1691 1234 1839 1270 bonurn
1854 1239 1870 1255 κ
1889 1246 2112 1281 commune3
2129 1243 2164 1271 et
2183 1235 2350 1273 similiter
2363 1236 2482 1275 virtus

1426 1288 1622 1335 castitatis,
1652 1287 1878 1335 inquantum
1907 1295 2012 1324 actus
2040 1288 2290 1335 generationis
2319 1290 2484 1329 deservit

1426 1341 1531 1378 bono
1563 1339 1760 1378 communi
1794 1340 1954 1388 speciei;
1982 1340 2070 1377 ideo
2106 1341 2152 1378 de
2179 1341 2256 1378 istis
2282 1341 2483 1380 virtutibus

1426 1387 1565 1431 directe
1586 1394 1721 1431 dantur
1742 1401 1946 1442 praecepta
1965 1400 2001 1430 et
2018 1391 2032 1415 λ
2061 1393 2231 1442 decalogi
2252 1401 2287 1431 et
2306 1395 2484 1444 superad-

1427 1448 1513 1484 dita.
1534 1449 1593 1484 De
1613 1454 1698 1484 actu
1719 1453 1845 1483 autern
1865 1446 2091 1484 fortitudinis
2111 1448 2221 1484 datur
2238 1456 2484 1497 praeceptum

1426 1500 1722 1549 proponendum
1737 1511 1806 1548 per
1816 1499 1932 1536 duces
1949 1500 2187 1537 exhortantes
2202 1500 2240 1538 in
2255 1501 2366 1548 bello,
2378 1501 2483 1550 quod

1426 1566 1496 1602 pro
1512 1555 1616 1591 bono
1637 1552 1834 1590 communi
1852 1552 2065 1600 suscipitur:
2085 1560 2127 1589 ut
2145 1561 2248 1602 patet
2265 1555 2375 1591 Deut.
2390 1566 2438 1591 xx
2450 1554 2482 1603 *,

1426 1607 1491 1648 ubi
1520 1606 1722 1644 mandatur
1749 1605 1934 1643 sacerdoti
1952 1611 1986 1642 με
2015 1606 2143 1643 Nolite
2169 1613 2343 1654 metuere,
2373 1608 2485 1645 nolite

1426 1660 1567 1697 cedere.
1599 1659 1774 1697 Similiter
1801 1658 1914 1703 etiam
1941 1666 2046 1696 aetus
2064 1660 2173 1707 gulae
2192 1660 2452 1708 prohibendus
2471 1667 2484 1682 ⁹

1429 1712 1673 1750 committitur
1698 1711 1899 1749 monitioni
1921 1719 2112 1760 paternae,
2133 1713 2221 1762 quia
2240 1713 2486 1753 contrariatur

1429 1767 1533 1803 bono
1552 1765 1784 1803 domestico:
1807 1765 1910 1806 uncle
1931 1765 2065 1802 dicitur
2087 1766 2196 1803 Deut.
2212 1778 2271 1803 xxi
2285 1766 2316 1814 ²¹⁵,
2338 1779 2382 1803 ex
2401 1779 2483 1815 per-

1429 1832 1522 1856 sona
1550 1826 1770 1867 parentum:
1797 1819 1948 1855 Monita
1977 1824 2104 1855 nostra
2123 1819 2255 1856 audire
2273 1820 2483 1866 contemnit,

1428 1872 1754 1910 comessationibus
1779 1877 1892 1909 vacat
1911 1877 1948 1908 et
1965 1871 2140 1908 luxuriae
2165 1878 2276 1921 atque
2295 1873 2483 1910 conviviis.

1479 1977 1508 2047 Β
1528 1978 1674 2038 §Z'ce-mg‘tif..
1686 1978 1904 2037 -ιῒῗᾶεενάοίίὁκε
1923 2010 1960 2042 Η,
1981 2019 2034 2037 om.
2054 2012 2086 2037 G.
2105 2011 2214 2044 Aliquae
2233 2012 2357 2038 editiones
2377 2014 2484 2040 addunt:

1427 2052 1456 2073 ut
1474 2049 1511 2073 ad
1527 2049 1653 2080 populum
1673 2048 1754 2076 dicat,
1773 2047 2005 2079 appropinquante
2023 2047 2076 2072 iam
2091 2048 2205 2079 proelio.

1426 2083 1709 2144 “cuympzcglglggtdum
1729 2097 1748 2102 -
1761 2083 1904 2115 prohibere
1921 2083 2148 2108 ABCDEFGHIL.
2166 2097 2184 2102 -
2202 2084 2252 2108 Pro
2271 2084 2420 2114 monitioni,
2439 2092 2483 2110 co-

986 2217 1316 2250 commentaria
1338 2215 1587 2248 Cardinalis
1610 2215 1810 2248 Caietam

345 2299 367 2321 Ν
378 2289 510 2320 articulo
525 2288 695 2320 undecimo
711 2288 845 2319 dubium
862 2287 997 2318 occurrit
1015 2297 1052 2318 ex
1066 2297 1104 2318 eo
1117 2287 1205 2329 quod
1221 2287 1374 2327 superine,

319 2302 379 2369 lin
403 2333 534 2364 arficulo
557 2339 643 2364 sexto
658 2332 753 2368 huius
769 2329 971 2374 quaestionis,
992 2331 1111 2363 dictum
1127 2337 1173 2362 est
1192 2331 1281 2373 quod
1296 2331 1375 2361 ordo

315 2383 557 2419 praeceptorum
581 2377 704 2408 divinae
724 2376 805 2416 legis
828 2376 998 2408 attenditur
1020 2376 1196 2410 secundum
1220 2375 1374 2407 maiorem

316 2422 528 2456 eeminorem
549 2421 752 2462 gravitatem,
776 2420 852 2462 quia
874 2427 995 2460 quanto
1019 2419 1150 2460 aliquod
1163 2419 1286 2451 malum
1301 2429 1373 2450 con-

316 2466 448 2498 trarium
476 2472 523 2497 est
549 2466 692 2506 gravius,
715 2472 803 2495 tanto
827 2464 926 2504 magis
950 2471 1104 2504 repugnat
1130 2464 1253 2500 rationi,
1269 2470 1300 2494 et
1315 2474 1374 2504 op-

316 2510 458 2552 positum
480 2510 604 2542 bonum
627 2509 727 2550 magis
751 2519 768 2539 a
791 2509 911 2539 ratione
935 2508 1103 2550 suscipitur
1125 2515 1162 2539 ut
1183 2516 1373 2539 consonans.

314 2554 408 2587 Nunc
431 2564 505 2586 vero
530 2554 654 2585 minora
675 2553 759 2584 mala
780 2553 925 2584 locantur
948 2553 1005 2584 sub
1029 2552 1201 2593 praeceptis
1224 2551 1374 2593 decalogi,

317 2605 348 2630 et
369 2598 512 2639 graviora
527 2598 586 2629 sub
605 2597 778 2638 praeceptis
793 2597 959 2628 adiunctis:
983 2604 1018 2627 ut
1036 2603 1122 2637 patet
1137 2596 1176 2628 de
1189 2596 1374 2637 blasphemo

316 2649 460 2682 respectu
475 2642 614 2682 periurii,
631 2649 663 2672 et
685 2642 724 2672 de
743 2648 874 2681 peccato
898 2647 1007 2671 contra
1027 2648 1172 2673 naturam
1197 2648 1228 2671 et
1242 2640 1375 2671 bestiali-

317 2686 389 2716 tatis
405 2691 547 2725 respectu
563 2685 716 2721 adulterii,
733 2692 763 2716 et
780 2685 817 2715 de
834 2685 942 2724 rapina
958 2691 1100 2725 respectu
1116 2684 1200 2716 furti.
1211 2685 1376 2715 Debebunt

319 2729 476 2770 siquidem
490 2729 632 2769 graviora
643 2729 729 2765 haec,
747 2735 858 2768 utpote
870 2729 969 2769 magis
986 2729 1122 2766 dissona,
1135 2735 1166 2759 et
1181 2728 1375 2769 consequen-

318 2779 364 2803 ter
380 2773 479 2813 magis
495 2773 705 2813 susceptibilia
718 2783 735 2802 a
746 2772 875 2809 ratione,
891 2773 924 2803 in
939 2773 1111 2817 praeceptis
1124 2773 1269 2814 decalogi
1285 2774 1374 2814 poni,

319 2823 350 2847 et
373 2817 479 2847 minus
502 2817 606 2857 gravia
634 2817 673 2847 ad
695 2816 771 2847 haec
795 2817 920 2855 reduci,
943 2817 968 2847 si
994 2815 1169 2848 secundum
1191 2815 1375 2858 gravitatem

318 2868 562 2902 praeceptorum
585 2861 665 2892 ordo
688 2867 744 2898 est,
770 2867 806 2892 ut
827 2863 950 2892 Auctor
971 2861 1089 2895 docuit.

1486 2287 1522 2317 II.
1548 2287 1598 2316 Ad
1621 2286 1683 2317 hoc
1707 2286 1819 2317 dicitur
1841 2286 1929 2326 quod
1946 2286 1986 2316 ad
2004 2286 2159 2317 rationem
2174 2293 2416 2327 praeceptorum
2431 2288 2486 2318 de-

1431 2331 1542 2370 calogi,
1559 2331 1634 2371 quia
1651 2338 1724 2361 sunt
1743 2330 1851 2371 prima·
1868 2330 2023 2360 elementa
2045 2330 2122 2370 legis
2137 2331 2321 2362 communia
2338 2332 2487 2363 omnibus

1431 2375 1468 2405 de
1492 2375 1634 2415 populo,
1659 2374 1791 2414 exigitur
1815 2373 2043 2405 communitas:
2068 2372 2148 2411 idest
2170 2376 2258 2416 quod
2281 2375 2342 2406 sint
2366 2376 2403 2406 de
2426 2376 2486 2407 illis

1429 2430 1510 2460 quae
1538 2419 1741 2450 communius
1765 2418 1896 2458 singulis
1912 2419 2114 2450 conveniunt.
2134 2419 2179 2450 lta
2195 2420 2283 2460 quod
2305 2420 2487 2460 principalia

1429 2464 1509 2494 inter
1523 2463 1716 2499 communia,
1736 2470 1901 2503 praecepta
1916 2463 2057 2502 decalogi
2074 2463 2262 2494 constituere
2278 2464 2436 2500 videntur;
2457 2470 2487 2495 et

1429 2508 1509 2538 inter
1532 2508 1599 2547 ipsa
1618 2507 1805 2548 principalia
1825 2517 1860 2537 ac
1883 2507 2075 2544 communia,
2098 2514 2219 2548 quanto
2237 2508 2376 2547 gravius,
2398 2514 2486 2539 tanto

1430 2551 1526 2592 prius.
1539 2552 1579 2582 Et
1594 2557 1760 2592 propterea
1775 2550 1848 2582 licet
1859 2551 1978 2591 rapina,
1990 2551 2158 2582 bestialitas
2174 2558 2204 2582 et
2218 2552 2412 2592 blasphemia
2426 2552 2487 2582 sint

1429 2596 1571 2635 graviora
1587 2606 1684 2636 quam
1699 2595 1831 2633 furtum,
1844 2595 2034 2626 adulterium
2047 2602 2077 2626 et
2093 2596 2281 2636 periurium;
2295 2596 2368 2636 quia
2381 2603 2485 2627 tamen

1429 2641 1506 2670 haec
1528 2640 1671 2680 graviora
1685 2649 1751 2670 non
1765 2639 1808 2670 ita
1825 2639 1914 2670 facile
1939 2640 2151 2670 communiter
2173 2640 2319 2670 accidunt
2339 2640 2419 2670 sicut
2434 2640 2487 2670 illa

1430 2685 1536 2714 minus
1552 2684 1669 2723 gravia;
1686 2684 1759 2714 ideo
1771 2683 1833 2720 illa,
1850 2690 1962 2723 utpote
1979 2684 2209 2721 communiora,
2223 2684 2362 2724 primum
2377 2684 2486 2715 locum

1430 2729 1462 2758 in
1479 2728 1641 2758 elementis
1660 2727 1737 2767 legis
1753 2727 1968 2758 obtinuerunt.
1988 2729 2030 2758 Et
2044 2728 2122 2758 haec
2139 2729 2178 2758 ad
2193 2727 2255 2764 illa,
2280 2738 2344 2758 non
2362 2735 2397 2758 ut
2419 2738 2487 2768 gra-

1430 2773 1527 2809 viora,
1545 2773 1599 2802 sed
1623 2779 1658 2802 ut
1680 2772 1784 2812 priora
1807 2773 1984 2803 secundum
2004 2772 2227 2808 extensionem,
2245 2773 2438 2802 reducuntur
2453 2772 2485 2802 in

1429 2817 1490 2847 hoc
1514 2816 1662 2847 articulo:
1688 2822 1718 2846 et
1733 2815 1785 2846 illa
1799 2816 1879 2846 inter
1895 2826 1926 2846 se
1948 2817 2123 2847 secundum
2146 2816 2329 2856 gravitatem
2346 2816 2488 2847 ordinata

1431 2868 1505 2891 sunt
1523 2861 1556 2891 in
1579 2860 1711 2892 articulo
1729 2867 1826 2892 sexto,
1841 2860 1929 2890 Nihil
1948 2870 2021 2900 ergo
2039 2860 2263 2891 contrarietatis
2282 2860 2455 2892 intervenit.

1041 2996 1358 3039 ARTICULUS
1387 2995 1769 3038 DUODECIMUS

712 3074 878 3121 ‘UTRUM
900 3075 1157 3107 PRAECEPTA
1179 3075 1377 3110 MORALIA
1400 3075 1582 3108 VETERIS
1607 3074 1729 3106 LEGIS
1754 3073 2084 3105 IUSTIFICARENT

672 3143 764 3177 Supra.
783 3152 828 3177 qu.
845 3151 932 3174 xcv111‚
951 3149 997 3170 art.
1020 3152 1045 3176 1;
1064 3145 1095 3169 Ill
1115 3145 1198 3173 Sent„
1218 3145 1275 3170 dist.
1294 3153 1333 3177 η,
1354 3151 1399 3170 art.
1421 3146 1448 3177 33
1467 3146 1510 3170 Ad
1528 3145 1614 3174 Rom„
1635 3151 1690 3176 cap.
1708 3151 1735 3175 11,
1756 3145 1813 3169 lect.
1831 3150 1875 3174 ιιι-ς
1894 3151 1950 3176 cap.
1969 3151 2004 3175 111,
2024 3144 2082 3168 lect.
2100 3151 2131 3174 n;

1062 3180 1106 3204 Ad
1126 3180 1225 3210 Galat„
1245 3188 1300 3212 cap,
1318 3188 1344 3210 n,
1365 3181 1422 3206 lect.
1442 3188 1482 3210 1v3
1503 3188 1558 3212 cap.
1577 3187 1613 3208 111.
1634 3180 1692 3204 lect.
1711 3187 1744 3203 xv.

453 3274 485 3293 ss>
530 3264 551 3289 n
585 3263 825 3288 DUODEfflMUM
858 3263 911 3287 Slc
948 3262 1185 3287 PROCEmTUR.
1219 3251 1378 3288 Videtur
1431 3253 1567 3297 Deum,
1595 3251 1661 3286 sed
1674 3252 1848 3298 factores
1876 3250 1968 3299 Iegis
1996 3250 2302 3297 iustificabuntur.
2334 3250 2411 3287 Sed
2438 3250 2491 3287 fa-

344 3311 348 3320 '
360 3295 393 3324 ‘'⁸’'
437 3292 441 3298 Χ
458 3297 503 3354 ’Ῑῆ
531 3305 633 3353 quod
645 3311 845 3353 praecepta
857 3303 1014 3340 moralia
1023 3303 1162 3340 veteris
1171 3303 1261 3351 legis
1277 3304 1378 3341 iusti-

338 3386 359 3405 Ι,
382 3398 383 3401 Ἰ
512 3356 699 3395 'ficarenn
716 3357 815 3394 Dicit
830 3356 932 3393 enim
947 3357 1166 3405 Apostolus,
1182 3358 1293 3393 Rom.
1308 3369 1330 3393 11
1341 3357 1377 3393 *ε

341 3401 351 3411 ”
378 3428 385 3435 κ
401 3404 463 3443 ”“ν,’
487 3403 518 3445 Ns
531 3411 621 3448 Non
637 3411 734 3447 enim
754 3410 942 3446 auditores
960 3410 1053 3459 legis
1072 3409 1157 3445 iusti
1172 3415 1258 3445 sunt
1279 3410 1381 3457 apud

85 3364 93 3371 ·
110 3361 175 3384 Vers.
191 3367 219 3390 ¹3·

1432 3311 1554 3340 ctores
1581 3303 1671 3350 legis
1701 3303 1874 3341 dicuntur
1901 3303 1966 3350 qui
1986 3303 2143 3351 implent
2166 3310 2368 3351 praecepta
2387 3303 2488 3350 legis.

1433 3357 1534 3403 Ergo
1563 3364 1765 3404 praecepta
1794 3355 1883 3403 legis
1912 3356 2114 3404 adimpleta
2141 3355 2403 3393 iustificabant.

1489 3421 1522 3445 2.
1553 3410 1793 3456 PRAETEREA,
1822 3409 1940 3445 Levit.
1961 3421 2045 3445 xvut
2066 3410 2086 3431 *³
2116 3409 2267 3446 dicitur:
2307 3409 2492 3445 Custodite

2507 403 2516 411 ·
2531 402 2597 424 Vers.
2613 402 2644 424 16.

2508 1142 2517 1150 ·
2534 1140 2580 1167 Qu.
2593 1146 2629 1167 xc,
2645 1143 2686 1162 art.
2697 1146 2718 1162 2.

2609 1238 2624 1253 Χ

2510 1563 2518 1571 ·
2534 1561 2599 1583 Vers.
2614 1568 2635 1589 3.

2512 1779 2519 1787 ¹
2535 1777 2601 1799 Vers.
2616 1783 2653 1800 πο.

2519 3416 2526 3424 ·
2542 3415 2607 3436 Vers.
2622 3421 2644 3442 5.
