2840 4010
35 1167 38 1169 ι
90 1134 283 1163 “Van-²0³⁴:-

90 1242 214 1267 ‘Vm-1.

94 2456 106 2469 ⁸
118 2455 148 2479 D.
161 2455 210 2484 ⁴8¹·

96 2670 237 2697 'An-ua.

975 160 1240 207 QUAESTIO
1269 160 1445 208 xcv111,
1474 160 1770 198 ARTICULUS
1800 162 1848 198 111

325 247 539 291 peccatum,
558 246 601 276 ut
620 239 753 276 exinde
777 239 1032 276 humilientur.
1054 240 1107 275 Ita
1137 239 1249 275 etiam
1268 238 1388 274 voluit

327 294 440 330 talem
465 292 588 339 legem
609 293 699 329 dare
724 304 840 340 quam
865 292 941 329 suis
959 291 1103 329 viribus
1125 290 1300 327 homines
1319 290 1387 326 im-

326 346 430 394 plere
462 356 541 381 non
575 352 751 393 possent,
779 352 821 381 ut
853 344 906 381 sic
938 344 1030 381 dum
1062 343 1237 380 homines
1271 342 1318 379 de
1347 355 1387 379 se

326 405 614 446 praesumentes
643 405 860 446 peccatores
889 409 928 433 se
949 396 1174 442 invenirent,
1204 394 1387 431 humiliati

329 458 561 487 recurrerent
589 450 638 487 ad
667 450 845 486 auxilium
874 449 1025 497 gratiae.

381 505 440 539 An
462 514 634 545 QUARTUM
653 514 837 539 menmium
856 501 974 549 quod,
1000 499 1177 547 quamvis
1196 499 1256 535 lex
1278 506 1388 534 vetus

2431 163 2499 209 195

1442 251 1521 275 non
1558 239 1748 276 sufficeret
1780 239 1829 276 ad
1862 239 2089 277 salvandum
2125 240 2343 287 hominem,
2373 248 2500 277 tamen

1443 291 1574 328 aderat
1588 291 1689 329 aliud
1708 292 1886 329 auxilium
1902 305 1924 329 a
1939 293 2024 329 Deo
2043 293 2263 330 hominibus
2282 293 2393 330 simul
2414 306 2500 330 cum

1443 344 1535 391 lege,
1557 356 1625 392 per
1652 345 1756 393 quod
1780 345 1917 393 salvari
1935 353 2126 394 poterant:
2147 346 2286 382 scilicet
2304 346 2400 383 fides
2420 347 2501 383 Me-

1444 395 1607 442 diatoris,
1633 409 1701 445 per
1729 409 1845 446 quam
1873 398 2060 435 iustificati
2089 407 2175 436 sunt
2198 399 2340 447 antiqui
2359 400 2501 445 Patres,

1444 447 1538 484 sicut
1563 449 1675 486 etiam
1697 462 1766 486 nos
1795 451 2053 488 iustificamur.
2074 452 2123 488 Et
2147 451 2198 488 sic
2217 453 2322 488 Deus
2341 464 2420 489 non
2439 452 2502 488 de-

1443 500 1593 537 ficiebat
1620 502 1837 540 hominibus
1865 504 1956 551 quin
1984 505 2088 541 daret
2117 505 2170 541 eis
2199 504 2326 541 salutis
2355 504 2500 542 auxilia.

1132 641 1448 684 ARTICULUS
1477 643 1704 685 TERTIUS

878 725 1033 756 UTRUM
1057 725 1140 756 LEX
1164 724 1305 756 VETUS
1328 725 1448 755 DATA
1471 725 1630 756 FUERIT
1653 727 1734 757 PER
1757 728 1955 760 ANGELos

614 796 643 820 1η
665 795 771 825 Isaiam,
792 802 846 827 cap.
866 802 905 824 v13
923 795 967 819 Ad
988 795 1086 824 Galat..
1107 802 1161 827 cap.
1181 802 1218 825 m,
1237 794 1294 819 lect.
1314 801 1364 824 vn;
1383 794 1427 818 Ad
1448 795 1556 824 Coloss„
1576 803 1631 828 cap.
1652 804 1678 826 ιι,
1698 797 1755 821 lect.
1774 804 1815 827 1v;
1834 798 1876 822 Ad
1891 799 1981 827 Hebr„
2001 807 2056 831 cap.
2075 808 2101 830 11,
2121 801 2179 825 lect.
2198 808 2215 826 1.

413 902 420 912 ,
448 903 469 913 v„
502 890 513 902 .«
541 877 564 903 n
583 875 742 902 *ratu-tum
761 875 814 900 stc
840 875 1078 901 Paocamrun.
1107 863 1266 901 Videtur
1284 862 1388 910 quod

470 920 517 961 20
541 919 600 955 lex
626 925 738 953 vetus
765 929 844 953 non
875 917 984 954 fuerit
1012 918 1098 954 data
1125 928 1193 965 per
1221 915 1387 963 angelos,

432 991 465 1016 r,
488 970 608 1012 (sed
640 969 857 1006 immediate
892 982 914 1006 a
946 971 1043 1020 Deo.
1081 969 1248 1016 Angelus
1286 967 1387 1005 enirn

337 1020 360 1048 Γ
386 1020 480 1063 3Ἤῆ
497 1018 528 1059 &-
541 1023 690 1060 nuntius
718 1022 866 1059 dicitur:
893 1030 928 1059 et
947 1022 1000 1058 sic
1018 1033 1162 1059 nomen
1180 1020 1302 1068 angeli
1321 1020 1388 1056 mi-

330 1077 525 1115 nisterium
562 1075 761 1124 importat,
794 1087 874 1112 non
911 1074 1146 1120 dominium3
1176 1073 1388 1110 secundum

329 1130 421 1168 illud
442 1128 582 1167 Psalmi
600 1140 646 1165 cu
662 1127 698 1164 *ε
727 1128 939 1165 Benedicite
961 1127 1138 1174 Domino,
1167 1138 1296 1163 omnes
1323 1137 1389 1162 an-

329 1183 408 1233 geli
433 1182 523 1228 eius,
553 1181 714 1218 ministri
739 1181 828 1217 eius.
860 1181 936 1218 Sed
962 1188 1074 1217 vetus
1101 1180 1160 1216 lex
1179 1191 1201 1216 a
1219 1179 1388 1216 Domino

329 1235 575 1282 traditaesse
602 1233 837 1282 perhibetur:
868 1233 1001 1270 dicitur
1029 1232 1128 1269 enim
1149 1232 1272 1269 Exod.
1289 1231 1388 1268 xx*:

328 1283 568 1336 'Locutus-que
595 1292 648 1323 est
664 1287 852 1323 Dominus
877 1297 1067 1333 sermones
1089 1286 1172 1331 hos,
1198 1292 1234 1321 et
1257 1291 1390 1332 postea

332 1341 522 1379 subditur:
550 1340 637 1388 Ego
665 1339 765 1375 enim
783 1351 867 1375 sum
890 1339 1078 1376 Dominus
1096 1339 1199 1375 Deus
1218 1343 1312 1374 tuus.
1343 1338 1391 1374 Et

293 1408 296 1410 ’
331 1394 435 1433 idem
469 1393 608 1431 modus
640 1391 821 1439 loquendi
859 1392 1073 1440 frequenter
1109 1390 1286 1439 repetitur
1306 1395 1323 1411 α
1351 1390 1390 1426 in

330 1446 479 1491 Exodo,
504 1452 540 1481 et
572 1445 611 1481 in
630 1443 729 1480 libris
750 1444 1070 1491 consequentibus
1087 1443 1188 1491 legis.
1209 1443 1311 1490 Ergo
1333 1443 1391 1479 lex

333 1506 391 1536 est
415 1497 633 1536 immediate
662 1496 748 1533 data
776 1508 798 1532 a
821 1498 918 1533 Deo.

328 1567 337 1590 ‚-
386 1562 421 1588 2.
442 1551 683 1596 PRAETEREA,
713 1549 809 1585 sicut
836 1549 970 1585 dicitur
997 1550 1132 1586 Ioan.1
1158 1549 1196 1595 ³⁸¹,
1227 1548 1288 1584 lex
1314 1559 1388 1595 per

329 1603 496 1651 Moysen
516 1603 604 1639 data
623 1608 685 1638 est.
717 1602 792 1638 Sed
818 1603 974 1650 Moyses
1001 1601 1221 1638 immediate
1248 1601 1393 1649 accepit

294 1675 296 1677 ·
330 1668 354 1695 a
380 1657 488 1695 Deo:
519 1655 651 1692 dicitur
679 1655 780 1691 enirn
808 1656 931 1691 Exod.
960 1653 1121 1691 xxxn1*:
1149 1654 1392 1702 Loquebatur

330 1709 518 1748 Dominus
545 1708 596 1748 ad
620 1708 787 1755 Moysen
803 1708 913 1755 facie
935 1708 1160 1755 adfaciem,
1178 1707 1275 1744 sicut
1291 1707 1394 1754 loqui

329 1761 422 1798 solet
451 1759 598 1798 homoss
626 1761 678 1796 ad
703 1761 868 1797 amicum
900 1772 1021 1796 suum.
1062 1761 1162 1807 Ergo
1196 1761 1254 1796 lex
1282 1768 1392 1796 vetus

331 1813 551 1851 immediate
577 1813 664 1850 data
692 1821 748 1850 est
775 1825 798 1849 a
825 1814 922 1849 Deo.

389 1868 422 1904 3.
443 1868 676 1912 PRAETEREA,
697 1867 745 1904 ad
769 1867 893 1902 solum
922 1865 1132 1914 principem
1160 1865 1321 1913 pertinet
1342 1865 1393 1901 le-

330 1931 420 1968 gem
440 1920 548 1966 ferre,
569 1926 610 1955 ut
629 1931 743 1967 supra
763 1920 782 1938 '⁹
812 1919 953 1956 dictum
973 1926 1039 1955 est.
1070 1917 1147 1954 Sed
1166 1919 1269 1954 solus
1287 1919 1393 1954 Deus

333 1980 388 2010 est
406 1973 583 2020 princeps
602 1972 729 2008 salutis
749 1977 764 1999 Υ
793 1971 1023 2008 animarum:
1053 1970 1173 2018 angeli
1192 1983 1286 2007 vero
1307 1978 1393 2007 sunt

331 2025 643 2063 administratorii
676 2025 846 2072 spiritus,
879 2031 921 2060 ut
958 2024 1093 2061 dicitur
1125 2024 1176 2061 ad
1204 2024 1305 2060 Heb.
1331 2023 1391 2059 ι*.

331 2080 434 2126 Ergo
463 2079 522 2114 lex
549 2085 660 2114 vetus
686 2089 756 2126 per
774 2078 928 2124 angelos
949 2077 1028 2114 dari
1047 2089 1126 2114 non
1145 2076 1286 2124 debuit,
1307 2088 1394 2112 cum

333 2131 571 2168 ordinaretur
598 2131 646 2167 ad
675 2130 890 2167 animarum
919 2130 1090 2167 salutem.

387 2185 461 2220 SED
477 2195 623 2220 CONTRA
633 2194 699 2220 EST
709 2183 814 2232 quod
830 2182 918 2219 dicit
926 2183 1146 2231 Apostolus,
1157 2182 1208 2219 ad
1221 2182 1304 2220 Gal.
1313 2181 1392 2219 111*:

332 2238 418 2274 Lex
443 2237 532 2273 data
560 2242 614 2273 est
624 2248 697 2284 per
723 2235 880 2285 angelos
903 2236 940 2272 in
965 2247 1081 2272 manu
1099 2235 1325 2272 mediatoris.
1347 2236 1396 2271 Et

332 2291 414 2326 Act.
445 2301 492 2326 vu
520 2289 560 2336 ³¹³,
578 2289 676 2327 ‚dicit
713 2289 949 2337 Stephanus:
977 2289 1178 2336 Accepistis
1204 2289 1326 2337 legem
1356 2288 1393 2324 in

333 2343 570 2391 dispositione
596 2341 833 2391 angelorum.

387 2396 613 2432 REspounro
627 2406 812 2432 mceunuu
826 2393 932 2441 quod
946 2395 1006 2430 lex
1021 2394 1108 2431 data
1121 2401 1178 2431 est
1192 2405 1214 2430 a
1228 2394 1313 2430 Deo
1327 2406 1397 2442 per

332 2449 490 2496 angelos
510 2448 542 2484 ¹¹.
563 2449 612 2485 Et
634 2455 784 2497 praeter
806 2448 1022 2494 generalem
1046 2447 1252 2493 rationem,
1279 2459 1395 2495 quam

333 2501 542 2549 Dionysius
569 2500 748 2548 assignat,
777 2500 815 2537 in
844 2512 879 2536 ιν
907 2512 988 2548 cap.
1015 2500 1114 2537 Cael.
1135 2500 1260 2547 Hier„
1289 2500 1396 2547 quod

333 2554 461 2595 divina
489 2555 622 2591 debent
647 2554 789 2601 deferri
811 2554 863 2590 ad
879 2554 1046 2589 homines
1065 2553 1311 2590 mediantibus
1329 2564 1396 2589 an-

332 2607 439 2656 gelis,
460 2606 632 2655 specialis
652 2606 744 2643 ratio
772 2613 826 2643 est
853 2618 972 2653 quare
995 2606 1118 2652 legem
1137 2612 1308 2643 veterem
1327 2617 1396 2654 per

335 2660 491 2706 angelos
524 2659 604 2697 dari
639 2659 815 2707 oportuit.
851 2658 1006 2695 Dictum
1039 2666 1095 2695 est
1123 2658 1224 2696 enim
1243 2657 1263 2680 *
1290 2659 1396 2707 quod

334 2712 395 2753 lex
421 2719 531 2748 vetus
558 2711 779 2760 imperfecta
807 2719 897 2758 erat,
926 2713 993 2748 sed
1022 2711 1248 2759 disponebat
1270 2711 1320 2748 ad
1338 2723 1395 2748 sa-

334 2764 453 2801 lutem
479 2764 686 2812 perfectam
705 2764 852 2811 generis
870 2764 1041 2811 humani,
1057 2776 1156 2812 quae
1175 2765 1299 2801 futura
1318 2771 1396 2800 erat

333 2828 404 2865 per
431 2816 636 2854 Christum.
667 2816 730 2853 Sic
757 2824 886 2854 autem
904 2817 1054 2854 videtur
1071 2817 1110 2854 in
1128 2817 1307 2854 omnibus
1323 2829 1393 2866 po-

334 2869 534 2907 testatibus
558 2878 595 2906 et
621 2869 763 2907 artibus
797 2869 994 2917 ordinatis,
1024 2869 1130 2917 quod
1157 2869 1217 2907 ille
1246 2869 1311 2919 qui
1339 2877 1395 2906 est

335 2922 526 2971 superior,
555 2922 802 2971 principalem
831 2930 868 2959 et
893 2923 1104 2971 perfectum
1139 2930 1267 2960 actum
1305 2935 1395 2971 ope-

388 3029 415 3060 α)
435 3028 574 3060 repetitur.
592 3041 610 3046 -
629 3027 762 3059 reperitur
781 3028 827 3056 Pa,
845 3035 900 3052 om.
919 3029 949 3053 E.
967 3042 985 3047 -
1003 3030 1054 3054 Pro
1077 3030 1294 3062 consequentibus
1313 3030 1392 3062 legis,

334 3063 529 3089 continentibus
547 3063 630 3096 legem
651 3062 686 3093 K,
705 3063 921 3095 consequentibus
940 3064 1023 3096 legem
1044 3064 1115 3088 Pria.

388 3098 414 3131 β)
433 3099 519 3124 homo.
532 3113 550 3117 -
569 3098 670 3123 amicus
690 3098 736 3122 Pa.

1446 873 1548 902 ratur
1575 878 1644 914 per
1678 866 1866 915 seipsum;
1897 880 1941 904 ea
1967 880 2060 904 vero
2090 882 2187 918 quae
2222 871 2426 919 disponunt
2453 872 2502 909 ad

1442 918 1715 965 perfectionem
1752 919 1941 967 ultimam,
1972 930 2149 969 operatur
2180 935 2248 971 per
2277 936 2365 960 suos
2394 925 2501 961 mini-

1444 977 1562 1016 stros;
1593 971 1687 1007 sicut
1706 972 1914 1009 navifactor
1941 975 2180 1022 compaginat
2199 988 2339 1012 navem
2359 989 2426 1024 per
2445 989 2502 1014 se-

1444 1023 1580 1071 ipsum,
1611 1024 1678 1061 sed
1705 1033 1906 1074 praeparat
1934 1026 2131 1063 materiam
2150 1040 2218 1076 per
2238 1029 2395 1065 artifices
2416 1031 2502 1066 sub-

1444 1076 1708 1113 ministrantes.
1739 1078 1788 1114 Et
1814 1077 1901 1114 ideo
1931 1079 2163 1116 conveniens
2186 1080 2254 1117 fuit
2280 1090 2321 1118 ut
2343 1082 2400 1117 lex
2419 1094 2502 1130 per-

1444 1129 1541 1165 fecta
1579 1130 1682 1166 Novi
1720 1131 1956 1168 Testamenti
1994 1131 2144 1169 daretur
2179 1133 2398 1171 immediate
2435 1147 2503 1182 per

1444 1181 1571 1229 ipsum
1599 1183 1726 1219 Deum
1755 1183 1953 1221 hominem
1979 1185 2140 1230 factum;
2169 1187 2228 1222 lex
2247 1194 2374 1223 autem
2394 1194 2502 1224 vetus

1445 1246 1512 1282 per
1531 1234 1722 1272 ministros
1741 1235 1824 1282 Dei,
1842 1236 1980 1273 scilicet
1998 1249 2067 1285 per
2085 1239 2251 1286 angelos,
2268 1240 2418 1276 daretur
2435 1240 2503 1276 ho-

1446 1287 1621 1324 minibus.
1644 1289 1692 1325 Et
1714 1300 1783 1336 per
1806 1289 1907 1325 hunc
1927 1290 2087 1326 modum
2107 1293 2324 1339 Apostolus,
2345 1292 2383 1328 in
2401 1292 2501 1340 prin-

1446 1339 1543 1388 cipio
1568 1341 1620 1376 ad
1635 1342 1749 1387 Heb.,
1769 1343 1905 1389 probat
1931 1342 2173 1380 eminentiam
2197 1357 2320 1381 novae
2345 1345 2433 1392 legis
2454 1345 2501 1381 ad

1445 1395 1637 1430 veterem:
1667 1394 1756 1441 quia
1783 1394 1822 1431 in
1849 1395 1966 1431 Novo
1996 1397 2243 1432 Testamento
2277 1398 2419 1434 locutus
2452 1403 2505 1434 est

1447 1446 1551 1482 nobis
1578 1447 1681 1483 Deus
1700 1447 1736 1483 in
1756 1447 1853 1483 Filio
1876 1459 1944 1483 suo
1963 1447 1994 1493 ²¹²,
2015 1448 2053 1484 in
2072 1449 2198 1485 Veteri
2223 1457 2351 1486 autern
2372 1451 2503 1486 Testa-

1447 1506 1576 1534 mento
1606 1505 1660 1535 est
1683 1511 1808 1536 sermo
1823 1501 1956 1547 factus
1980 1512 2051 1548 per
2077 1502 2232 1550 angelos
2251 1501 2281 1538 ²³⁶.

1499 1553 1557 1587 An
1578 1563 1714 1588 ptumum
1734 1563 1831 1588 ERGO
1849 1564 2031 1589 DICENDUM
2051 1554 2167 1600 quod,
2183 1554 2278 1591 sicut
2298 1555 2502 1602 Gregorius

1446 1603 1553 1650 dicit,
1583 1604 1621 1640 in
1648 1604 1832 1653 principio
1861 1605 2004 1641 Moral.
2030 1606 2067 1650 ²¹³,
2097 1607 2255 1656 angelus
2283 1608 2348 1655 qui
2372 1608 2504 1655 Moysi
2532 1616 2539 1623 ·

1447 1657 1666 1704 apparuisse
1692 1658 1923 1703 describitur,
1948 1659 2059 1694 modo
2086 1660 2267 1708 Angelus,
2287 1661 2398 1696 modo
2426 1662 2503 1697 Do-

1447 1710 1570 1745 minus
1597 1716 1839 1746 memoratur.
1859 1711 2029 1760 Angelus
2052 1712 2234 1757 videlicet,
2257 1718 2412 1760 propter
2434 1714 2504 1750 hoc

1447 1763 1548 1809 quod
1565 1763 1727 1799 exterius
1745 1763 1929 1811 loquendo
1946 1764 2130 1800 serviebat
2137 1778 2150 1809 ;
2176 1766 2361 1802 Dominus
2380 1771 2503 1802 autem

1448 1815 1592 1860 dicitur,
1613 1816 1700 1863 quia
1729 1816 1881 1852 interius
1903 1817 2122 1864 praesidens
2147 1818 2321 1865 loquendi
2336 1817 2349 1839 ὅ
2378 1819 2503 1866 effica-

1448 1868 1546 1903 ciam
1575 1869 1819 1905 ministrabat.
1850 1869 1898 1904 Et
1925 1869 2013 1906 inde
2042 1877 2097 1905 est
2126 1870 2237 1907 etiam
2266 1871 2369 1919 quod
2398 1871 2504 1920 quasi

1449 1932 1492 1956 ex
1520 1933 1684 1968 persona
1711 1921 1866 1958 Domini
1894 1923 2049 1969 angelus
2077 1923 2311 1971 loquebatur.

1501 1975 1560 2010 AD
1576 1985 1764 2011 sECUNDUM
1780 1986 1963 2011 DICENDUM
1978 1975 2094 2023 quod,
2107 1976 2199 2012 sicut
2209 1977 2441 2024 Augustinus
2453 1976 2504 2013 di—

1450 2027 1508 2072 cit,
1522 2027 1589 2062 XII
1599 2038 1711 2074 super
1725 2027 1816 2063 Gen.
1829 2027 1880 2063 ad
1888 2027 1973 2063 Litt.
1983 2027 2013 2073 ³¹⁶,
2026 2028 2063 2064 in
2074 2029 2208 2065 Exodo
2223 2028 2263 2050 '¹²³¹‘
2271 2029 2419 2066 dicitur:
2432 2030 2504 2065 Lo-

1449 2085 1553 2115 cutus
1572 2085 1626 2115 est
1637 2080 1823 2116 Dominus
1836 2080 1972 2128 Moysi
1977 2081 2086 2127 facie
2100 2082 2151 2117 ad
2163 2082 2324 2128 faciem‚·
2341 2090 2376 2118 et
2391 2083 2503 2130 paulo

1449 2140 1535 2180 post
1548 2131 1568 2153 ‘¹‘
1582 2132 1768 2169 subditur:
1789 2132 1945 2169 Ostende
1958 2133 2051 2169 mihi
2062 2134 2226 2182 gloriam
2242 2140 2356 2171 tuam.
2368 2135 2504 2171 Sentie-

1450 2186 1514 2221 bat
1529 2197 1622 2234 ergo
1637 2185 1727 2232 quid
1743 2185 1909 2229 videbat;
1927 2191 1962 2222 et
1979 2187 2080 2234 quod
2094 2198 2167 2223 non
2191 2187 2349 2231 videbat,
2368 2188 2505 2224 deside-

1450 2239 1568 2274 rabat.
1583 2238 1673 2274 Non
1688 2249 1777 2285 ergo
1792 2238 1947 2275 videbat
1970 2238 2092 2287 ipsam
2107 2239 2178 2275 Dei
2204 2241 2402 2277 essentiam
2414 2240 2449 2276 *ε
2471 2249 2506 2276 et

1450 2291 1500 2327 ita
1518 2296 1530 2311 ⁵
1549 2299 1628 2327 non
1642 2290 1858 2327 immediate
1879 2292 1927 2327 ab
1943 2303 1989 2327 eo
2005 2291 2267 2329 instruebatur.
2285 2293 2401 2339 Quod
2417 2305 2504 2340 ergo

1451 2343 1584 2380 dicitur
1603 2345 1707 2392 quod
1725 2344 1953 2391 loquebatur
1971 2344 2005 2380 ei
2018 2345 2122 2394 faqie
2139 2346 2191 2382 ad
2202 2346 2360 2393 faciem,
2377 2358 2507 2382 secun-

1450 2397 1542 2433 dum
1563 2396 1783 2444 opinionem
1802 2397 1933 2445 populi
1952 2397 2117 2445 loquitur
2137 2398 2338 2446 Scriptura,
2361 2399 2425 2446 qui
2439 2411 2506 2447 pu—

1449 2450 1551 2486 tabat
1570 2450 1735 2497 Moysen
1755 2461 1820 2485 ore
1840 2449 1888 2487 ad
1917 2461 1961 2486 os
1983 2450 2088 2498 loqui
2111 2462 2198 2487 cum
2217 2452 2314 2498 Deo,
2335 2463 2420 2488 cum
2440 2463 2507 2499 per

1450 2502 1658 2538 subiectam
1688 2509 1919 2549 creaturam,
1948 2502 2044 2540 idest
2069 2515 2138 2551 per
2165 2505 2341 2551 angelum
2375 2511 2411 2541 et
2438 2516 2505 2540 nu·

1450 2556 1550 2602 bem,
1576 2554 1609 2590 ei
1628 2555 1844 2604 loqueretur
1863 2562 1900 2592 et
1919 2563 2118 2604 appareret
2131 2556 2162 2592 ⁹¹⁶.
2178 2577 2202 2584 —
2217 2557 2286 2592 Vel
2304 2569 2374 2605 per
2395 2557 2506 2593 visio-

1450 2620 1539 2644 nem
1567 2607 1675 2644 faciei
1698 2607 1912 2655 intelligitur
1935 2609 2125 2656 quaedam
2149 2609 2318 2646 eminens
2339 2617 2505 2646 contem-

1450 2660 1564 2709 platio
1579 2667 1615 2696 et
1629 2660 1832 2707 familiaris,
1844 2660 1939 2697 infra
1954 2661 2135 2698 essentiae
2146 2662 2295 2698 divinae
2305 2662 2503 2699 visionem.

1502 2715 1560 2749 AD
1588 2724 1746 2750 TERTIUM
1775 2725 1958 2750 DtCENDuM
1986 2714 2091 2761 quod
2119 2714 2233 2751 solius
2255 2715 2432 2763 principis
2452 2723 2506 2752 est

1450 2778 1519 2802 sua
1547 2766 1766 2802 auctoritate
1794 2767 1916 2814 legem
1944 2766 2150 2813 instituere,
2180 2767 2247 2803 sed
2275 2767 2505 2816 quandoque

1450 2819 1573 2866 legem
1593 2818 1888 2867 institutam.per
1907 2819 2000 2856 alios
2019 2820 2244 2867 promulgat.
2266 2821 2315 2856 Et
2333 2819 2382 2856 ita
2402 2821 2506 2857 Deus

1451 2884 1519 2908 sua
1555 2871 1773 2908 auctoritate
1807 2871 1960 2908 instituit
1992 2873 2132 2919 legem,
2163 2873 2229 2909 sed
2256 2885 2324 2921 per
2352 2874 2507 2920 angelos

1449 2923 1714 2972 promulgavit.

1502 3031 1528 3062 γ)
1548 3030 1652 3054 salutis.
1664 3043 1682 3048 —
1701 3030 1762 3054 Om.
1780 3030 1832 3054 EF.

1502 3064 1526 3097 δ)
1547 3064 1679 3096 loquendi.
1691 3078 1711 3084 -
1728 3065 1858 3096 loquendo
1878 3064 1986 3088 codices.

1503 3101 1525 3131 ε)
1546 3100 1592 3124 ita.
1604 3113 1623 3118 —
1642 3100 1700 3123 ideo
1720 3100 1769 3123 EF.
1783 3112 1802 3118 —
1821 3099 1870 3123 Pro
1890 3099 1922 3123 ab
1941 3106 1979 3129 eo,
1999 3106 2016 3123 a
2037 3099 2093 3123 Deo
2111 3099 2186 3123 EFK.

1012 3159 1341 3193 Commentaria
1364 3160 1612 3193 Garamans
1634 3159 1832 3192 Caietam

364 3241 384 3261 Ν
408 3229 601 3272 quaestionis
625 3229 975 3269 nonagesimaeoctavae
999 3228 1109 3268 primis
1132 3229 1230 3260 tribus
1255 3229 1392 3260 articulis

338 3243 443 3305 Inihil
466 3274 552 3304 aliud
580 3273 781 3304 scribendum
809 3273 943 3303 occurrit
971 3272 1030 3302 nisi
1059 3279 1093 3303 ut
1122 3279 1211 3303 caute
1239 3273 1392 3314 intelligas

334 3319 415 3350 dicta
437 3319 470 3349 in
493 3317 698 3358 responsione
726 3318 765 3347 ad
795 3316 971 3347 secundum
993 3316 1074 3347 tertii
1098 3316 1227 3348 articuli.
1255 3317 1393 3348 Possunt

333 3363 492 3404 siquidem
514 3361 680 3402 dupliciter
700 3360 848 3401 intelligi:
873 3360 988 3400 primo,
1008 3367 1043 3391 ut
1066 3367 1180 3401 negent
1197 3360 1331 3401 Moysen
1347 3361 1391 3391 vi-

334 3407 416 3438 disse
439 3406 579 3437 divinam
603 3405 787 3441 essentiam;
811 3405 966 3440 secundo,
991 3411 1026 3435 ut
1049 3411 1164 3445 negent
1189 3404 1323 3445 Moysen
1346 3405 1390 3434 vi-

335 3451 416 3482 disse
432 3450 572 3481 divinam
591 3449 758 3480 essentiam
773 3449 805 3479 in
819 3448 873 3479 illa
892 3448 1013 3479 visione
1032 3458 1096 3489 qua
1111 3448 1300 3489 loquebatur
1315 3448 1393 3478 facie

335 3495 375 3524 ad
398 3494 519 3525 faciem.
537 3494 596 3525 lste
616 3494 773 3524 secundus
793 3502 902 3523 sensus
922 3499 968 3523 est
983 3492 1120 3523 intentus
1144 3493 1182 3523 ab
1198 3494 1345 3528 Auctore,
1364 3499 1395 3523 et

1452 3240 1518 3260 non
1535 3230 1673 3269 primus;
1689 3236 1723 3259 ut
1735 3229 1864 3260 inferius
1880 3229 1912 3259 in
1926 3229 1965 3259 11⁵
1981 3229 2041 3265 11¹⁸,
2056 3239 2109 3270 qu.
2124 3240 2233 3260 cmxxv
2247 3229 2275 3266 ⁹,
2291 3230 2437 3270 aperitur,
2453 3231 2507 3261 ubi

1452 3284 1489 3304 ex
1512 3274 1573 3304 hoc
1589 3273 1678 3314 quod
1696 3273 1822 3314 Moyses
1839 3273 1952 3314 palam
1977 3279 2007 3303 et
2031 3283 2092 3303 non
2109 3283 2173 3314 per
2193 3276 2379 3315 aenigmata
2402 3275 2506 3306 Deum

1451 3317 1563 3347 vidisse
1588 3316 1701 3347 dicitur
1722 3317 1819 3347 Num.
1837 3327 1878 3347 ιιι
1893 3316 1920 3353 *,
1937 3317 2144 3354 concluditur,
2160 3318 2382 3349 interveniente
2398 3322 2507 3358 Augu-

1451 3361 1544 3396 stino,
1562 3361 1668 3400 ipsum
1691 3360 1804 3391 vidisse
1819 3361 1925 3391 Deum
1944 3371 1999 3401 per
2015 3361 2192 3392 essentiam.
2217 3361 2303 3393 Cum
2319 3373 2385 3403 quo
2402 3371 2506 3394 tamen

1450 3411 1510 3435 stat
1537 3405 1628 3444 quod
1649 3405 1752 3445 legem
1775 3415 1831 3444 per
1846 3405 1974 3445 angelos
1994 3405 2113 3446 accepit
2128 3406 2161 3435 in
2184 3406 2252 3436 aliis
2266 3406 2456 3442 visionibus;
2473 3414 2507 3437 ut

1449 3448 1499 3479 hic
1523 3448 1636 3479 dicitur
1659 3458 1695 3478 ex
1719 3448 1902 3480 auctoritate
1925 3458 2027 3480 sacrae
2051 3449 2237 3490 Scripturae.

2531 1459 2539 1466 '
2556 1457 2611 1484 Cap.
2623 1463 2639 1483 1,
2650 1463 2708 1478 vers.

2532 1512 2539 1519 ·
2556 1511 2643 1537 Cap.n‚
2654 1516 2713 1531 vers.

2560 1614 2584 1644 lu
2599 1614 2704 1640 praefat„

2531 1646 2550 1665 i:
2561 1646 2584 1661 m
2595 1644 2638 1661 vet.
2653 1646 2673 1661 c.
2683 1646 2706 1662 ιι.

2531 2034 2540 2041 ·
2557 2032 2613 2059 Cap.
2630 2038 2702 2053 xxvu.

2719 1463 2739 1478 2.

2719 1620 2740 1635 c.

2533 2059 2554 2069 ⁸*
2569 2058 2626 2085 Cap.
2641 2065 2728 2085 xxxm,

2533 2091 2591 2106 vers.
2606 2091 2632 2106 11-

2533 2143 2543 2152 “
2558 2141 2625 2163 Vers.
2642 2141 2672 2163 18.

2535 2248 2543 2255 ·
2558 2246 2586 2268 D.
2601 2252 2637 2271 ιο;
2651 2245 2705 2272 484.

2533 2570 2543 2581 ⁸
2549 2569 2684 2591 Vid.Exod.
2693 2574 2743 2596 eap-

2533 2602 2570 2622 ια,
2581 2602 2639 2617 νει-ι.
2656 2595 2678 2617 ι8
2692 2601 2743 2623 sq.;

2533 2622 2601 2643 Deut.
2635 2628 2685 2649 cap.

2532 2655 2591 2670 vers.
2605 2654 2630 2670 22
2645 2654 2699 2676 sqq.

2537 3236 2544 3243 ⁶
2559 3236 2609 3256 Art.
2624 3242 2647 3261 4.

2534 3324 2543 3334 ·
2559 3323 2623 3344 Vcrs.
2635 3323 2656 3345 8.

2715 2628 2743 2649 v)
