2840 4010
16 1411 18 1414 .
32 1388 170 1424 “Attienu-
176 1398 254 1422 pnec-

47 2634 60 2647 '
74 2633 131 2664 Cup.
146 2640 187 2657 vn.

916 169 1179 216 QUAESTIO
1210 170 1383 217 LXXIV,
1413 169 1706 206 ARTICULUS
1733 169 1801 206 Vll

274 253 473 296 peccatum
494 245 533 282 in
553 246 708 293 ratione,
730 246 824 283 sicut
843 247 955 284 etiarn
975 247 1128 295 quando
1149 248 1275 284 deficit
1293 247 1332 284 in

277 298 480 336 directione
516 298 743 336 exteriorum
776 307 941 336 actuum.
976 300 1111 336 Deficit
1139 307 1266 336 autem
1295 300 1332 335 in

278 350 483 388 directione
512 351 733 399 passionum
760 351 980 389 interiorum
1009 352 1216 400 dupliciter.
1246 352 1332 388 Uno

277 403 409 450 modo,
438 404 593 452 quando
625 404 788 453 imperat
814 405 957 441 illicitas
993 403 1210 452 passiones:
1241 403 1335 439 sicut

277 456 431 504 quando
456 457 575 493 homo
598 469 642 493 ex
663 456 931 494 deliberatione
957 463 1141 504 provocat
1165 455 1233 491 sibi
1253 467 1335 491 mo-

276 516 358 545 tum
374 508 450 545 irae
469 509 532 546 vel
553 508 904 557 concupiscientiae.
925 508 1009 544 Alio
1031 507 1164 552 modo,
1180 507 1334 554 quando

278 572 356 598 non
372 561 541 609 reprimit
560 561 727 598 illicitum
745 560 931 610 passionis
950 567 1116 596 motum:
1138 560 1231 595 sicut
1247 571 1334 595 curn

279 613 424 662 aliquis,
442 621 646 662 postquam
670 612 892 651 deliberavit
920 611 1025 660 quod
1047 620 1173 648 motus
1193 611 1335 660 passio—

278 666 335 703 nis
368 665 563 714 insurgens
597 674 652 703 est
681 665 931 711 inordinatus,
961 663 1205 701 nihilominus
1240 664 1337 700 circa

277 719 403 767 ipsum
431 719 666 766 immoratur,
686 725 724 755 et
746 717 871 766 ipsum
892 729 969 754 non
989 717 1138 766 expellit
1155 721 1182 753 Υ.
1213 717 1262 753 Et
1279 728 1336 753 se-

280 771 448 808 cundum
476 772 551 808 hoc
579 770 713 808 dicitur
739 777 939 819 peccatum
970 769 1225 806 delectationis
1253 781 1337 805 mo-

280 836 388 860 rosae
418 836 499 860 esse
527 823 566 860 in
596 822 751 859 ratione.

331 878 390 912 An
409 887 546 913 Paruum
568 887 666 913 ERGO
695 887 877 912 DICENDUM
906 875 1010 923 quod
1031 873 1226 911 delectatio
1255 872 1337 921 qui-

280 927 369 965 dem
390 928 501 965 estin
518 927 559 964 vi
583 928 789 976 appetitiva
817 927 912 964 sicut
940 927 977 964 in
1001 927 1175 975 proximo
1201 925 1336 974 princi-

277 980 364 1029 pio,
393 981 462 1018 sed
488 981 527 1018 in
562 981 706 1018 ratione
735 990 791 1017 est
818 980 912 1017 sicut
940 980 979 1017 in
1005 979 1128 1028 primo
1166 979 1334 1015 motivo:

330 1093 358 1127 γ)
376 1093 496 1125 expellit.
513 1107 533 1112 -
550 1093 655 1125 repellit
674 1093 726 1118 EF.

2387 181 2433 215 41

1386 247 1596 284 secundum
1633 247 1708 284 hoc
1736 247 1841 295 quod
1879 259 1992 296 supra
2010 247 2030 269 '¹‘
2058 247 2200 284 dictum
2236 254 2304 294 est,
2335 247 2439 296 quod

1386 299 1552 337 actiones
1580 312 1678 348 quae
1707 312 1784 336 non
1818 307 2013 336 transeunt
2038 299 2077 336 in
2106 299 2328 336 exteriorem
2362 311 2441 335 ma-

1386 352 1532 398 teriam,
1562 360 1648 389 sunt
1675 351 1770 389 sicut
1798 352 1836 388 in
1865 353 2033 389 subiecto
2066 352 2105 389 in
2133 352 2209 388 suis
2237 352 2438 400 principiis.

1439 407 1497 440 Αι)
1526 417 1713 442 SECUNDUM
1741 416 1923 442 mcx-:unum
1951 404 2056 454 quod
2080 405 2173 441 ratio
2202 412 2328 441 actum
2354 417 2440 452 pro-

1386 456 1511 504 prium
1540 457 1705 494 illicitum
1733 458 1848 494 habet
1881 458 1979 494 circa
2005 457 2203 506 proprium
2232 457 2439 493 obiectum:

1388 509 1454 545 sed
1484 508 1730 546 directionem
1759 511 1873 546 habet
1898 511 1995 547 circa
2023 510 2152 547 omnia
2176 509 2323 546 obiecta
2351 509 2442 545 infe-

1389 560 1530 597 riorum
1547 561 1686 598 virium
1715 574 1812 610 quae
1834 575 1903 610 per
1930 562 2115 599 rationem
2144 562 2249 610 dirigi
2270 569 2440 610 possunt.

1389 613 1438 648 Et
1462 613 1673 650 secundum
1693 614 1767 650 hoc
1791 615 1904 651 etiam
1924 615 2119 652 delectatio
2139 615 2238 651 circa
2255 614 2442 651 sensibilia

1391 664 1538 701 obiecta
1564 665 1726 712 pertinet
1753 666 1801 702 ad
1830 667 2026 704 rationem.

1441 719 1499 753 AD
1527 729 1686 754 TERTIUM
1723 730 1905 755 mCENDUM
1942 719 2046 767 quod
2078 719 2273 756 delectatio
2311 718 2444 756 dieitur

1389 781 1545 806 morosa
1571 782 1650 806 non
1679 781 1722 806 ex
1750 782 1859 807 mora
1887 772 2082 820 temporis;
2113 772 2179 808 sed
2199 784 2244 808 ex
2273 783 2318 807 eo
2339 771 2444 820 quod

1389 821 1482 858 ratio
1503 822 1713 858 deliberans
1737 822 1834 859 circa
1862 835 1945 860 eam
1970 824 2205 871 immoratur,
2226 836 2296 860 nec
2315 831 2442 860 tamen

1392 886 1476 910 eam
1505 874 1660 922 repellit,
1690 880 1815 911 tenens
1842 881 1878 911 et
1897 876 2048 913 volvens
2075 877 2228 913 libenter
2255 888 2350 924 quae
2372 881 2445 913 sta-

1394 927 1458 963 tim
1487 933 1526 962 ut
1551 927 1756 976 attigerunt
1785 929 1974 973 animum,
2004 929 2129 976 respui
2154 929 2376 974 debuerunt,
2404 936 2445 965 ut

1390 979 1621 1026 Augustinus
1649 979 1746 1026 dicit,
1777 981 1845 1016 XII
1875 981 1920 1017 de
1951 981 2054 1017 Trin.
2074 980 2094 1002 ²¹⁸

949 1170 1279 1203 Commentaria
1300 1169 1550 1202 Cardinalis
1570 1170 1769 1203 Caietam

247 1290 258 1293 ,
282 1255 499 1328 Iu-artieulo‘
508 1262 594 1286 sexto
619 1255 761 1285 eiusdem
785 1253 1160 1294 septuagesimaequartae
1183 1252 1341 1293 quaestio-

311 1309 332 1330 n

333 1299 369 1336 is,
388 1300 513 1330 videtur
529 1299 607 1329 mihi
631 1299 719 1339 quod
738 1300 860 1329 Auctor
874 1299 915 1329 ob
931 1297 1136 1331 reverentiam
1152 1296 1215 1327 divi
1230 1299 1340 1336 Augu-

280 1343 362 1380 stini,
379 1343 547 1374 articulum
565 1343 651 1373 hunc
675 1349 706 1373 et
729 1350 914 1383 sequentem
937 1341 1128 1382 apposuerit.
1154 1340 1239 1371 Cum
1255 1340 1341 1370 enim

281 1397 318 1418 ex
332 1387 422 1418 dictis
437 1387 454 1406 *
476 1387 540 1418 iam
557 1393 679 1417 constet
698 1396 793 1416 omne
816 1393 982 1427 peccatum
998 1395 1063 1416 esse
1079 1385 1112 1415 in
1130 1384 1184 1414 illa
1198 1384 1341 1424 potentia

281 1441 364 1472 quae
387 1437 434 1462 est
455 1431 639 1472 proximum
663 1430 730 1460 eius
753 1430 945 1471 principium
966 1429 1102 1460 Liberum
1118 1438 1172 1458 seu
1190 1428 1341 1458 rationale

281 1475 390 1516 aliquo
418 1475 536 1511 modo;
560 1481 591 1505 et
619 1474 783 1505 delectatio
812 1483 942 1504 morosa
969 1473 1008 1504 sit
1029 1473 1062 1503 in
1086 1471 1339 1512 concupiscibili,

282 1519 394 1550 saltem
416 1519 621 1559 quandoque,
646 1525 683 1549 ut
705 1525 793 1549 mota
816 1526 862 1549 est
877 1528 895 1548 a
911 1516 1080 1558 superiori:
1105 1516 1130 1546 si
1155 1523 1255 1547 cetera
1271 1526 1340 1556 pec-

282 1569 350 1594 cata
371 1562 638 1602 intemperantiae,
664 1569 694 1593 et
717 1572 889 1593 consensus
911 1562 944 1592 in
963 1571 1033 1592 eam
1056 1560 1095 1592 sit
1113 1560 1145 1590 in
1167 1560 1339 1596 voluntate,

282 1613 313 1638 et
334 1606 505 1647 imperium
528 1607 577 1637 vel
601 1616 667 1636 non
689 1606 860 1646 imperium
883 1604 1134 1646 reprehensionis
1157 1604 1240 1635 illius
1255 1604 1341 1634 sitin

281 1650 415 1687 ratione;
432 1660 630 1691 consequens
646 1657 692 1680 est
707 1651 794 1691 quod
815 1660 881 1680 non
900 1649 1066 1690 oportebat
1081 1648 1263 1688 simpliciter
1278 1648 1339 1678 sol-

280 1692 392 1725 licitari
407 1695 447 1725 de
460 1695 601 1725 subiecto
620 1694 715 1725 huius
731 1694 850 1734 peccati
866 1694 965 1734 magis
988 1703 1085 1734 quam
1109 1692 1255 1722 aliorum.
1279 1691 1340 1722 Sed

282 1739 436 1779 quoniam
459 1738 658 1770 beatissimus
678 1748 714 1769 ac
730 1738 931 1768 doctissimus
946 1736 1143 1778 Augustinus
1159 1736 1340 1766 attribuerat

1393 1261 1559 1293 peccatum
1574 1263 1719 1285 morosae
1744 1254 1956 1284 delectationis
1972 1254 2085 1286 rationi
2100 1254 2249 1291 inferiori,
2269 1255 2395 1292 idcirco,
2411 1263 2448 1286 ut

1394 1297 1455 1328 hoc
1478 1298 1618 1334 salvaret,
1634 1298 1719 1328 hunc
1741 1298 1848 1328 docuit
1864 1298 2040 1334 articulum,
2058 1309 2094 1329 ex
2108 1308 2174 1339 quo
2191 1299 2352 1329 enucleare
2375 1300 2447 1330 sub-

1394 1341 1541 1372 stantiam
1564 1342 1682 1381 peccati
1706 1341 1856 1372 discimus
1879 1342 2102 1379 diversimode,
2127 1349 2163 1373 ut
2185 1343 2305 1373 dictum
2328 1350 2382 1373 est.

1449 1385 1486 1416 ΙΙ.
1512 1386 1546 1415 In
1570 1385 1775 1426 responsione
1799 1386 1838 1416 ad
1862 1385 2001 1425 primum
2023 1386 2056 1416 in
2080 1387 2193 1416 eodem
2216 1386 2356 1422 articulo,
2382 1387 2447 1417 duo

1394 1428 1482 1464 scito,
1503 1429 1630 1460 novitie.
1645 1429 1771 1471 Primo,
1788 1430 1877 1470 quod
1893 1429 2055 1460 delectatio
2071 1430 2184 1461 dicitur
2199 1440 2264 1460 esse
2279 1430 2311 1460 in
2327 1430 2448 1461 ratione

1394 1479 1429 1503 ut
1452 1473 1484 1502 in
1507 1472 1611 1512 primo
1635 1473 1767 1509 motivo,
1793 1483 1831 1503 eo
1854 1473 1953 1503 modo
1977 1483 2043 1514 quo
2066 1473 2236 1514 imperium
2257 1474 2370 1504 dicitur
2385 1474 2447 1514 pri-

1394 1526 1485 1546 mum
1509 1526 1650 1547 movens.
1667 1534 1687 1539 -
1703 1516 1850 1547 Secundo
1874 1517 1971 1557 quod,
1995 1517 2070 1557 quia
2092 1519 2213 1548 Auctor
2235 1517 2367 1548 intendit
2390 1518 2447 1547 sal-

1393 1570 1464 1590 vare
1488 1560 1576 1600 quod
1599 1560 1785 1591 huiusmodi
1803 1567 1968 1600 peccatum
1992 1561 2031 1591 sit
2053 1561 2086 1591 in
2110 1561 2231 1592 ratione
2245 1561 2330 1591 utin
2347 1561 2447 1591 subie-

1395 1611 1455 1640 cto,
1479 1604 1551 1634 ideo
1571 1604 1682 1644 repetit
1700 1605 1842 1644 regulam
1858 1605 2002 1644 superius
2017 1604 2034 1622 ὓ
2057 1605 2206 1641 habitam,
2226 1604 2342 1635 scilicet
2360 1605 2448 1645 quod

1394 1657 1493 1688 aequa
1518 1655 1563 1678 est
1586 1648 1723 1679 extensio
1747 1648 1891 1689 principii
1915 1655 1946 1679 et
1963 1649 2093 1679 subiecti
2109 1649 2142 1679 in
2157 1648 2285 1679 materia
2307 1655 2448 1688 peccato-

1394 1701 1478 1727 rum;
1497 1699 1532 1722 ut
1547 1692 1620 1722 inde
1637 1692 1736 1722 discas
1752 1692 1840 1733 quod
1857 1692 2020 1723 delectatio
2035 1700 2080 1723 est
2096 1693 2129 1723 in
2145 1693 2264 1723 ratione
2280 1692 2448 1723 subiective

1394 1742 1546 1776 tanquam
1561 1736 1746 1775 imperante,
1758 1736 1791 1766 in
1804 1736 1944 1777 appetitu
1962 1743 2068 1767 autem
2083 1743 2234 1777 tanquam
2249 1737 2282 1766 in
2297 1736 2445 1767 eliciente.

1060 1887 1376 1930 ARTICULUS
1406 1887 1669 1929 SEPTIMUS

592 1982 748 2013 UTRUM
772 1981 1010 2012 PECCATUM
1034 1979 1280 2011 CONSENSUS
1304 1979 1346 2009 IN
1369 1978 1523 2009 ACTUM
1547 1979 1612 2009 sn*
1637 1979 1679 2009 IN
1702 1978 1895 2009 RATIONE
1919 1978 2140 2009 supssruom

744 2061 833 2092 Supra,
853 2067 897 2092 qu.
909 2067 949 2091 xv,
969 2064 1014 2084 art.
1028 2067 1060 2091 45
1078 2058 1100 2083 11
1119 2058 1202 2088 Sent.,
1222 2058 1281 2082 dist.
1294 2065 1359 2089 mv,
1380 2066 1424 2090 qu.
1437 2065 1480 2088 111,
1501 2063 1547 2082 art.
1567 2065 1591 2088 1;
1612 2057 1653 2082 De
1675 2056 1764 2086 Ver-it„
1783 2065 1827 2090 qu.
1842 2065 1881 2086 xv,
1901 2062 1946 2081 art.
1963 2057 1987 2083 3.

317 2198 321 2205 l

424 2177 443 2187 ,ι
499 2162 521 2187 n
536 2160 715 2186 εΕΡτιΜυΜ
729 2160 782 2184 sm
797 2146 1060 2184 PROCEDlTUR*.
1071 2146 1229 2183 Videtur
1238 2146 1342 2195 quod
1395 2144 1584 2190 seriorem,
1613 2143 1663 2180 ita
1682 2143 1775 2180 ratio
1796 2143 1941 2180 excedit
1959 2144 2040 2180 vim
2059 2144 2349 2191 imaginativam.
2371 2145 2448 2182 Sed

498 2209 698 2250 peccatum
731 2213 937 2237 consensus
965 2200 1003 2236 in
1032 2207 1157 2236 actum
1191 2211 1269 2235 non
1298 2198 1344 2235 sit
1396 2197 1626 2246 quandoque
1653 2196 1824 2244 procedit
1854 2197 1974 2233 homo
2001 2197 2039 2232 in
2067 2205 2193 2233 actum
2221 2210 2289 2245 per
2315 2210 2448 2245 appre-

484 2251 536 2292 in
568 2254 711 2292 ratione
746 2253 941 2302 superiori.
978 2252 1200 2289 Consentire
1239 2251 1340 2288 enim
1395 2249 1619 2286 hensionem
1637 2249 1782 2286 virtutis
1809 2249 2086 2296 imaginativae,
2107 2250 2249 2297 absque
2265 2250 2370 2287 omni
2385 2250 2448 2287 de-

347 2323 355 2331 .
371 2299 435 2336 “f
459 2298 555 2345 est
573 2314 678 2344 actus
702 2306 929 2355 appetitivae
948 2305 1104 2352 virtutis,
1134 2313 1174 2342 ut
1193 2317 1308 2353 supra
1322 2303 1341 2326 '¹‘
1395 2302 1613 2338 liberatione
1642 2301 1810 2338 rationis:
1841 2301 1935 2338 sicut
1963 2314 2051 2338 cum
2074 2302 2205 2350 aliquis
2226 2315 2271 2339 ex
2289 2302 2448 2351 imprae-

284 2361 457 2399 habitum
477 2369 543 2398 est.
565 2359 642 2397 Sed
662 2360 755 2396 ratio
776 2367 832 2406 est
848 2359 907 2396 vis
929 2358 1217 2407 apprehensiva.
1239 2359 1341 2405 Ergo

284 2421 484 2464 peccatum
513 2425 721 2450 consensus
741 2413 779 2449 in
807 2419 934 2449 actum
954 2423 1032 2448 non
1061 2418 1116 2448 est
1139 2411 1178 2448 in
1196 2410 1341 2447 ratione

285 2467 481 2517 superiori.

339 2532 375 2557 2.
396 2519 628 2565 Puerum,
649 2518 742 2555 ratio
763 2516 935 2566 superior
957 2516 1114 2553 intendit
1137 2516 1342 2553 rationibus

285 2573 445 2612 aeternis
472 2571 705 2620 inspiciendis
732 2576 768 2607 et
784 2569 1028 2614 consulendis,
1052 2577 1094 2605 ut
1109 2569 1342 2617 Augustinus

286 2626 385 2673 dicit,
414 2626 483 2662 XII
510 2625 555 2661 de
577 2626 613 2661 T
608 2624 680 2661 rin.
700 2623 720 2645 '¹‘
749 2623 826 2660 Sed
853 2623 1085 2671 quandoque
1114 2621 1344 2658 consentitur

285 2678 324 2716 in
351 2685 479 2715 actum
507 2689 585 2714 non
614 2676 793 2714 consultis
822 2675 1027 2712 rationibus
1055 2674 1235 2712 aeternis:
1265 2686 1342 2711 non

287 2731 389 2768 enim
426 2742 576 2779 semper
611 2730 731 2766 homo
773 2729 910 2776 cogitat
946 2728 993 2765 de
1030 2728 1143 2764 rebus
1181 2726 1342 2775 divinis,

287 2784 441 2833 quando
461 2782 647 2820 consentit
664 2782 703 2819 in
721 2781 887 2830 aliquem
915 2789 1053 2818 actum.
1083 2781 1185 2827 Ergo
1210 2792 1344 2829 pecca-

285 2844 367 2874 tum
396 2847 603 2873 consensus
630 2835 670 2872 in
701 2842 828 2872 actum
856 2846 935 2871 non
962 2845 1115 2882 semper
1143 2840 1198 2870 est
1219 2833 1258 2869 in
1286 2845 1343 2869 ra-

285 2889 388 2926 tione
417 2887 612 2937 superiori.

342 2943 376 2979 3.
396 2942 630 2987 PRAETEREA,
646 2939 741 2977 sicut
758 2952 828 2989 per
847 2938 1011 2976 rationes
1030 2945 1201 2975 aeternas
1219 2945 1344 2986 potest

286 2995 406 3032 homo
422 2994 589 3042 regulare
605 3000 708 3030 actus
724 2992 937 3039 exteriores,
954 2991 1004 3028 ita
1020 2991 1133 3028 etiam
1148 2990 1343 3032 interiores

288 3046 566 3091 delectationes,
585 3046 648 3083 vel
677 3045 766 3082 alias
792 3045 1000 3094 passiones.
1030 3044 1107 3081 Sed
1136 3056 1343 3080 consensus

286 3100 326 3138 in
345 3099 633 3138 delectationem
654 3098 796 3146 absque
815 3099 890 3134 hoc
908 3097 1013 3146 quod
1031 3108 1143 3145 opere
1159 3102 1344 3133 statuatur

287 3152 527 3202 implendum,
557 3158 613 3188 est
640 3150 794 3187 rationis
821 3149 1021 3195 inferioris3
1049 3156 1092 3186 ut
1109 3149 1198 3186 dicit
1214 3151 1343 3197 Augu-

288 3206 422 3252 stinus,
452 3205 520 3241 XII
550 3204 595 3241 de
626 3204 662 3240 T
658 3203 728 3240 rin.
750 3202 770 3223 ¹*
799 3203 900 3250 Ergo
929 3202 1042 3239 etiam
1071 3213 1278 3239 consensus
1305 3201 1344 3238 in

288 3265 415 3296 actum
442 3256 585 3306 peccati
615 3255 728 3293 debet
751 3254 942 3292 interdurn
970 3253 1120 3291 attribui
1138 3254 1271 3291 rationi
1290 3254 1344 3291 in-

287 3310 425 3348 feriori.

339 3376 377 3411 4.
398 3363 631 3418 PRAETEREA,
653 3360 747 3397 sicut
766 3360 858 3397 ratio
883 3358 1054 3408 superior
1082 3358 1227 3396 excedit
1245 3363 1263 3380 α
1290 3358 1344 3394 in-

1395 2355 1573 2391 meditato
1603 2362 1734 2391 movet
1761 2366 1920 2392 manum
1948 2362 2012 2391 aut
2030 2355 2182 2403 pedem.
2210 2356 2311 2403 Ergo
2337 2355 2448 2392 etiam

1395 2408 1626 2455 quandoque
1641 2414 1764 2456 potest
1778 2407 1871 2443 ratio
1886 2406 2038 2444 inferior
2053 2407 2260 2444 consentire
2275 2408 2313 2444 in
2323 2415 2448 2444 actum

1394 2460 1555 2509 peccati,
1584 2461 1728 2508 absque
1756 2459 1901 2496 ratione
1929 2459 2122 2508 superiorI.

1450 2514 1523 2550 SED
1553 2524 1698 2550 CONTRA
1721 2524 1787 2549 EST
1807 2514 1911 2561 quod
1938 2513 2168 2560 Augustinus
2197 2512 2295 2559 dicit,
2315 2514 2385 2550 XII
2404 2514 2449 2549 de

1401 2568 1436 2603 T
1432 2567 1503 2603 rin.
1519 2565 1554 2602 *ε
1579 2566 1622 2602 Si
1638 2566 1676 2602 in
1700 2566 1940 2602 consensione
1966 2566 2065 2602 male
2084 2565 2209 2602 utendi
2226 2567 2336 2602 rebus
2353 2577 2449 2613 quae

1390 2631 1463 2668 per
1497 2630 1645 2655 sensum
1683 2619 1851 2666 corporis
1882 2619 2114 2664 sentiuntur,
2154 2619 2207 2654 ita
2240 2619 2451 2655 decernitur

1397 2671 1655 2720 quodcumque
1677 2677 1894 2720 peccatum,
1925 2676 1978 2717 ut,
2005 2671 2039 2707 si
2059 2676 2221 2719 potestas
2247 2671 2307 2716 sit,
2336 2671 2446 2707 etiam

1397 2736 1554 2773 corpore
1573 2724 1813 2772 compleatur,
1845 2724 2081 2773 intelligenda
2100 2729 2154 2760 est
2174 2723 2308 2760 mulier
2325 2724 2447 2760 cibum

1397 2778 1562 2814 illicitum
1597 2777 1680 2814 viro
1716 2777 1876 2822 dedisse,
1904 2789 1974 2825 per
2004 2788 2120 2824 quem
2154 2776 2323 2824 superior
2354 2775 2447 2812 ratio

1397 2831 1636 2879 significatur.
1666 2831 1767 2877 Ergo
1797 2830 1846 2866 ad
1874 2829 2057 2866 rationem
2086 2829 2318 2877 superiorem
2338 2828 2449 2876 perti-

1397 2891 1461 2920 net
1489 2883 1699 2919 consentire
1727 2883 1766 2919 in
1795 2889 1921 2919 actum
1948 2881 2103 2931 peccati.

2468 256 2475 264 ·
2491 255 2541 276 Art.
2555 261 2571 276 1.

2474 1610 2483 1618 '¹
2498 1608 2548 1629 Art.

2475 2576 2482 2584 ³
2499 2575 2557 2597 lbid.

1450 2937 1674 2972 REspoNDEO
1694 2947 1878 2973 DICENDUM
1906 2935 2010 2983 quod
2039 2945 2244 2970 consensus
2271 2932 2448 2981 importat
2471 2934 2475 2938 “

1396 2989 1578 3026 iudicium
1606 2988 1803 3037 quoddam
1838 2989 1885 3025 de
1914 2999 1960 3023 eo
1993 2987 2031 3023 in
2059 2986 2163 3034 quod
2197 2984 2445 3022 consentitur:

1397 3042 1491 3079 sicut
1519 3041 1620 3078 enim
1649 3041 1741 3078 ratio
1771 3040 1999 3089 speculativa
2026 3038 2164 3075 iudicat
2191 3045 2227 3074 et
2253 3037 2451 3074 sententiat

1398 3095 1445 3132 de
1466 3095 1577 3131 rebus
1596 3093 1895 3141 intelligibilibus,
1925 3092 1974 3128 ita
2002 3091 2095 3127 ratio
2122 3090 2287 3139 practica
2311 3090 2452 3127 iudicat

1399 3155 1436 3184 et
1450 3146 1647 3183 sententiat
1667 3146 1713 3182 de
1728 3145 1892 3192 agendis.
1913 3145 1981 3180 Est
1995 3151 2119 3180 autern
2134 3142 2450 3180 considerandum

1397 3199 1502 3248 quod
1520 3199 1558 3236 in
1578 3198 1682 3235 omni
1701 3197 1837 3234 iudicio
1857 3196 1988 3233 ultima
2016 3194 2198 3233 sententia
2224 3195 2382 3243 pertinet
2401 3195 2450 3232 ad

1397 3263 1618 3300 supremum
1645 3249 1921 3287 iudicatorium:
1952 3248 2045 3286 sicut
2061 3247 2238 3286 videmus
2262 3247 2301 3284 in
2319 3259 2451 3296 specu-

1397 3305 1517 3342 lativis
1545 3302 1649 3351 quod
1676 3302 1808 3339 ultima
1835 3301 2019 3338 sententia
2053 3300 2099 3338 de
2128 3300 2252 3349 aliqua
2279 3299 2451 3348 proposi-

1397 3357 1497 3393 tione
1526 3357 1635 3393 datur
1652 3367 1720 3404 per
1739 3354 2006 3391 resolutionem
2035 3353 2083 3391 ad
2105 3353 2228 3402 prima
2256 3352 2449 3402 principia.

342 3478 369 3510 α)
389 3476 504 3502 excedit.
522 3489 540 3494 —
555 3475 694 3508 praecellit
712 3473 768 3503 ΕΚ,
787 3473 895 3498 excellit
914 3473 997 3498 ceteri.
1015 3486 1034 3491 —
1052 3473 1114 3496 Post
1133 3471 1202 3496 ratio
1221 3471 1257 3495 sD
1277 3471 1346 3496 addit
1365 3470 1486 3504 inferior.

430 3531 539 3556 Sunium:
558 3529 658 3554 Tnsor..
678 3529 709 3553 D.
727 3528 841 3552 Tuomst:
860 3527 892 3551 T.
911 3527 953 3551 IV.
