2840 4010
98 675 221 724 Ῑηξὲἀῳ
240 681 287 697 xm
290 681 311 703 ι’

98 2551 110 2562 “
121 2551 198 2578 Qu.x
183 2557 220 2579 x‚c
234 2555 276 2574 art.

99 2577 128 2599 nd
141 2583 163 2602 2.

103 3321 115 3333 ⁸
128 3320 201 3344 Num.
214 3326 237 3343 ιι.

102 3408 234 3437 ‘propria
260 3408 296 3431 edi
298 3411 314 3431 t.

342 142 413 178 168

1027 144 1293 191 QUAESTIO
1323 144 1457 191 XCIV,
1486 145 1781 183 ARTICULUS
1811 148 1825 183 1

767 341 1179 418 QUAESTIO
1216 342 2086 420 NONAGESIMAQUARTA

1069 460 1160 501 DE
1198 461 1379 502 LEGE
1418 463 1781 504 NATURALI

1174 576 1208 601 IN
1238 577 1302 602 SEX
1330 578 1532 603 ARTICULOS
1559 579 1676 603 DIVISA

423 678 529 704 EINDE
558 666 877 704 considerandum
902 674 958 704 est
991 668 1037 705 de
1057 669 1143 716 lege*
1163 669 1321 706 naturali
1339 670 1370 707 *.

341 677 471 758 DEt
500 719 597 756 circa
624 719 699 756 hoc
727 727 959 768 quaeruntur
986 732 1063 758 sex.

418 772 574 809 Primo:
605 772 696 821 quid
725 772 770 809 sit
797 773 857 809 lex
885 773 1074 810 naturalis.

419 825 624 862 Secundo:
669 837 766 874 quae
808 825 881 862 sint
921 833 1125 875 praecepta
1165 826 1255 874 legis
1292 834 1400 864 natu-

471 877 568 914 ralis.

1506 670 1661 707 Tertio:
1689 678 1817 708 utrum
1855 684 1991 709 omnes
2020 680 2124 709 actus
2151 672 2334 710 virtutum
2368 673 2442 711 sint
2468 674 2516 712 de

1558 724 1640 771 lege
1669 723 1839 760 naturali.

1508 776 1669 822 Quarto:
1686 782 1814 812 utrum
1829 775 1888 813 lex
1903 778 2082 815 naturalis
2097 777 2143 815 sit
2156 790 2234 815 una
2249 778 2351 828 apud
2367 791 2515 818 omnes.

1507 828 1673 875 Quinto:
1702 835 1831 865 utrum
1859 828 1906 865 sit
1932 831 2132 868 mutabilis.

1509 881 1645 918 Sexto:
1673 888 1801 917 utrum
1834 882 1954 929 possit
1981 895 2003 920 a
2031 891 2158 921 mente
2190 884 2357 922 hominis
2387 884 2514 922 deleri.

1150 989 1467 1032 ARTICULUS
1497 990 1703 1032 PRIMUS

1012 1081 1168 1112 UTRUM
1191 1081 1276 1112 LEX
1297 1080 1544 1113 NATURALIS
1567 1082 1633 1114 311
1657 1083 1844 1114 HABITUS

342 1172 344 1175 .
372 1183 525 1241 ἶζὲἧΛΐκ(
558 1185 567 1201 .
602 1179 738 1204 3111111111
765 1179 819 1204 318
847 1178 1085 1204 3308301133.
1105 1167 1265 1205 Videtur
1291 1168 1398 1216 quod

365 1212 420 1281 '‘53²2‘'
464 1214 465 1228 ¹
474 1222 525 1271 μὴ
550 1221 609 1257 lex
627 1220 805 1256 naturalis
825 1220 870 1256 sit
893 1220 1056 1257 habitus.
1083 1220 1184 1267 Quia
1206 1229 1248 1258 ut
1267 1220 1398 1258 Philo-

355 1257 409 1321 'fs
459 1260 694 1333 ἶ[30111133
719 1272 818 1319 dicit,
837 1272 876 1309 in
900 1274 932 1309 II
951 1273 1072 1310 Ethic.
1094 1274 1126 1320 ⁵,
1147 1274 1219 1310 tria
1245 1279 1334 1311 sunt
1358 1274 1397 1311 in

393 1295 515 1356 3⁹³³}
505 1319 698 1363 &animm
723 1301 901 1373 potantia,
924 1327 1071 1363 habitus
1093 1331 1130 1363 et
1148 1327 1290 1375 passio.
1321 1327 1399 1365 Sed

337 1379 517 1416 naturalis
538 1379 598 1415 lex
625 1391 704 1415 non
724 1386 780 1415 est
807 1378 931 1426 aliqua
949 1379 1205 1428 potentiarum
1233 1380 1396 1428 animae,

337 1445 408 1469 nec
437 1432 563 1481 aliqua
590 1431 832 1480 passionum:
852 1439 894 1468 ut
921 1439 1026 1480 patet
1049 1433 1311 1470 enumerando
1330 1445 1400 1482 per

337 1485 494 1533 singula.
516 1486 619 1532 Ergo
647 1485 707 1522 lex
734 1484 913 1521 naturalis
942 1492 997 1521 est
1023 1485 1184 1522 habitus.

392 1550 427 1576 2.
448 1539 681 1585 PRAETEREA,
701 1537 860 1575 Basilius
877 1537 898 1560 '⁸‘
922 1537 1010 1574 dicit
1028 1538 1134 1586 quod
1157 1538 1399 1586 conscientia,

209 1606 222 1621 a
254 1580 267 1595 ⁷
285 1590 311 1622 1i’.
338 1591 418 1629 sive
437 1591 665 1639 synderesis,
681 1598 737 1627 est
751 1591 815 1627 lex
832 1590 1034 1628 intellectus
1049 1591 1182 1628 nostri:
1201 1591 1307 1640 quod
1321 1604 1400 1629 non

337 1652 463 1693 potest
490 1644 641 1691 intelligi
675 1643 745 1680 nisi
774 1644 821 1681 de
849 1644 930 1691 lege
959 1644 1129 1680 naturali.
1159 1645 1235 1682 Sed
1262 1644 1400 1692 synde-

178 1716 208 1731 ιι
234 1716 257 1737 x,
304 1725 310 1731 .
338 1697 430 1734 resis
459 1705 515 1733 est
541 1697 691 1734 habitus
719 1696 885 1745 quidam,
905 1704 946 1733 ut
966 1697 1005 1734 in
1034 1697 1164 1734 Primo
1184 1697 1204 1719 ’⁸‘
1226 1697 1399 1735 habitum

339 1758 404 1787 est.
426 1751 528 1797 Ergo
557 1750 616 1786 lex
645 1750 825 1786 naturalis
853 1756 910 1786 est
935 1749 1097 1786 habitus.

393 1804 426 1840 3.
448 1804 681 1850 PRAETEREA,
702 1803 762 1839 lex
789 1802 968 1839 naturalis
1002 1814 1153 1852 semper
1178 1802 1218 1839 in
1245 1803 1400 1841 homine

335 1863 475 1902 manet,
496 1864 537 1892 ut
563 1856 659 1893 infra
685 1855 705 1877 '¹⁶
733 1855 886 1905 patebit.
909 1855 986 1892 Sed
1014 1867 1092 1893 non
1126 1867 1278 1904 semper
1306 1857 1400 1894 ratio

335 1909 520 1956 hominis,
551 1909 599 1945 ad
628 1920 744 1958 quam
773 1909 832 1945 lex
859 1908 1042 1957 pertinet,
1073 1908 1210 1956 cogitat
1243 1909 1291 1946 de
1318 1910 1400 1958 lege

336 1961 507 1998 naturali.
538 1962 640 2009 Ergo
678 1961 737 1998 lex
774 1961 952 1998 naturalis
981 1973 1060 1998 non
1095 1969 1150 1998 est
1178 1969 1302 2011 actus,
1332 1964 1400 2000 sed

336 2014 499 2052 habitus.

392 2068 466 2104 SED
487 2078 632 2104 CONTRA
651 2078 717 2103 EST
736 2067 841 2114 quod
861 2066 1095 2114 Augustinus
1118 2067 1216 2115 dicit,
1236 2068 1275 2105 in
1303 2068 1399 2105 libro

338 2121 383 2157 de
401 2122 510 2157 Bono
536 2120 740 2169 Coniugali
752 2119 783 2167 ²¹⁸,
801 2121 906 2168 quod
925 2120 1073 2157 habitus
1096 2126 1148 2157 est
1167 2132 1240 2169 quo
1259 2121 1402 2169 aliquid

338 2173 467 2222 agitur
495 2184 580 2209 cum
618 2184 710 2220 opus
738 2178 801 2210 est.
824 2173 902 2209 Sed
939 2173 1117 2210 naturalis
1145 2174 1205 2210 lex
1238 2186 1317 2211 non
1346 2181 1421 2221 est*

338 2225 580 2263 huiusmodi:
611 2233 667 2262 est
686 2225 787 2262 enim
817 2225 855 2262 in
874 2226 1041 2274 parvulis
1062 2233 1098 2262 et
1117 2226 1316 2275 damnatis,
1337 2227 1401 2276 qui

337 2290 406 2328 per
434 2291 520 2315 eam
549 2290 659 2326 agere
688 2291 767 2316 non
799 2287 971 2327 possunt.
1002 2279 1105 2327 Ergo
1134 2279 1194 2316 lex
1222 2280 1400 2318 naturalis

338 2344 418 2369 non
446 2339 501 2368 est
527 2331 690 2368 habitus.

391 2385 616 2421 RESPONDEO
650 2395 833 2421 mcENDuM
861 2384 967 2433 quod
999 2384 1139 2433 aliquid
1175 2391 1300 2432 potest
1328 2385 1400 2424 dici

337 2449 420 2474 esse
447 2442 464 2458 ²
491 2437 640 2474 habitus
670 2437 877 2485 dupliciter.
906 2437 993 2474 Uno
1023 2438 1154 2485 modo,
1183 2438 1336 2487 proprie
1365 2446 1402 2477 et

337 2490 598 2527 essentialiter:
629 2497 666 2527 et
692 2490 745 2526 318
772 2490 831 2526 lex
851 2490 1029 2527 naturalis
1053 2503 1131 2527 non
1161 2498 1216 2527 est
1237 2491 1398 2529 habitus.

291 2543 489 2580 uDictum
517 2550 572 2579 est
599 2543 702 2579 enim
731 2555 844 2591 supra
868 2542 888 2564 '¹‘
915 2543 1020 2592 quod
1049 2543 1106 2580 lex
1134 2544 1312 2581 naturalis
1344 2545 1401 2582 e'st

336 2596 477 2645 aliquid
496 2608 564 2645 per
581 2596 765 2633 rationem
786 2595 1045 2632 constitutum:
1067 2596 1161 2633 sicut
1180 2597 1293 2634 etiam
1311 2609 1400 2646 pro-

335 2649 472 2697 positio
493 2656 548 2686 est
567 2649 763 2697 quoddam
783 2661 879 2697 opus
903 2648 1067 2686 rationis.
1089 2650 1180 2686 Non
1200 2657 1256 2687 est
1274 2657 1400 2687 autem

336 2702 439 2739 idem
456 2702 560 2750 quod
580 2702 662 2751 quis
677 2702 764 2749 agit,
781 2709 817 2738 et
836 2714 913 2750 quo
930 2701 1014 2749 quis
1034 2701 1123 2750 agit:
1145 2702 1278 2751 aliquis
1299 2703 1400 2740 enim

336 2767 405 2804 per
441 2755 613 2798 habitum
650 2754 918 2803 grammaticae
956 2755 1029 2803 agit
1067 2755 1278 2792 orationem
1312 2768 1401 2793 con·-

337 2820 483 2855 gruam.
506 2809 606 2845 Cum
634 2807 742 2856 igitur
769 2807 917 2844 habitus
947 2807 990 2844 sit
1009 2820 1085 2855 quo
1106 2808 1190 2856 quis
1219 2809 1302 2856 agit,
1322 2821 1400 2846 non

337 2868 462 2909 potest
491 2873 572 2898 esse
597 2860 702 2909 quod
729 2861 788 2897 lex
808 2860 933 2909 aliqua
953 2860 998 2897 sit
1016 2860 1166 2898 habitus
1193 2861 1345 2910 proprie
1366 2869 1402 2899 et

340 2913 592 2951 essentialiter.

391 3035 407 3052 α
439 3028 492 3053 dici
510 3034 573 3053 esse.
591 3041 611 3047 -
628 3035 682 3053 esse
701 3028 730 3057 E.
750 3027 804 3053 dici
822 3028 852 3052 K.

392 3027 419 3097 βξ
438 3063 502 3095 ipse.
519 3077 538 3082 -
555 3063 607 3095 ipsi
625 3063 719 3092 ΡΑΗα,
735 3063 848 3095 proprie
866 3063 897 3087 K.

1503 1169 1591 1206 Alio
1618 1170 1737 1207 modo
1765 1177 1890 1218 potest
1916 1171 1988 1209 dici
2016 1173 2167 1210 habitus
2194 1174 2233 1211 id
2252 1175 2356 1223 quod
2383 1175 2516 1213 habitu

1450 1228 1611 1259 tenetur:
1633 1223 1728 1259 sicut
1747 1223 1880 1260 dicitur
1897 1224 1994 1261 fides
2013 1224 2051 1262 id
2070 1226 2177 1274 quod
2195 1227 2273 1264 fide
2291 1235 2454 1266 tenetur.
2466 1230 2516 1266 Et

1450 1274 1525 1311 hoc
1544 1275 1675 1322 modo,
1696 1275 1784 1323 quia
1802 1285 2005 1326 praecepta
2027 1279 2120 1326 legis
2147 1280 2327 1317 naturalis
2343 1281 2515 1329 quando-

1450 1339 1524 1376 que
1554 1328 1838 1366 considerantur
1863 1329 1902 1366 in
1929 1337 2016 1367 actu
2043 1343 2066 1368 a
2093 1331 2255 1380 ratione,
2283 1334 2515 1383 quandoque

1451 1387 1580 1417 autem
1605 1389 1692 1418 sunt
1718 1381 1757 1418 in
1778 1393 1822 1418 ea
1849 1382 2087 1421 habitualiter
2114 1392 2275 1434 tanturn,
2302 1387 2517 1425 secundum

1451 1433 1553 1470 hunc
1586 1434 1749 1471 modum
1777 1441 1902 1482 potest
1929 1435 2002 1473 dici
2033 1438 2139 1496 quod
2169 1439 2230 1475 lex
2263 1440 2444 1477 naturalis
2470 1440 2516 1477 sit

1450 1486 1612 1523 habitus.
1635 1487 1739 1524 Sicut
1758 1487 1870 1524 etiam
1892 1488 2076 1549 principia
2098 1490 2452 1530 indemonstrabilia
2475 1493 2516 1530 in

1452 1532 1691 1588 speculativis
1718 1552 1798 1577 non
1817 1548 1904 1578 sunt
1921 1541 2002 1590 ipse
2022 1541 2037 1572 θ
2058 1543 2208 1581 habitus
2227 1544 2514 1595 principiorum,

1451 1592 1519 1629 sed
1547 1600 1633 1629 sunt
1660 1593 1843 1642 principia
1870 1606 2036 1643 quorum
2065 1603 2123 1633 est
2146 1597 2308 1635 habitus.

1505 1646 1564 1682 An
1584 1658 1720 1683 prunum
1748 1657 1846 1683 ERGO
1874 1658 2060 1685 DicENDUM
2086 1649 2193 1708 quod
2214 1655 2231 1678 Υ
2259 1650 2515 1700 Philosophus

1453 1697 1610 1735 intendit
1627 1699 1678 1735 ibi
1697 1699 1921 1747 investigare
1940 1713 2062 1748 genus
2079 1701 2247 1740 virtutis:
2267 1711 2304 1740 et
2322 1715 2410 1741 cum
2433 1716 2514 1742 mn*-

1453 1751 1631 1788 nifestum
1659 1752 1704 1788 sit
1728 1752 1834 1801 quod
1851 1753 1970 1790 virtus
1993 1754 2040 1791 sit
2062 1755 2260 1803 quoddam
2286 1756 2517 1806 principium

1454 1812 1570 1851 actus,
1600 1805 1660 1841 illa
1688 1813 1836 1842 tantum
1863 1806 1972 1855 ponit
1998 1819 2097 1855 quae
2121 1816 2208 1845 sunt
2234 1809 2419 1859 principia
2445 1812 2516 1848 hu·-

1454 1869 1657 1894 manorum
1691 1866 1863 1905 actuum,
1893 1859 2033 1897 scilicet
2059 1861 2264 1921 potentias,
2292 1863 2444 1901 habitus
2477 1872 2514 1902 et

1453 1910 1661 1958 passiones.
1687 1912 1840 1948 Praeter
1855 1887 1954 1948 'haec
1973 1920 2102 1951 autem
2127 1914 2197 1951 tria
2217 1922 2304 1952 sunt
2322 1916 2514 1965 quaedam

1454 1963 1526 1999 alia
1553 1963 1590 2000 in
1619 1963 1765 2000 anima·
1795 1964 1889 2001 sicut
1917 1965 2072 2025 quidam
2102 1974 2229 2016 actus,
2257 1975 2300 2005 ut
2325 1969 2423 2006 velle
2459 1977 2517 2007 est

1454 2015 1492 2052 in
1510 2017 1681 2062 volente3
1704 2024 1740 2052 et
1760 2017 1872 2054 etiam
1893 2018 2040 2066 cognita
2060 2027 2147 2056 sunt
2173 2020 2213 2058 in
2242 2030 2515 2082 cognoscente;

1456 2076 1491 2105 et
1509 2068 1757 2117 proprietates
1777 2071 1964 2107 naturales
1993 2072 2144 2109 animae
2173 2073 2300 2111 insunt
2320 2074 2365 2123 ei,
2385 2082 2428 2112 ut
2445 2075 2514 2112 im-

1454 2122 1660 2158 mortalitas
1690 2130 1725 2159 et
1754 2123 1825 2159 3113
1852 2123 2084 2162 huiusmodi.

1507 2177 1565 2211 AD
1594 2187 1783 2213 SECUNDUM
1806 2187 1990 2214 DICENDUM
2011 2177 2116 2226 quod
2144 2179 2358 2227 synderesis
2380 2180 2514 2218 dicitur

1454 2227 1513 2264 lex
1533 2227 1740 2265 intellectus
1760 2229 1889 2276 nostri,
1918 2230 2143 2279 inquantum
2170 2239 2229 2268 est
2251 2233 2401 2271 habitus
2425 2246 2517 2271 con·

1453 2280 1576 2317 tinens
1602 2289 1804 2340 praecepta
1831 2282 1921 2330 legis
1941 2283 2131 2332 naturalis,
2160 2297 2258 2334 quae
2278 2293 2365 2323 sunt
2390 2287 2515 2335 prima

1453 2333 1635 2383 principia
1664 2346 1824 2383 operum
1853 2336 2123 2374 humanorum.

1507 2387 1565 2423 AD
1584 2398 1743 2424 TERTIUM
1771 2399 1955 2425 D1CENDUM
1985 2390 2089 2438 quod
2114 2390 2208 2427 ratio
2235 2390 2297 2428 illa
2325 2381 2515 2430 concludit

1454 2439 1560 2487 quod
1575 2439 1633 2475 lex
1647 2441 1826 2477 naturalis
1841 2441 2079 2479 habitualiter
2092 2449 2249 2480 tenetur.
2267 2445 2316 2481 Et
2333 2445 2408 2481 hoc
2423 2457 2516 2482 con-

1454 2492 1635 2529 cedimus.

1506 2545 1568 2582 Ad
1587 2544 1625 2582 id
1643 2557 1737 2582 vero
1753 2546 1884 2594 quod
1876 2558 1914 2583 in
1935 2547 2164 2584 contrarium
2185 2548 2369 2597 obiicitur,
2386 2549 2516 2587 dicen-

1454 2597 1547 2635 dum
1567 2597 1672 2646 quod
1700 2611 1746 2635 eo
1769 2599 1873 2648 quod
1898 2600 2133 2637 habitualiter
2152 2601 2257 2649 inest,
2279 2602 2512 2651 quandoque

1454 2650 1588 2698 aliquis
1620 2650 1673 2687 uti
1706 2663 1784 2688 non
1820 2659 1945 2700 potest
1975 2661 2131 2702 propter
2163 2654 2316 2714 aliquod
2353 2654 2513 2704 impedi-

1455 2710 1646 2740 mentum:
1676 2703 1770 2740 sicut
1788 2705 1908 2742 homo
1933 2718 2011 2742 non
2029 2714 2155 2755 potest
2173 2707 2226 2744 uti
2244 2707 2376 2744 habitu
2394 2708 2515 2745 scien·

1454 2755 1526 2792 tiae
1554 2763 1709 2804 propter
1737 2769 1930 2795 somnum.
1951 2759 2001 2795 Et
2025 2759 2193 2796 similiter
2219 2772 2315 2809 puer
2338 2773 2418 2798 non
2443 2773 2512 2810 po-

1455 2815 1526 2845 test
1548 2808 1601 2845 uti
1621 2809 1751 2846 habitu
1771 2809 1978 2848 intellectus
2006 2812 2291 2861 principiorum,
2306 2813 2368 2850 vel
2399 2813 2512 2851 etiam

1455 2862 1537 2909 lege
1570 2861 1748 2909 naturali,
1779 2875 1876 2911 quae
1907 2863 1940 2900 81
1968 2864 2205 2903 habitualiter
2231 2865 2338 2914 inest,
2357 2873 2516 2916 propter

1457 2914 1647 2951 defectum
1676 2915 1816 2952 aetatis.

1503 3027 1530 3062 γ)
1550 3029 1666 3060 quod.-
1683 3029 1755 3061 quod
1773 3029 1836 3062 quia
1854 3030 1910 3060 EF;
1930 3038 1978 3063 pro
1996 3034 2023 3055 et
2040 3038 2099 3056 cum
2119 3032 2288 3066 manifestum
2306 3033 2343 3058 sit
2360 3033 2437 3066 quod,
2452 3040 2514 3060 cunt

1449 3064 1494 3093 sA.
1513 3064 1584 3096 quod
1602 3065 1692 3096 ceteri;
1711 3072 1759 3097 pro
1778 3065 1831 3094 illa,
1851 3068 1877 3090 et
1895 3049 1955 3091 i’deo
1974 3065 2019 3091 illa
2037 3065 2105 3092 KsB.

1013 3141 1344 3174 Commentario.
1366 3141 1615 3175 Gardtnatis
1636 3142 1836 3176 Caietam

372 3238 392 3258 N
420 3228 602 3268 quaestione
637 3229 971 3270 nonagesimaquarta,
1003 3230 1107 3270 primo
1141 3230 1318 3261 notandum
1353 3237 1399 3261 est

344 3239 431 3311 Ipro
447 3271 605 3303 intellectu
621 3274 798 3304 multorum
814 3273 1020 3305 articulorum
1039 3274 1262 3311 communiter;
1286 3274 1398 3305 deinde

343 3314 523 3365 singillatim
538 3316 656 3347 dicetur
666 3317 739 3348 *.1n
753 3318 917 3349 communi
931 3317 1024 3358 igitur
1039 3318 1117 3349 scito
1133 3319 1231 3359 quod,
1247 3319 1399 3359 quemad-

342 3359 478 3390 modum
500 3359 532 3389 in
549 3361 755 3399 speculativis,
774 3369 894 3402 praeter
917 3362 1018 3402 prima
1034 3362 1187 3403 principia
1206 3363 1399 3394 communis-

343 3402 437 3440 sima,
457 3403 659 3434 inveniuntur
675 3404 808 3443 prima*
823 3406 975 3446 principia
993 3416 1048 3445 per
1071 3416 1103 3436 se
1119 3414 1194 3437 nota
1217 3407 1250 3437 in
1273 3417 1399 3447 geome-

342 3447 410 3484 tria,
430 3446 463 3477 in
478 3447 679 3484 arithmetica,
697 3454 764 3485 etc.;
781 3449 824 3479 ita
839 3449 871 3479 in
895 3450 1049 3489 practicis,
1065 3458 1188 3490 praeter
1206 3451 1400 3482 communis-

1453 3231 1531 3261 sima
1554 3238 1719 3272 praecepta
1740 3232 1851 3273 prima,
1877 3233 1994 3264 scilicet
2014 3243 2082 3265 esse
2104 3234 2220 3265 bonum
2237 3234 2509 3275 prosequendum,

1453 3276 1572 3305 malum
1592 3285 1659 3306 esse
1676 3277 1852 3314 vitandum,
1869 3283 1944 3308 sunt
1962 3278 2089 3318 propria
2104 3285 2269 3319 praecepta
2295 3278 2389 3309 etiam
2408 3278 2511 3318 prima

1452 3319 1485 3349 in
1515 3319 1569 3350 illo
1598 3320 1724 3356 ordine;
1749 3320 1792 3351 ita
1814 3321 1903 3361 quod
1931 3323 2107 3353 secundum
2134 3331 2397 3363 unumquemque
2425 3321 2513 3352 incli-

1453 3363 1588 3394 nationis
1608 3364 1756 3394 naturalis
1774 3365 1917 3404 gradum,
1933 3372 2007 3396 sunt
2027 3364 2133 3407 aliqua
2155 3372 2319 3407 praecepta
2341 3365 2453 3406 prima,
2473 3373 2510 3397 ut

1454 3407 1606 3448 principia
1621 3408 1749 3448 propria
1764 3418 1820 3449 per
1834 3419 1866 3439 se
1889 3417 1974 3446 nota,
1990 3416 2020 3440 et
2039 3410 2159 3451 reliqua
2181 3415 2346 3450 praecepta
2361 3410 2508 3444 secunda,

1454 3458 1490 3483 ut
1506 3452 1726 3483 conclusiones
1742 3462 1779 3483 ex
1795 3452 1838 3483 eis
1855 3453 2076 3494 dependentes.
2092 3453 2187 3484 Verbi
2209 3453 2316 3494 gratia,
2331 3452 2364 3483 in
2378 3453 2511 3484 homine
