2840 4010
388 177 436 212 66

386 268 492 292 more
519 256 617 292 male
643 255 870 292 humiliante.
901 255 990 290 Non
1020 265 1109 300 ergo
1134 253 1235 288 solus
1256 264 1365 288 amor
1384 252 1440 288 sui

387 316 442 344 est
471 321 583 344 causa
611 307 765 356 peccati.

438 372 475 407 4.
505 362 740 406 PRAETEREA,
771 359 865 394 sicut
895 359 1013 394 homo
1046 356 1276 405 quandoque
1308 365 1440 405 peccat

385 420 540 460 propter
573 410 825 448 inordinatum
859 409 915 445 sui
945 420 1138 454 amorem,
1168 409 1216 444 ita
1245 409 1357 445 etiam
1385 409 1439 445 in-

386 465 535 501 terdum
563 471 695 512 peccat
712 469 865 511 propter
884 460 1138 497 inordinatum
1159 473 1331 498 amorem
1351 474 1438 510 pro-

342 536 345 539 ·
384 517 486 553 ximi.
508 518 609 563 Ergo
629 527 738 551 amor
757 514 813 550 sui
833 525 910 549 non
931 520 986 548 est
1006 525 1118 550 causa
1138 514 1262 550 omnis
1281 515 1436 562 peccati.

148 618 156 626 ”
172 616 204 638 Ca
223 631 229 637 .
247 622 325 638 xxvm.
346 628 356 632 -

147 643 183 664 Cf.
198 623 312 664 ἔνιαι-ναι.
332 643 355 663 in

146 669 232 690 Psalm.
248 668 329 689 LXIV.

146 834 279 861 'Qu.1.xxv,
287 837 327 854 art.
336 839 352 854 1.

144 937 154 946 ‘
168 936 195 957 D.
212 936 262 963 998.

139 2107 148 2116 '¹
162 2105 229 2128 Vers.
245 2112 276 2127 10.

141 2426 150 2435 ·
166 2424 232 2446 Vers.
247 2424 283 2452 56.

143 2636 151 2645 ·
162 2635 208 2661 Qu.
218 2640 272 2660 xxx,
283 2637 324 2655 art.
336 2640 350 2655 1.

147 3001 155 3010 ·
170 3001 222 3022 Art.
237 3000 352 3027 praeced„

146 3026 174 3048 ad
187 3033 208 3054 3.

148 3165 156 3171 ”
171 3161 238 3182 Vers.
252 3160 282 3182 16.

144 3371 153 3380 ‘
160 3370 216 3397 Cap.
225 3375 247 3396 v,
254 3374 313 3390 vers.
322 3373 353 3395 ¹9·

439 570 512 605 SED
541 579 685 604 CONTRA
710 577 775 602 EST
794 565 897 614 quod
917 565 1148 612 Augustinus
1168 566 1266 613 dicit,
1287 567 1375 603 XIV
1393 568 1438 604 de

389 621 467 657 Civ.
487 621 561 656 Dei
573 619 603 664 ³¹²,
634 618 737 667 quod
765 629 876 654 amor
901 617 962 654 sui
988 630 1103 667 usque
1120 619 1172 655 ad
1188 625 1435 667 contemptum

382 674 465 717 Dei,
479 672 580 719 facit
597 671 779 707 civitatem
807 670 1025 718 Babylonis.
1057 671 1134 708 Sed
1150 683 1221 720 per
1243 672 1438 720 quodlibet

380 731 579 772 peccatum
607 723 767 771 pertinet
794 723 911 759 homo
940 723 988 759 ad
1009 723 1198 760 civitatem
1218 725 1434 772 Babylonis,

381 778 482 823 Ergo
511 788 621 812 amor
649 775 705 812 sui
735 783 790 811 est
817 787 931 812 causa
960 775 1085 812 omnis
1113 776 1267 824 peccati.

434 829 657 865 RESPONDI-:o
677 839 859 865 DICENDUM
879 828 994 876 quod,
1012 828 1106 864 sicut
1125 840 1237 875 supra
1255 829 1274 849 *
1295 828 1435 864 dictum

382 888 447 928 est,
467 881 620 929 propria
640 888 675 917 et
693 893 763 929 per
790 892 830 917 se
851 893 964 917 causa
982 880 1125 928 peccati
1144 880 1361 929 accipienda
1382 888 1437 917 est

382 946 426 970 ex
445 941 549 982 parte
571 933 830 970 conversionis
858 933 907 969 ad
936 932 1205 968 commutabile
1235 933 1380 969 bonum
1398 932 1434 978 *ς

382 998 426 1022 ex
445 998 521 1034 qua
540 986 696 1034 quidem
715 992 821 1033 parte
841 984 964 1021 omnis
985 992 1089 1020 actus
1103 985 1248 1032 peccati
1265 985 1436 1033 procedit

381 1050 426 1075 ex
445 1038 570 1087 aliquo
600 1038 812 1075 inordinato
841 1036 1007 1085 appetitu
1036 1036 1189 1073 alicuius
1217 1037 1434 1086 temporalis

380 1091 482 1128 boni.
514 1091 629 1138 Quod
658 1098 784 1127 autern
806 1089 936 1137 aliquis
957 1096 1109 1138 appetat
1131 1089 1343 1126 inordinate
1371 1090 1434 1126 ali-

380 1143 484 1192 quod
512 1143 720 1192 temporale
754 1143 919 1187 bonum,
950 1141 1121 1190 procedit
1149 1154 1194 1178 ex
1222 1142 1296 1178 hoc
1329 1143 1434 1190 quod

379 1196 588 1232 inordinate
621 1203 723 1231 amat
755 1195 944 1242 seipsum:
978 1194 1052 1230 hoc
1086 1194 1185 1231 enirn
1220 1202 1275 1231 est
1306 1207 1434 1231 amare

379 1248 559 1296 aliquem,
589 1248 687 1284 velle
717 1247 750 1283 ei
778 1248 936 1283 bonurn.
970 1246 1080 1283 Unde
1109 1246 1350 1283 manifestum
1380 1255 1436 1284 est

380 1302 482 1349 quod
511 1300 743 1337 inordinatus
772 1311 881 1336 amor
910 1299 965 1335 sui
998 1306 1053 1335 est
1073 1311 1185 1336 causa
1205 1299 1329 1336 omnis
1349 1312 1434 1348 pec-

379 1353 460 1390 cati.

431 1460 458 1491 α)
474 1467 527 1491 pro
546 1466 635 1484 causa.
653 1473 672 1478 -
686 1465 739 1490 pro
758 1465 888 1483 concausa
908 1458 1045 1490 ACDLpB,
1067 1458 1178 1490 spatium
1197 1465 1307 1481 vacuum
1327 1458 1378 1489 pH.

1033 175 1297 221 QUAESTIO
1327 175 1517 233 nxxvn,
1547 175 1840 212 ARTICULUS
1869 177 1903 213 V

1546 254 1604 288 An
1633 264 1769 289 PRIMUM
1797 265 1894 290 ERGO
1922 266 2103 293 DICENDUM
2135 258 2240 304 quod
2268 270 2377 294 amor
2405 258 2460 294 sui
2489 270 2548 294 or-

1494 304 1641 341 dinatus
1670 313 1725 341 est
1753 305 1900 342 debitus
1930 314 1964 342 et
1992 308 2180 355 naturalis,
2210 309 2259 346 ita
2287 310 2425 346 scilicet
2443 310 2548 359 quod

1492 357 1582 393 velit
1601 357 1670 394 sibi
1691 358 1836 394 bonum
1857 358 1961 405 quod
1982 360 2161 406 congruit.
2192 361 2269 398 Sed
2288 374 2397 398 amor
2416 362 2472 398 sui
2491 362 2545 398 in-

1493 409 1696 455 ordinatus,
1718 409 1782 457 qui
1809 410 1980 458 perducit
2008 411 2056 447 ad
2085 419 2344 460 contemptum
2373 414 2455 460 Dei,
2477 426 2546 462 po-

1492 461 1590 498 nitur
1618 474 1699 498 esse
1722 474 1835 498 causa
1853 462 1996 510 peccati
2016 464 2227 500 secundum
2247 466 2499 512 Augustinum
2513 466 2544 502 ³⁸.

1544 516 1602 550 AD
1622 526 1810 552 SECUNDUM
1826 526 2007 552 mOENDUM
2023 515 2127 563 quod
2143 517 2454 565 concupiscentia,
2471 530 2546 566 qua

1491 566 1622 614 aliquis
1651 567 1791 615 appetit
1819 567 1888 603 sibi
1916 568 2074 614 bonum,
2096 568 2286 604 reducitur
2305 569 2353 605 ad
2372 581 2544 606 amorem

1491 619 1547 654 sui
1575 618 1669 655 sicut
1697 619 1746 656 ad
1775 631 1938 666 causam,
1968 628 2008 656 ut
2036 619 2111 656 iam
2129 619 2149 642 ’¹‘
2177 620 2318 657 dictum
2347 628 2412 657 est.

1543 673 1601 706 AD
1616 682 1775 708 TERTmM
1794 683 1975 709 mcENDUM
1995 673 2099 721 quod
2118 672 2251 721 aliquis
2267 672 2400 709 dicitur
2417 683 2545 709 amare

1491 730 1527 758 et
1546 722 1636 758 illud
1656 723 1801 759 bonum
1821 726 1925 772 quod
1945 733 2048 773 optat
2072 725 2152 772 sibi,
2184 732 2220 761 et
2239 737 2290 771 se,
2313 724 2372 761 cui
2399 725 2544 761 bonum

1491 782 1605 822 optat.
1635 776 1758 811 Amor
1785 775 1893 822 igitur
1927 778 2138 814 secundum
2167 778 2271 825 quod
2301 777 2434 814 dicitur
2466 777 2544 813 eius

1491 839 1572 863 esse
1589 827 1692 875 quod
1709 834 1868 875 optatur,
1883 835 1976 876 puta
1995 830 2100 878 quod
2120 830 2253 878 aliquis
2270 829 2403 866 dicitur
2418 841 2544 866 amare

1488 879 1621 915 vinum
1636 880 1698 915 vel
1718 880 1930 927 pecuniam,
1952 881 2081 929 recipit
2099 894 2168 930 pro
2190 895 2302 919 causa
2319 887 2335 903 α
2354 882 2543 928 timorem,

1489 932 1553 980 qui
1581 931 1739 980 pertinet
1768 932 1816 968 ad
1844 932 1972 979 fugam
2000 934 2100 970 mali.
2131 935 2257 971 Omne
2288 933 2388 971 enim
2412 945 2545 982 pecca-

1488 992 1569 1020 tum
1598 984 1774 1032 provenit
1800 985 1863 1020 vel
1892 995 1936 1020 ex
1964 983 2176 1023 inordinato
2202 987 2370 1036 appetitu
2389 986 2544 1023 alicuius

1489 1037 1595 1082 boni,
1624 1038 1686 1073 vel
1719 1048 1764 1072 ex
1791 1036 2002 1073 inordinata
2035 1037 2121 1085 fuga
2149 1038 2303 1075 alicuius
2335 1039 2436 1076 mali.
2467 1038 2544 1075 Sed

1488 1097 1692 1136 utrumque
1715 1089 1853 1125 horum
1875 1088 2063 1126 reducitur
2083 1089 2131 1126 ad
2155 1102 2326 1127 amorem
2355 1091 2422 1128 sui.
2451 1091 2543 1127 Pro-

1488 1149 1571 1190 pter
1597 1142 1670 1178 hoc
1700 1141 1801 1178 enim
1830 1142 1947 1178 horno
1975 1142 2038 1178 vel
2066 1142 2207 1191 appetit
2234 1143 2336 1180 bona
2362 1143 2424 1180 Vel
2456 1142 2545 1191 fugit

1489 1195 1600 1240 mala,
1631 1194 1719 1241 quia
1747 1201 1849 1230 amat
1877 1194 2056 1241 seipsum.

1541 1248 1599 1283 Ao
1629 1249 1800 1288 QUARTUM
1829 1257 2011 1283 mcENDUM
2040 1246 2145 1294 quod
2174 1247 2318 1284 amicus
2351 1254 2406 1284 est
2437 1246 2546 1295 quasi

1488 1299 1583 1336 alter
1609 1300 1685 1347 ipse
1702 1298 1733 1335 *.
1764 1299 1812 1334 Et
1839 1298 1926 1335 ideo
1946 1299 2052 1346 quod
2069 1307 2248 1348 peccatur
2266 1307 2420 1348 propter
2439 1310 2544 1336 amo-

1489 1354 1570 1389 rem
1599 1351 1720 1399 amici,
1740 1350 1890 1387 videtur
1917 1359 2072 1400 propter
2099 1363 2272 1388 amorem
2301 1352 2358 1389 sui
2386 1350 2545 1401 peccari.

1437 1533 1594 1540 m

1161 1600 1371 1641 ARTICU
1378 1600 1475 1642 LUS
1506 1600 1759 1652 QUINTUS

504 1693 658 1723 UTRUM
682 1691 1019 1722 CONVENIENTER
1042 1691 1280 1722 PONANTUR
1304 1691 1472 1722 CAUSAE
1494 1691 1793 1722 PECCATORUM
1820 1690 2212 1722 CONCUPISCENTIA
2239 1691 2416 1731 CARNIS,

884 1735 1274 1766 CONCUPISCENTIA
1302 1735 1570 1772 OCULORUM,
1593 1735 1650 1765 ET
1675 1734 1890 1765 SUPERBIA
1921 1735 2054 1765 VITAE

1209 1813 1228 1837 11
1249 1813 1330 1841 Sent„
1352 1813 1410 1837 dist.
1428 1820 1492 1843 xm,
1511 1820 1555 1845 qu.
1574 1820 1607 1841 11,
1627 1818 1674 1838 art.
1697 1821 1718 1837 1.

463 1913 471 1927 t
496 1933 500 1941 ,
525 1922 536 1931 s
588 1906 610 1930 D
630 1905 795 1936 QU1NTUM
814 1905 866 1929 sm
886 1903 1123 1929 PROCEDITUR.
1144 1891 1303 1929 Videtur
1330 1891 1436 1939 quod

526 1939 538 1990 f
557 1959 568 1994 ᾗ
584 1945 897 1983 >inconvenienter
924 1953 1115 1994 ponantur
1143 1957 1277 1981 causae
1303 1957 1435 1993 pecca—

415 2016 509 2048 ,fle
536 1998 713 2042 (torum
743 2010 823 2034 esse
851 1997 1146 2045 concupiscentia
1175 1997 1319 2043 carnis,
1348 2009 1434 2033 con—

434 2028 494 2082 5⁹4⁶
546 2045 810 2099 &cupiscentia
839 2050 1045 2096 oculorum,
1077 2058 1111 2086 et
1133 2050 1306 2098 superbia
1325 2050 1433 2086 vitae.

378 2105 479 2151 Quia
498 2105 707 2141 secundum
721 2104 961 2152 Apostolum,
980 2104 991 2139 I
1009 2103 1060 2139 ad
1081 2103 1175 2140 Tim.
1191 2104 1255 2139 ult.
1272 2102 1302 2148 ²⁸,
1323 2102 1436 2139 radix

378 2157 545 2194 omnium
560 2157 748 2194 malorum
764 2162 815 2192 est
834 2155 1024 2203 cupiditas.
1049 2155 1125 2192 Sed
1144 2155 1321 2204 superbia
1335 2155 1434 2192 vitae

378 2211 448 2247 sub
470 2209 668 2258 cupiditate
689 2221 767 2245 non
797 2208 1017 2244 continetur.
1049 2209 1150 2255 Ergo
1179 2221 1258 2245 non
1287 2215 1436 2257 oportet

378 2263 470 2312 poni
497 2262 592 2298 inter
621 2273 752 2298 causas
780 2268 1036 2309 peccatorum.

433 2327 467 2352 2.
501 2316 738 2360 PRAETEREA,
773 2312 1078 2362 concupiscentia
1115 2312 1234 2350 carnis
1270 2312 1434 2350 maxime

380 2380 426 2404 ex
457 2367 604 2404 visione
639 2367 838 2403 oculorum
873 2366 1070 2402 excitatur:
1100 2365 1311 2402 secundum
1345 2365 1435 2403 illud

379 2421 477 2457 Dan.
502 2419 618 2456 xx11*:
649 2419 794 2467 Species
826 2418 967 2466 decepit
998 2424 1042 2455 te.
1078 2418 1180 2465 Ergo
1213 2430 1291 2454 non
1324 2418 1437 2455 debet

380 2472 498 2510 dividi
532 2471 836 2520 concupiscentia
871 2471 1070 2508 oculorum
1101 2478 1230 2507 contra
1258 2470 1434 2519 concupi-

379 2525 561 2562 scentiam
592 2525 723 2561 carnis.

436 2579 469 2615 3.
507 2579 745 2623 PRAETEREA,
781 2575 1086 2624 concupiscentia
1120 2583 1175 2612 est
1208 2574 1435 2612 delectabilis

380 2630 585 2679 appetitus,
614 2637 655 2665 ut
682 2641 796 2676 supra
818 2629 838 2650 ²³⁶
861 2629 1033 2665 habitum
1063 2637 1128 2665 est.
1159 2629 1436 2668 Delectationes

380 2691 507 2730 autem
537 2682 756 2729 contingunt
789 2694 867 2717 non
896 2682 1018 2717 solum
1053 2681 1261 2718 secundum
1290 2681 1434 2726 yisum,

380 2736 447 2773 sed
477 2735 589 2771 etiam
619 2734 829 2771 secundum
859 2734 951 2770 alios
980 2746 1122 2770 sensus.
1153 2734 1253 2780 Ergo
1284 2733 1438 2770 deberet

381 2789 492 2824 etiam
506 2787 597 2836 poni
617 2786 922 2834 concupiscentia
942 2786 1102 2833 auditus,
1121 2794 1156 2822 et
1175 2786 1335 2823 aliorum
1355 2797 1438 2822 sen-

381 2853 504 2877 suum.

433 2905 469 2940 4.
496 2894 726 2938 PRAETEREA‚
755 2891 848 2928 sicut
867 2892 985 2927 homo
1007 2891 1194 2927 inducitur
1213 2891 1260 2928 ad
1279 2902 1438 2939 peccan-

384 2946 475 2983 dum
505 2957 549 2981 ex
576 2944 788 2981 inordinata
809 2943 1112 2992 concupiscentia
1132 2943 1234 2989 boni,
1255 2944 1304 2980 ita
1325 2943 1437 2980 etiam

384 3011 428 3035 ex
447 2996 658 3034 inordinata
677 2997 763 3044 fuga
783 2997 882 3043 mali,
903 3004 945 3033 ut
964 2996 1105 3033 dictum
1126 3004 1179 3032 est
1195 2998 1226 3032 ⁹.
1253 2996 1329 3032 Sed
1349 2995 1437 3032 nihil

382 3051 443 3087 hic
471 3057 714 3087 enumeratur
748 3049 936 3097 pertinens
965 3049 1013 3085 ad
1042 3049 1168 3096 fugam
1202 3049 1302 3086 mali.
1337 3049 1437 3095 Ergo

383 3103 651 3140 insufficienter
679 3113 814 3138 causae
842 3110 1086 3150 peccatorum
1115 3108 1325 3148 tanguntur.

437 3157 509 3192 SED
530 3166 674 3192 CONTRA
694 3166 758 3191 EST
777 3155 883 3203 quod
904 3154 1037 3191 dicitur
1057 3155 1070 3190 I
1092 3154 1195 3190 Ioan.
1217 3165 1239 3190 11
1254 3152 1291 3190 *ε
1321 3153 1439 3190 Omne

384 3209 483 3255 quod
509 3213 562 3243 est
587 3209 623 3244 in
653 3208 804 3252 mundo,
825 3213 891 3244 aut
908 3213 962 3243 est
987 3206 1282 3255 concupiscentia
1301 3206 1437 3250 carnis,

383 3266 449 3295 aut
474 3260 770 3309 concupiscentia
796 3260 1007 3304 oculorum,
1037 3265 1103 3296 aut
1128 3259 1301 3307 superbia
1328 3259 1436 3295 vitae.

383 3313 425 3348 In
445 3312 588 3348 mundo
618 3320 743 3348 autem
766 3312 899 3349 dicitur
917 3312 1057 3360 aliquid
1079 3323 1160 3348 esse
1178 3318 1334 3360 propter
1351 3323 1438 3359 pec-

383 3371 529 3400 catum:
558 3364 660 3400 unde
685 3372 719 3400 et
738 3365 878 3401 ibidem
894 3365 914 3386 ³¹⁶
935 3364 1022 3401 dicit
1041 3364 1144 3412 quod
1166 3369 1260 3400 totus
1279 3364 1439 3400 mundus

436 3483 462 3514 α)
482 3481 648 3513 acceptionis.
666 3494 685 3499 -
702 3481 915 3512 apprehensionis
935 3483 976 3511 sB,
996 3482 1185 3513 acceptationis
1205 3482 1232 3507 Ρ.

1489 1892 1526 1928 in
1555 1892 1723 1941 maligno
1750 1892 1893 1939 positus
1921 1897 1983 1929 est.
2014 1893 2114 1940 Ergo
2146 1893 2339 1942 praedicta
2365 1894 2435 1931 tria
2461 1901 2548 1931 sunt

1490 1956 1624 1981 causae
1653 1952 1909 1992 peccatorum.

1541 1998 1766 2033 Responosso
1795 2009 1979 2034 memnon
1998 1997 2115 2045 quod,
2141 1997 2234 2034 sicut
2261 1997 2376 2043 iam*
2403 1998 2549 2042 dictum

1490 2056 1555 2096 est,
1576 2049 1808 2086 inordinatus
1830 2061 1939 2086 amor
1958 2050 2015 2086 sui
2037 2057 2092 2086 est
2111 2062 2225 2087 causa
2244 2050 2368 2087 omnis
2385 2051 2549 2099 peccati.

1489 2103 1532 2138 In
1560 2113 1690 2138 amore
1716 2109 1842 2138 autem
1867 2101 1925 2138 sui
1944 2102 2143 2139 includitur
2171 2102 2404 2140 inordinatus
2431 2115 2548 2152 appe-

1488 2154 1575 2191 titus
1604 2154 1714 2191 boni:
1748 2155 2007 2203 unusquisque
2037 2154 2138 2192 enim
2167 2155 2309 2204 appetit
2336 2156 2482 2193 bonum
2508 2156 2549 2199 veij

1490 2219 1604 2255 quem
1633 2215 1746 2244 amat.
1776 2207 1886 2244 Unde
1915 2207 2243 2257 manifest-umwest
2273 2208 2380 2256 quod
2406 2208 2548 2247 inordi-

1489 2267 1597 2296 natus
1621 2260 1807 2308 appetitus
1827 2259 1917 2296 boni
1938 2267 1994 2296 est
2014 2272 2126 2296 causa
2146 2260 2270 2298 omnis
2287 2261 2443 2310 peccati.
2471 2261 2546 2298 Bo-

1489 2324 1580 2348 num
1611 2320 1737 2348 autem
1767 2312 2039 2361 dupliciter-est
2057 2313 2249 2350 obiectum
2278 2313 2461 2350 sensibilis
2478 2324 2549 2363 apa

1488 2364 1637 2413 petitus,
1667 2364 1704 2400 in
1734 2377 1810 2413 quo
1839 2373 1925 2401 sunt
1944 2366 2094 2402 animae
2114 2365 2321 2414 passiones,
2343 2377 2441 2414 quae
2459 2373 2547 2404 sunt

1491 2430 1604 2454 causa
1637 2417 1801 2465 peccati:
1833 2430 1909 2454 uno
1943 2417 2083 2465 modo,
2113 2418 2303 2465 absolute,
2332 2418 2546 2456 secundum

1489 2470 1592 2518 quod
1627 2478 1681 2506 est
1715 2470 1904 2506 obiectum
1939 2470 2262 2518 concupiscibilis;
2296 2470 2369 2507 alio
2402 2470 2543 2518 modo,

1490 2523 1560 2558 sub
1590 2522 1733 2558 ratione
1763 2522 1885 2568 ardui,
1913 2530 2027 2571 prout
2055 2530 2110 2559 est
2129 2522 2318 2559 obiectum
2338 2522 2544 2571 irascibilis,

1489 2582 1530 2611 ut
1559 2587 1671 2622 supra
1690 2574 1709 2596 ’¹‘
1738 2574 1879 2611 dictum
1909 2583 1974 2611 est.

1543 2628 1610 2663 Est
1638 2635 1765 2663 autern
1796 2627 1933 2675 duplex
1954 2626 2267 2675 concupiscentia,
2288 2627 2381 2663 sicut
2399 2639 2511 2676 supra
2525 2627 2545 2649 *

1489 2680 1658 2716 habiturn
1677 2688 1741 2716 est.
1755 2681 1839 2717 Una
1854 2679 2008 2728 quidem
2026 2679 2214 2725 naturalis,
2227 2691 2323 2728 quae
2340 2686 2395 2716 est
2410 2691 2544 2716 eorum

1491 2732 1627 2779 quibus
1647 2740 1779 2768 natura
1800 2732 1967 2780 corporis
1987 2739 2229 2776 sustentatur;
2255 2732 2335 2768 sive
2361 2739 2544 2780 quantum

1493 2785 1540 2821 ad
1561 2785 1890 2821 conservationem
1914 2784 2110 2830 individui,
2140 2784 2233 2820 sicut
2252 2784 2358 2820 cibus
2378 2792 2414 2821 et
2432 2792 2544 2833 potus

1493 2845 1528 2873 et
1553 2837 1625 2873 alia
1644 2837 1883 2882 huiusmodi;
1914 2837 1993 2874 sive
2013 2844 2197 2885 quantum
2219 2837 2267 2873 ad
2292 2837 2545 2874 conservatio-

1492 2901 1580 2926 nem
1610 2890 1759 2938 speciei,
1789 2889 1883 2926 sicut
1902 2889 1940 2926 in
1958 2889 2141 2926 venereis.
2173 2890 2221 2925 Et
2245 2890 2383 2926 horum
2406 2889 2544 2926 inordi-

1492 2950 1601 2979 natus
1616 2942 1802 2990 appetitus
1819 2941 1952 2978 dicitur
1966 2942 2258 2990 concupiscentia
2274 2942 2409 2978 carnis.
2421 2963 2445 2969 -
2459 2941 2544 2979 Alia

1493 3002 1547 3031 est
1572 2994 1876 3043 concupiscentia
1905 2994 2087 3040 animalis,
2119 3006 2251 3030 eorum
2281 2994 2419 3031 scilicet
2444 3004 2543 3042 quae

1493 3059 1560 3096 per
1587 3058 1742 3083 sensum
1771 3047 1892 3083 carnis
1913 3047 2223 3083 sustentationem
2243 3054 2307 3083 aut
2331 3045 2544 3084 delectatio-

1493 3112 1581 3136 nem
1598 3112 1675 3136 non
1695 3099 1867 3146 afferunt,
1888 3100 1953 3136 sed
1974 3107 2060 3136 sunt
2083 3099 2316 3136 delectabilia
2335 3098 2543 3137 secundum

1492 3152 1832 3201 apprehensionem
1852 3152 2139 3200 imaginationis,
2155 3159 2224 3188 aut
2242 3151 2398 3188 alicuius
2416 3150 2543 3188 huius·

1493 3205 1597 3242 modi
1626 3204 1853 3253 acceptionis
1880 3209 1917 3241 ⁴²:
1948 3205 2043 3241 sicut
2070 3212 2155 3241 sunt
2182 3204 2360 3253 pecunia,
2390 3210 2542 3240 ornatus

1492 3257 1667 3304 vestium,
1697 3265 1732 3294 et
1751 3257 1822 3294 alia
1841 3257 2070 3294 huiusmodi.
2100 3258 2148 3294 Et
2174 3257 2270 3294 haec
2289 3255 2442 3304 quidem
2465 3255 2543 3292 ani-

1493 3311 1601 3347 malis
1623 3310 1925 3359 concupiscentia
1953 3315 2112 3346 vocatur
2139 3308 2432 3357 concupiscentia
2456 3319 2543 3344 ocu-

1494 3364 1632 3400 lorum:
1649 3363 1727 3400 sive
1748 3363 1969 3410 intelligatur
1985 3361 2287 3410 concupiscentia
2301 3360 2498 3396 oculorum
2514 3359 2541 3407 β,

1544 3480 1568 3513 β)
1589 3481 1732 3506 oculorum.
1749 3493 1769 3499 -
1786 3480 1855 3504 oculi
1874 3480 1901 3504 Ρ.

2573 470 2713 518 zoasti-

2575 628 2582 637 ”
2597 627 2622 648 ln
2638 632 2742 654 corpore.

2572 1260 2781 1314 iffi’i?'z=.{‘'⁸1¹'v⁰;

2573 1318 2782 1361 1¹5.⁵.²s⁰·1²··2¹¹1'.0¹{·

2573 1371 2603 1392 iv,
2618 1370 2651 1387 xx.

2574 2009 2583 2018 ·
2602 2007 2654 2030 Art.
2677 2008 2781 2036 praeced.

2571 2581 2635 2609 Ὠιι
2642 2587 2709 2608 xxm,
2717 2585 2780 2603 nrm.

2571 2639 2582 2649 '¹
2591 2638 2637 2666 Qu.
2649 2644 2703 2665 xxx,
2711 2642 2781 2668 επις.
