2840 4010
997 177 1263 224 QUAEST1o
1293 177 1395 225 cni,
1425 178 1719 216 ARTICULUS
1749 179 1800 216 iv

303 258 436 293 Petrus
463 255 503 292 in
525 256 599 292 hoc
633 256 738 303 quod
768 256 816 292 ad
844 263 995 304 tempus
1023 256 1154 304 legalia
1183 256 1362 292 observa-

303 310 386 346 bat:
417 308 504 356 quia
539 309 615 344 hoc
650 308 718 345 sibi
751 308 901 356 licebat,
928 317 1111 356 tanquam
1140 320 1183 344 ex
1214 307 1362 344 Iudaeis

304 373 504 398 converso
539 361 617 398 Sed
643 362 828 410 peccabat
855 361 893 399 in
921 362 996 398 hoc
1015 362 1119 410 quod
1149 359 1245 397 circa
1263 359 1362 407 lega-

303 413 394 450 lium
413 414 695 451 observantiam
727 415 885 451 nimiam
910 413 1138 461 diligentiam
1159 411 1363 449 adhibebat

303 477 352 503 ne
380 466 649 504 scandalizaret
677 467 850 514 Iudaeos,
877 467 927 503 ita
946 466 1049 515 quod
1070 477 1115 502 ex
1134 465 1208 501 hoc
1227 476 1361 512 seque-

303 520 413 556 batur
440 519 634 566 gentilium
662 520 895 557 scandalum.

356 574 415 608 AD
448 584 607 610 TERTmM
641 583 823 609 menmium
857 570 961 619 quod
995 570 1151 619 quidam
1189 569 1363 606 dixerunt

303 625 409 672 quod
435 625 497 662 illa
523 624 725 674 prohibitio
744 624 1017 673 Apostolorum
1042 635 1120 659 non
1149 629 1205 659 est
1230 621 1362 659 intelli-

303 679 426 724 genda
454 678 503 714 ad
530 678 700 724 litteram,
729 677 796 714 sed
824 676 1036 713 secundum
1057 675 1288 724 spiritualem
1306 674 1362 712 in-

303 730 513 768 tellectum:
538 737 581 767 ut
598 729 738 767 scilicet
754 728 792 765 in
811 728 1066 778 prohibitione
1086 727 1286 776 sanguinis,
1306 728 1362 764 in-

304 782 487 831 telligatur
504 781 707 832 prohibitio
727 781 938 828 homicidii3
958 782 995 818 in
1013 781 1266 832 prohibitione
1286 781 1361 818 suf-

304 835 428 882 focati,
447 836 670 883 intelligatur
688 834 892 883 prohibitio
913 835 1114 872 violentiae
1135 842 1171 871 et
1189 833 1359 883 rapinae,

304 887 341 924 in
350 888 604 936 prohibitione
614 887 913 935 immolatorum,
924 887 1148 936 intelligatur
1155 886 1359 936 prohibitio

302 940 553 987 idololatriae3
574 940 770 978 fornicatio
792 948 919 978 autem
938 941 1161 990 prohibetur
1178 947 1360 990 tanquam

302 1005 372 1041 per
399 1005 439 1030 se
468 994 623 1030 malum.
653 995 702 1031 Et
729 994 828 1030 hanc
856 994 1076 1043 opinionem
1106 993 1293 1042 accipiunt
1316 1004 1360 1030 ex

305 1046 534 1093 quibusdam
574 1047 728 1094 glossis,
767 1059 866 1095 quae
902 1046 1123 1084 huiusmodi
1158 1054 1360 1096 praecepta

303 1099 460 1148 mystice
489 1107 693 1148 exponunt.
711 1122 734 1127 —
751 1099 828 1136 Sed
856 1100 945 1149 quia
967 1098 1216 1137 homicidium
1241 1107 1277 1136 et
1303 1112 1360 1136 ra-

301 1152 390 1202 pina
405 1152 527 1193 etiam
546 1153 650 1201 apud
669 1153 824 1201 gentiles
843 1154 1112 1201 reputabantur
1130 1152 1264 1199 illicita,
1281 1164 1360 1189 non

303 1205 532 1255 oportuisset
550 1218 665 1254 super
683 1207 757 1243 hoc
776 1205 938 1255 speciale
958 1206 1180 1243 mandatum
1203 1205 1283 1243 dari
1302 1205 1360 1242 his

247 1289 257 1291 <
297 1266 502 1308 quserant
530 1271 575 1295 ex
602 1259 802 1307 gentilitate
831 1259 1005 1296 conversi
1033 1259 1082 1296 ad
1110 1257 1314 1295 Christum.

63 1471 273 1523 witin·

355 1311 468 1349 Unde
497 1311 557 1348 alii
591 1311 720 1349 dicunt
748 1312 851 1361 quod
879 1312 928 1350 ad
955 1311 1115 1349 litteram
1143 1310 1204 1349 illa
1232 1323 1360 1348 come-

303 1364 438 1401 stibilia
465 1364 616 1402 fuerunt
642 1364 844 1414 prohibita,
874 1376 952 1402 non
978 1371 1133 1414 propter
1155 1364 1361 1402 observan—

303 1416 602 1466 tiamlegalium,
619 1417 687 1454 sed
700 1425 857 1467 propter
870 1418 999 1466 gulam
1019 1417 1358 1467 comprimendam.

303 1469 414 1508 Unde
438 1469 526 1507 dicit
544 1469 816 1520 Hieronymus,
836 1483 951 1520 super
969 1471 1060 1509 illud
1078 1471 1215 1508 Ezech.
1230 1483 1315 1509 xtiv
1328 1471 1360 1519 ²¹²,

307 1522 426 1560 Omne
444 1523 682 1560 morticinum
703 1530 790 1561 etc.:
825 1524 1056 1561 Condemnat
1073 1523 1280 1562 sacerdotes
1300 1525 1365 1574 qui

353 1661 380 1695 γ)
399 1662 497 1688 turdis.
510 1675 529 1682 -
541 1662 637 1688 cribris
655 1663 686 1692 Α,
704 1662 785 1688 cribis
799 1662 827 1694 C,
845 1663 938 1688 crudis
955 1663 1049 1694 DELa,
1067 1664 1132 1690 cibis
1145 1639 1256 1695 Paom,
1270 1664 1362 1690 cur-dis

301 1700 328 1722 et
337 1697 464 1732 ficedulis
482 1698 519 1730 K,
537 1702 603 1731 spat.
622 1705 678 1723 vac.
696 1698 725 1722 F.

2401 183 2474 230 257

1417 256 1454 306 in
1484 257 1600 293 turdis
1619 262 1634 285 Υ
1662 263 1698 294 et
1727 258 1856 294 ceteris
1883 259 2114 304 huiusmodi,
2144 260 2253 305 haec,
2283 260 2479 307 cupiditate

1416 309 1542 357 gulae,
1573 322 1646 347 non
1676 311 1895 348 custodiunt.
1913 333 1935 339 -
1959 312 2035 349 Sed
2062 311 2149 360 quia
2174 319 2261 348 sunt
2286 313 2476 360 quaedam

1418 360 1556 399 cibaria
1575 362 1695 411 magis
1716 363 1872 401 delicata
1893 370 1929 401 et
1943 361 1956 386 ὅ
1976 365 2103 412 gulam
2123 365 2384 413 provocantia,
2401 378 2478 402 non

1415 413 1568 451 videtur
1595 416 1688 452 ratio
1713 428 1829 465 quare
1849 417 2001 454 fuerunt
2019 418 2114 454 haec
2133 417 2252 466 magis
2272 429 2387 466 quarn
2408 417 2479 454 alia

1416 466 1615 513 prohibita.

1470 519 1519 554 Et
1546 519 1633 556 ideo
1663 520 1883 569 dicendum,
1912 523 2124 559 secundum
2153 523 2302 560 tertiam
2332 522 2478 572 opinio-

1417 582 1519 618 nem,
1541 573 1643 620 quod
1666 574 1713 610 ad
1733 573 1892 611 litteram
1912 575 1981 612 ista
2004 583 2091 612 sunt
2107 576 2309 624 prohibita,
2330 588 2408 612 non
2429 576 2477 612 ad

1417 623 1702 662 observandum
1725 627 1984 664 caeremonias
2004 628 2105 675 legis,
2123 629 2191 666 sed
2211 629 2258 666 ad
2278 630 2352 666 hoc
2371 629 2476 678 quod

1416 684 1545 724 posset
1578 678 1790 715 coalescere
1823 681 1913 716 unio
1948 681 2140 728 gentilium
2175 689 2210 718 et
2247 682 2475 719 Iudaeorum

1415 728 1565 766 insimul
1585 735 1596 751 ⁵
1624 731 1885 769 habitantium.
1908 733 2056 770 Iudaeis
2075 735 2190 781 enirn,
2210 741 2366 783 propter
2386 734 2476 771 anti·

1415 793 1533 829 quam
1553 784 1880 832 consuetudinem,
1898 786 2049 833 sanguis
2070 795 2104 823 et
2124 787 2352 824 suffocatum
2373 795 2478 824 erant

1416 835 1706 873 abominabilia:
1738 838 1922 874 comestio
1957 845 2083 875 autem
2115 840 2401 877 immolatorum
2431 840 2477 877 si-

1416 888 1605 935 mulacris,
1626 896 1774 937 poterat
1797 889 1835 927 in
1855 891 2005 928 Iudaeis
2025 904 2251 940 aggenerare
2274 892 2370 930 circa
2389 905 2478 941 gen-

1415 941 1495 977 tiles
1523 941 1778 990 suspicionem
1800 943 1940 980 reditus
1969 945 2017 981 ad
2037 945 2300 982 idololatriam.
2322 947 2370 982 Et
2390 946 2476 982 ideo

1415 993 1484 1030 ista
1511 994 1663 1032 fuerunt
1690 996 1879 1044 prohibita
1898 1009 1967 1045 pro
1988 1005 2160 1046 tempore
2180 998 2255 1046 illo,
2275 998 2313 1035 in
2333 1011 2409 1047 quo
2431 1000 2477 1036 de

1415 1059 1519 1084 novo
1549 1049 1748 1096 oportebat
1786 1049 1992 1087 convenire
2021 1050 2058 1087 in
2090 1063 2212 1088 unum
2258 1051 2414 1098 gentiles
2443 1059 2478 1088 et

1416 1101 1589 1138 Iudaeos.
1631 1101 1867 1139 Procedente
1904 1111 2032 1140 autem
2069 1111 2243 1152 tempore
2261 1133 2270 1150 ,
2309 1111 2477 1140 cessante

1417 1166 1547 1201 causa,
1582 1162 1703 1191 cessat
1735 1155 1911 1202 effectus3
1949 1156 2186 1193 manifestata
2223 1156 2477 1205 Evangelicae

1416 1206 1610 1243 doctrinae
1637 1207 1812 1256 veritate,
1841 1208 1879 1245 in
1909 1221 1984 1258 qua
2012 1209 2203 1246 Dominus
2233 1209 2344 1246 docet
2372 1210 2478 1257 quod

1416 1260 1507 1296 nihil
1533 1260 1634 1308 quod
1653 1272 1726 1309 per
1749 1273 1790 1298 os
1809 1261 1934 1308 intrat,
1964 1262 2182 1311 coinquinat
2205 1263 2408 1309 hominem,
2438 1270 2478 1299 ut

1417 1312 1549 1350 dicitur
1568 1314 1701 1351 Matth.
1726 1326 1774 1351 xv
1792 1314 1829 1361 *3
1859 1322 1895 1351 et
1915 1315 2019 1364 quod
2047 1315 2139 1352 nihil
2162 1321 2216 1352 est
2236 1315 2477 1352 reiiciendum

1415 1366 1516 1415 quod
1542 1378 1628 1403 cum
1655 1367 1871 1416 gratiarum
1899 1369 2044 1405 actione
2069 1369 2288 1417 percipitur,
2316 1375 2358 1406 ut
2386 1369 2400 1405 I
2429 1369 2480 1406 ad

1421 1419 1514 1456 Tim.
1537 1431 1571 1456 iv
1593 1418 1613 1440 ’¹‘
1641 1419 1785 1457 dicitur.
1806 1442 1829 1447 -
1856 1420 2071 1458 Fornicatio
2100 1429 2227 1458 autem
2256 1421 2479 1470 prohibetur

1416 1470 1638 1521 specialiter,
1659 1473 1748 1522 quia
1766 1473 1922 1521 gentiles
1943 1486 2029 1511 earn
2049 1486 2127 1511 non
2152 1474 2376 1524 reputabant
2397 1486 2477 1512 esse

1415 1533 1624 1574 peccatum.

1467 1664 1492 1697 ὃ)
1512 1668 1546 1690 et.
1555 1665 1619 1690 —ad
1632 1666 1679 1690 Pa.
1688 1679 1707 1686 -
1716 1665 1767 1690 Pro
1781 1673 1833 1691 non
1848 1666 1956 1691 videtur
1970 1666 2042 1691 ratio
2054 1673 2145 1699 quare,
2157 1667 2216 1692 ideo
2231 1666 2478 1692 ABCDEGHIKLa.

1468 1701 1490 1733 ε)
1511 1700 1626 1726 insimul.
1643 1715 1669 1720 -·
1679 1701 1759 1726 simul
1777 1701 1829 1731 FK,
1849 1705 1875 1726 et
1893 1701 1972 1726 simul
1991 1703 2076 1727 ceteri.

974 1787 1305 1820 Commenta-ia
1327 1788 1579 1822 Cardinalis
1601 1789 1802 1823 Caietani

330 1885 352 1906 n
375 1874 507 1906 articulo
530 1880 643 1915 quarto
666 1874 809 1905 eiusdem
832 1874 1127 1907 centesimaetertiae
1154 1875 1357 1917 quaestionis,

305 1886 453 1950 Iomisso
477 1918 568 1949 tertio
592 1917 735 1956 articulo,
766 1919 901 1950 dubium
929 1920 1064 1951 occurrit
1096 1919 1176 1952 circa
1203 1920 1360 1952 rationem

301 1963 490 2004 assignatam
513 1962 546 1993 in
568 1962 669 1994 littera
691 1973 789 2004 quare
811 1963 922 2003 legalia
946 1970 1019 2004 post
1037 1963 1218 2005 passionem
1241 1964 1359 1997 Christi

301 2013 501 2039 cessaverunt
525 2007 569 2037 sic
593 2006 682 2048 quod
704 2007 823 2048 absque
850 2008 977 2038 mortali
999 2014 1128 2048 peccato
1157 2008 1270 2040 servari
1293 2019 1357 2039 non

287 2058 445 2092 possunt.
462 2050 596 2082 Videtur
617 2057 724 2082 autem
743 2052 833 2093 quod
855 2052 1054 2092 Augustinus
1077 2059 1108 2084 et
1128 2055 1249 2084 Auctor
1266 2053 1299 2084 in
1323 2063 1359 2084 ea

301 2095 424 2137 decepti
442 2101 526 2126 sunt.
541 2094 626 2126 Nam
639 2102 695 2126 aut
709 2095 874 2127 efficaciter
889 2097 1060 2134 concludit,
1076 2103 1132 2129 aut
1149 2107 1224 2128 non.
1244 2096 1276 2128 Si
1293 2097 1358 2128 effi-

301 2150 358 2172 cax
380 2146 436 2176 est,
453 2149 528 2180 ergo
547 2139 614 2170 duo
628 2145 754 2171 tantum
777 2146 921 2180 tempora
943 2141 1164 2181 distinguenda
1185 2148 1268 2179 sunt,
1285 2152 1359 2173 cum

301 2184 511 2225 Hieronymo,
527 2183 644 2215 scilicet
666 2191 738 2215 ante
761 2185 942 2226 passionem
965 2192 996 2216 et
1014 2193 1104 2226 post;
1129 2186 1212 2218 utin
1227 2196 1359 2227 corpore

301 2227 439 2265 articuli,
464 2235 495 2260 et
517 2238 555 2259 ex
577 2228 635 2259 hac
658 2229 795 2266 ratione,
819 2229 1030 2270 distinguitur.
1050 2230 1092 2261 Et
1113 2237 1198 2262 tenet
1219 2231 1358 2272 sequela.

301 2272 385 2311 Quia
401 2282 475 2303 cum
498 2272 583 2303 idem
600 2272 640 2303 sit
664 2272 829 2310 iudicium,
846 2273 1023 2304 secundum
1038 2273 1119 2306 hanc
1136 2274 1301 2312 rationem,
1318 2275 1357 2306 de

299 2316 402 2348 verbis
418 2323 449 2348 et
471 2315 561 2347 factis
575 2312 870 2354 caeremonialibus;
895 2317 977 2348 sicut
991 2318 1056 2349 duo
1075 2325 1199 2358 tantum
1214 2325 1360 2360 tempora

300 2361 536 2401 distinguuntur
559 2361 668 2402 quoad
689 2362 794 2398 verba,
810 2361 854 2392 ita
875 2361 983 2403 quoad
1005 2361 1087 2394 facta
1109 2363 1359 2395 caeremonialia.

300 2405 342 2437 Et
356 2406 438 2437 sicut
455 2412 530 2447 post
544 2405 725 2446 passionem
741 2406 858 2437 Christi
872 2406 1064 2444 immediate,
1079 2415 1260 2447 peccassent
1273 2418 1359 2439 mor-

299 2449 400 2481 taliter
422 2449 571 2490 Apostoli
595 2449 732 2480 dicentes
757 2450 862 2480 lesum
885 2450 1049 2481 Christum
1071 2451 1275 2489 nasciturum,
1291 2463 1360 2493 pas-

300 2504 421 2530 surum,
434 2500 699 2531 resurrecturum;
718 2494 762 2526 ita
777 2501 953 2526 exercentes
967 2494 1047 2526 facta
1063 2495 1241 2536 profitentia
1251 2496 1359 2538 ipsum

300 2538 506 2574 nasciturum,
522 2547 701 2578 passurum,
714 2545 972 2575 resurrecturum,
985 2539 1156 2580 peccabant
1175 2541 1358 2572 mortaliter.

300 2582 403 2623 Super
424 2581 486 2613 hoc
509 2582 629 2623 quippe
651 2582 698 2613 vis
714 2582 842 2614 rationis
866 2590 943 2622 stat,
967 2583 1057 2624 quod
1080 2584 1165 2624 paria
1187 2584 1249 2617 sint
1271 2595 1358 2616 men-

299 2626 351 2657 tiri
372 2627 470 2657 verbo
493 2633 524 2657 et
546 2626 640 2658 facto.

356 2670 388 2701 Si
411 2677 520 2701 autem
535 2669 630 2711 quod
639 2670 837 2707 deduximus,
854 2681 920 2702 non
940 2672 1126 2710 admittitur,
1141 2673 1216 2713 quia
1235 2680 1359 2705 eontra-

301 2714 376 2745 dicit
398 2714 497 2745 tribus
519 2714 718 2754 temporibus
740 2715 774 2745 in
797 2715 1003 2755 responsione
1027 2716 1067 2746 ad
1082 2716 1223 2757 primum
1238 2718 1277 2748 ab
1291 2720 1359 2749 Au-

300 2757 428 2798 gustino
453 2758 581 2798 positis;
605 2758 747 2799 sequitur
765 2760 854 2800 quod
869 2759 948 2790 ratio
965 2759 1072 2791 efficax
1086 2770 1151 2792 non
1170 2761 1211 2792 sit
1227 2762 1267 2792 ad
1283 2772 1359 2793 con-

301 2800 495 2833 cludendum
512 2802 601 2844 quod
618 2801 730 2842 legalia
744 2803 858 2834 servari
873 2814 939 2834 non
954 2811 1086 2844 possent
1096 2805 1215 2847 absque
1230 2813 1360 2846 peccato

301 2845 446 2882 mortali;
471 2846 559 2887 quod
582 2852 688 2876 tamen
703 2845 736 2876 in
760 2856 893 2887 corpore
917 2847 1038 2880 articuli
1061 2848 1269 2882 concluditur.
1284 2851 1360 2882 Non

301 2889 402 2930 magis
417 2899 556 2931 namque
579 2897 625 2921 est
648 2890 849 2922 mendacium
864 2890 965 2923 dicere
980 2902 1066 2924 nunc
1082 2893 1244 2925 Christum
1259 2894 1360 2926 nasci-

300 2940 424 2970 turum,
447 2943 633 2975 passurum,
653 2940 917 2973 resurrecturum,
942 2946 1156 2975 ascensurum,
1173 2944 1204 2970 et
1226 2938 1361 2979 Spiritus

301 2978 407 3009 Sancti
428 2978 533 3019 legem
562 2979 731 3018 daturum,
762 2989 860 3020 quam
887 2987 962 3020 post
983 2982 1189 3017 Pentecosten
1217 2989 1361 3023 tempore

301 3022 543 3063 Apostolorum.

1469 1877 1506 1908 11.
1531 1878 1581 1908 Ad
1604 1878 1666 1908 hoc
1685 1877 1798 1909 dicitur
1820 1878 1910 1919 quod
1929 1878 2004 1919 quia
2027 1888 2097 1908 non
2118 1879 2224 1909 solum
2248 1889 2285 1909 ex
2307 1880 2478 1920 Augustini

1414 1928 1444 1952 et
1466 1922 1629 1959 Auctoris,
1650 1922 1705 1953 sed
1727 1922 1885 1954 Ecclesiae
1909 1922 2104 1959 auctoritate,
2121 1923 2358 1954 distinctionem
2381 1924 2479 1955 trium

1413 1972 1606 2006 temporum,
1627 1973 1658 1998 et
1680 1966 1837 1998 rationem
1859 1967 1893 1997 in
1907 1966 2010 1998 littera
2027 1967 2163 2004 allatam,
2181 1974 2212 1998 et
2227 1968 2477 2005 conclusionem,

1414 2017 1449 2040 ut
1460 2010 1493 2040 in
1509 2010 1655 2041 Concilio
1668 2010 1853 2042 Florentino
1865 2010 1892 2048 *‚
1905 2012 1963 2042 sub
1976 2011 2122 2051 Eugenio
2134 2012 2186 2048 IV,
2199 2019 2294 2052 patet,
2309 2012 2477 2050 habemus;
2505 2018 2516 2029 ⁴

1412 2054 1485 2084 ideo
1509 2061 1681 2096 utrumque
1705 2055 1824 2086 salvare
1852 2060 1987 2096 oportet.
2019 2055 2199 2086 Dicendum
2223 2062 2270 2087 est
2292 2066 2366 2097 ergo
2390 2058 2479 2098 quod

1413 2098 1493 2129 ratio
1516 2099 1569 2129 illa
1592 2099 1631 2130 de
1655 2099 1821 2130 mendacio
1843 2100 1941 2130 verbo
1964 2100 2015 2130 vel
2038 2100 2130 2136 sacto,
2146 2099 2254 2131 efficax
2275 2107 2336 2137 est;
2359 2107 2390 2132 et
2404 2111 2478 2132 con-

1414 2142 1512 2173 cludit
1534 2144 1623 2184 quod
1647 2143 1887 2174 caeremonialia
1909 2144 2053 2174 absolute
2077 2151 2108 2175 et
2130 2144 2315 2185 simpliciter
2337 2155 2403 2176 non
2419 2156 2478 2186 po·

1414 2193 1543 2218 tuerunt
1565 2194 1639 2227 post
1663 2187 1828 2219 Christum
1855 2188 2037 2219 immediate
2065 2189 2224 2220 observari
2248 2190 2367 2230 absque
2390 2200 2479 2220 men·

1414 2231 1504 2262 dacio
1528 2231 1717 2272 pernicioso.
1734 2232 1775 2263 Et
1797 2238 1964 2274 propterea
1987 2232 2084 2263 hodie
2105 2233 2219 2264 servari
2243 2243 2309 2264 non
2333 2241 2477 2274 possunt,

1414 2285 1471 2306 nec
1486 2282 1560 2306 tunc
1577 2276 1691 2307 servari
1706 2283 1881 2317 potuerunt
1897 2277 2057 2308 absolute:
2073 2277 2239 2318 quoniam,
2257 2278 2400 2309 absolute
2417 2289 2479 2309 ser-

1412 2326 1493 2356 vata,
1514 2327 1676 2351 servantur
1699 2327 1735 2351 ut
1749 2320 1820 2351 viva
1844 2327 1874 2352 et
1895 2321 2067 2352 necessaria
2084 2322 2123 2352 ad
2143 2322 2277 2353 salutem
2293 2330 2329 2352 ex
2343 2322 2411 2364 lege
2426 2333 2478 2353 ve-

1412 2364 1485 2400 teri;
1510 2364 1599 2405 quod
1622 2371 1696 2405 post
1718 2364 1883 2396 Christum
1906 2375 2073 2406 nunquam
2084 2365 2193 2397 elicuit.

1471 2409 1578 2446 Quare
1601 2415 1710 2439 autem
1733 2410 1876 2450 quodam
1903 2416 2048 2450 tempore
2071 2417 2213 2446 tantum,
2238 2410 2355 2441 scilicet
2378 2421 2478 2451 usque

1414 2453 1452 2482 ad
1476 2452 1725 2493 divulgationem
1743 2453 1917 2494 Evangelii,
1937 2453 2060 2486 licuerit
2075 2464 2197 2485 servare
2214 2455 2326 2486 eadem
2342 2462 2378 2486 ut
2394 2465 2477 2485 mor-

1413 2503 1477 2533 tua,
1502 2504 1548 2527 est
1571 2497 1646 2537 quia
1669 2507 1772 2539 usque
1794 2498 1835 2528 ad
1858 2498 2022 2529 tumulum
2045 2505 2170 2530 tantum
2190 2506 2316 2530 mortua
2331 2509 2476 2539 persona,

1414 2547 1449 2572 ut
1473 2548 1600 2572 mortua
1624 2547 1740 2578 tamen,
1766 2542 1952 2574 custoditur.
1976 2542 2069 2574 Unde
2093 2543 2227 2583 Spiritus
2251 2543 2356 2574 Sancti
2373 2550 2478 2574 aucto-

1413 2585 1511 2622 ritate,
1536 2591 1572 2616 ut
1594 2585 1627 2616 in
1650 2585 1751 2617 littera
1769 2585 1787 2605 *
1805 2586 1928 2623 dicitur,
1944 2587 2034 2628 quasi
2058 2587 2267 2627 dispensative
2291 2597 2478 2618 concessum

1414 2636 1460 2660 est
1483 2635 1620 2670 tempus,
1644 2639 1711 2660 non
1734 2630 1908 2661 mentiendi
1927 2630 2023 2670 facto,
2043 2631 2118 2672 quia
2141 2641 2207 2661 non
2227 2637 2274 2661 est
2293 2641 2478 2662 concessum

1414 2680 1450 2704 ut
1473 2679 1635 2705 uterentur
1662 2674 1707 2704 eis
1734 2680 1771 2705 ut
1792 2675 1888 2711 vivis,
1913 2675 1958 2706 sic
1987 2675 2074 2705 enim
2102 2675 2290 2716 profitentur
2313 2675 2477 2706 Christum

1414 2718 1618 2754 nasciturum,
1633 2728 1811 2758 passurum,
1824 2725 1894 2755 etc.;
1915 2719 1970 2750 sed
1982 2719 2141 2750 deferendi
2158 2726 2319 2750 mortuam
2335 2719 2476 2760 Synago-

1413 2772 1496 2802 gam,
1513 2769 1657 2799 matrem,
1675 2772 1750 2793 curn
1772 2762 1894 2794 honore
1918 2763 1958 2793 ad
1980 2763 2153 2794 tumulum.
2171 2764 2264 2794 Tunc
2286 2763 2406 2803 quippe
2428 2770 2477 2794 tu-

1414 2806 1535 2837 mulata
1558 2813 1617 2843 est,
1642 2807 1771 2848 quando
1798 2807 2009 2847 Evangelium
2039 2814 2085 2838 est
2108 2807 2315 2847 divulgatum.
2346 2808 2478 2849 Propter

1415 2850 1504 2892 quod
1521 2861 1606 2881 nunc
1621 2860 1679 2881 nec
1696 2857 1732 2882 ut
1743 2851 1823 2888 viva,
1837 2857 1967 2892 propter
1981 2851 2198 2887 mendacium,
2216 2861 2273 2882 nec
2287 2857 2324 2882 ut
2339 2857 2475 2888 mortua,

1415 2901 1545 2935 propter
1567 2895 1779 2935 sepulturam,
1802 2895 1867 2926 iam
1890 2895 2004 2926 servari
2020 2902 2155 2936 possunt
2171 2895 2410 2926 caeremonialia
2425 2895 2478 2926 illa

1416 2939 1535 2979 absque
1558 2945 1688 2979 peccato
1711 2939 1846 2971 mortali.
1870 2940 1912 2970 Et
1935 2940 1979 2970 sic
2001 2946 2087 2980 patet
2109 2939 2218 2969 omnia
2241 2949 2425 2970 consonare.

1465 2983 1500 3014 In
1512 2983 1720 3023 responsione
1732 2983 1772 3014 ad
1784 2984 1922 3020 tertium,
1932 2984 2011 3015 scito
2023 2983 2112 3024 quod
2123 2983 2156 3014 in
2169 2983 2283 3017 eodem
2292 2983 2477 3014 Florentino

1417 3026 1565 3059 Concilio
1580 3027 1598 3047 *
1619 3027 1803 3059 canonizata
1819 3034 1874 3065 est,
1891 3027 1982 3069 quasi
1998 3028 2038 3058 ad
2052 3028 2195 3064 verbum,
2210 3027 2287 3058 haec
2302 3027 2454 3058 doctrina.

911 3250 1865 3305 *mssa——

438 3543 554 3582 ‘Summis
573 3557 674 3582 Timor..
693 3557 724 3582 D.
739 3557 853 3583 Tnounr.
871 3557 904 3583 T.
922 3558 965 3583 lv.

2303 3559 2335 3585 33

2505 1329 2515 1339 '⁵
2530 1328 2597 1350 Vers.
2612 1335 2637 1351 ιι.

2504 1431 2513 1439 '¹
2530 1429 2588 1451 Vers
2593 1446 2598 1451 .
2613 1437 2636 1456 4.

2539 2018 2564 2039 In
2589 2018 2651 2040 decr.
2676 2025 2720 2046 pro

2506 2045 2631 2066 Iacobinis.

2504 2594 2515 2604 ⁸
2529 2593 2554 2615 In
2570 2599 2631 2621 resp.
2645 2593 2672 2614 ad
2688 2599 2704 2615 1.

2504 3035 2515 3044 ¹*
2523 3030 2578 3052 Loc.
2589 3031 2628 3052 eit.
