2840 4010
78 566 87 575 “
102 564 131 587 D.
146 565 197 592 788.

78 725 91 770 ἐ
104 723 150 750 Qu.
165 728 230 749 xcvr,
247 726 288 743 art.

176 609 191 642 β

78 832 88 843 ”
102 832 159 854 Ibid.

75 1407 85 1417 ⁸
100 1406 167 1429 Vers.
181 1413 218 1433 4²·

322 121 390 158 192

317 201 404 226 cum
433 191 603 239 pondere
633 198 670 227 et
697 201 876 227 mensura
914 187 1098 225 distribuit
1127 194 1163 223 et
1191 186 1377 234 operatio-

317 254 384 279 nes
414 250 449 279 et
477 243 689 280 necessaria
716 243 827 279 vitae.
859 241 921 277 Sic
948 240 1058 287 igitur
1082 247 1118 275 et
1136 239 1173 275 in
1194 250 1377 286 quacum—

317 307 391 342 que
420 295 658 332 multitudine
688 307 732 331 ex
761 307 806 330 eo
836 293 970 330 dicitur
993 291 1125 340 aliquis
1145 291 1376 340 dispensare,

317 348 421 396 quod
450 348 598 385 ordinat
625 347 781 396 qualiter
810 345 963 393 aliquod
992 355 1199 380 commune
1223 356 1375 392 praece-

316 407 424 448 ptum
440 400 485 437 sit
505 413 526 436 a
542 399 694 447 singulis
715 397 1015 445 adimplendum.
1037 396 1230 444 Contingit
1249 404 1376 434 autem

317 453 550 500 quandoque
584 452 689 500 quod
721 451 876 497 aliquod
903 457 1151 498 praeceptum
1184 450 1290 498 quod
1323 457 1378 487 est

317 505 366 542 ad
395 504 646 541 commodum
675 503 919 539 multitudinis
935 508 952 524 α
980 510 1021 539 ut
1039 502 1077 539 in
1096 502 1278 551 pluribus,
1298 515 1377 540 non

318 565 373 594 est
400 556 632 593 conveniens
651 556 739 592 huic
758 567 956 604 personae,
975 555 1038 592 vel
1066 555 1105 592 in
1132 556 1206 592 hoc
1235 568 1326 593 casu
1344 556 1376 603 ²¹⁶,

317 609 404 658 quia
421 609 484 646 vel
502 621 571 656 per
589 609 664 645 hoc
682 608 930 656 impediretur
948 607 963 638 β
990 607 1129 656 aliquid
1149 609 1295 656 melius,
1315 610 1377 646 vel

316 661 428 698 etiam
447 661 689 698 induceretur
707 661 862 710 aliquod
885 661 1047 708 malum,
1068 661 1164 698 sicut
1184 673 1228 698 ex
1248 674 1377 710 supra-

316 713 421 751 dictis
448 713 468 735 ’¹‘
494 721 608 762 patet.
642 714 904 751 Periculosum
933 721 1061 750 autern
1097 721 1194 751 esset
1230 722 1271 751 ut
1303 715 1378 752 hoc

313 766 452 803 iudicio
473 767 671 804 cuiuslibet
690 767 998 814 committeretur,
1018 767 1088 803 nisi
1107 767 1203 803 forte
1222 775 1378 816 propter

316 819 472 856 evidens
501 827 537 856 et
560 819 727 857 subitum
748 819 971 868 periculum,
992 827 1034 856 ut
1053 831 1167 868 supra
1185 819 1205 841 ’¹‘
1234 819 1376 857 dictum

314 879 380 909 est.
411 873 460 909 Et
487 872 574 910 ideo
602 873 663 909 ille
691 873 756 921 qui
783 873 899 909 habet
926 884 1055 920 regere
1083 872 1375 920 multitudinem,

314 926 430 962 habet
469 933 697 974 potestatem
735 925 978 974 dispensandi
1014 925 1053 962 in
1094 926 1175 972 lege
1208 925 1377 963 humana

315 990 411 1026 quae
441 991 531 1015 suae
551 978 761 1016 auctoritati
780 978 948 1015 innititur
961 983 988 1025 Y,
1017 985 1059 1015 ut
1078 977 1217 1014 scilicet
1235 978 1274 1015 in
1291 991 1376 1027 per-

314 1031 418 1068 sonis
444 1032 507 1069 vel
536 1032 684 1068 casibus
713 1031 750 1068 in
778 1031 916 1079 quibus
943 1031 1001 1067 lex
1030 1030 1167 1077 deficit,
1187 1030 1375 1068 licentiam

314 1084 453 1121 tribuat
470 1092 511 1120 ut
528 1092 775 1133 praeceptum
800 1083 890 1131 legis
910 1096 989 1120 non
1008 1091 1190 1120 servetur.
1206 1104 1230 1111 -
1251 1084 1291 1120 Si
1306 1091 1376 1121 'au-

314 1145 393 1173 tem
421 1138 565 1185 absque
592 1138 664 1173 hac
682 1135 696 1159 ὅ
725 1136 881 1184 ratione,
901 1148 970 1185 pro
1000 1137 1081 1173 sola
1107 1136 1317 1185 voluntate,
1337 1138 1378 1174 li-

316 1189 478 1226 centiam
505 1190 655 1236 tribuat,
685 1202 764 1226 non
794 1189 859 1225 erit
883 1189 1006 1226 fidelis
1025 1189 1063 1226 in
1085 1188 1376 1238 dispensatione,

315 1250 379 1279 aut
393 1243 462 1279 erit
474 1242 712 1291 imprudens:
733 1241 894 1279 infidelis
910 1241 1078 1290 quidem,
1096 1241 1126 1278 si
1145 1254 1225 1279 non
1238 1242 1378 1280 habeat

313 1295 560 1332 intentionem
581 1297 629 1332 ad
650 1296 795 1332 bonum
815 1307 1040 1339 commune;
1070 1294 1291 1343 imprudens
1311 1307 1376 1333 au—

313 1355 412 1394 tem,
451 1348 482 1385 si
520 1348 706 1385 rationem
741 1348 985 1397 dispensandi
1022 1348 1178 1395 ignoret.
1216 1348 1377 1397 Propter

313 1401 418 1449 quod
437 1401 630 1438 Dominus
654 1401 754 1448 dicit,
771 1402 900 1438 Lucae
922 1413 970 1438 xu
984 1401 1021 1437 *z
1047 1401 1149 1446 Quis,
1173 1406 1298 1448 putas,
1323 1408 1378 1439 est

300 1454 429 1501 fidelis
457 1455 688 1503 dispensator
715 1460 750 1491 et
770 1455 949 1502 prudens,
970 1465 1080 1502 quem
1108 1454 1295 1490 constituit
1309 1455 1374 1492 do-

311 1507 435 1544 minus
460 1519 573 1556 super
589 1508 786 1556 familiam
813 1506 954 1544 suam?

364 1636 392 1671 α)
412 1637 600 1662 multitudinis.
617 1651 637 1657 -
655 1638 820 1663 multitudini
837 1638 1066 1663 ABCDEFGHIL.

365 1671 390 1706 β)
402 1673 608 1705 impediretur.-
617 1673 762 1705 impeditur
775 1674 886 1700 codices.
895 1687 914 1694 —
924 1674 975 1698 Pro
985 1674 1164 1702 induceretur,
1177 1673 1314 1699 induceret
1323 1674 1375 1700 EF.

363 1707 389 1741 γ)
410 1708 543 1734 innititur.
561 1722 579 1727 -
598 1708 751 1734 immittitur
769 1709 916 1741 ABCDGL,
933 1709 1110 1734 committitur
1127 1709 1194 1738 ΕΠ,
1213 1709 1330 1735 mittitur
1342 1710 1374 1735 K.

976 109 1242 156 QUAESTIO
1271 109 1428 154 XCVII,
1457 108 1752 145 ARTICULUS
1782 109 1834 145 IV

1485 187 1543 221 An
1572 197 1710 222 PRIMUM
1737 196 1836 222 ERGO
1862 197 2048 224 menmium
2075 188 2193 235 quod,
2221 189 2375 236 quando
2407 201 2494 225 cum

1434 237 1560 286 aliquo
1590 237 1828 286 dispensatur
1846 244 1886 274 ut
1909 239 2031 286 legem
2051 252 2300 278 communem
2321 254 2400 279 non
2418 254 2494 278 ser-

1432 298 1512 338 vet,
1542 303 1621 327 non
1650 290 1763 327 debet
1790 290 1873 327 fieri
1901 290 1939 327 in
1967 291 2242 339 praeiudicium
2270 295 2362 331 boni
2391 307 2495 331 com-

1433 343 1578 389 munis;
1604 343 1671 380 sed
1700 355 1745 380 ea
1765 343 1973 389 intentione
1992 351 2034 380 ut
2056 344 2106 381 ad
2124 345 2270 383 bonum
2289 342 2493 384 commune

1431 396 1617 445 proficiat.

1485 452 1545 486 An
1573 461 1763 486 SECUNDUM
1791 460 1974 486 mmmmm
2004 448 2110 497 quod
2137 461 2216 486 non
2244 457 2300 487 est
2323 452 2493 500 acceptio

1432 514 1683 550 personarum
1707 502 1737 539 si
1757 514 1835 538 non
1854 509 2053 539 serventur
2072 502 2244 551 aequalia
2263 503 2302 540 in
2322 505 2494 551 personis

1432 555 1705 602 inaequalibus.
1736 555 1846 592 Unde
1876 555 2030 603 quando
2051 555 2216 592 conditio
2237 554 2391 593 alicuius
2409 568 2494 605 per-

1434 620 1550 644 sonae
1585 607 1739 655 requirit
1774 615 1816 644 ut
1852 607 2122 645 rationabiliter
2150 613 2162 628 ε
2195 607 2234 644 in
2272 620 2316 645 ea
2352 608 2494 657 aliquid

1432 660 1642 709 specialiter
1669 661 1904 708 observetur,
1934 673 2012 698 non
2041 668 2097 698 est
2118 672 2370 710 personarum
2390 673 2495 699 acce-

1432 713 1510 762 ptio
1539 713 1569 749 si
1598 712 1668 749 sibi
1697 712 1821 760 aliqua
1848 713 2018 761 specialis
2046 714 2162 762 gratia
2191 714 2268 751 fiat.

1484 768 1544 802 An
1557 777 1717 802 ‘manum
1731 777 1915 803 DICENDUM
1934 767 2039 815 quod
2059 767 2118 804 lex
2137 767 2317 804 naturalis
2335 767 2495 815 inquan-

1431 826 1513 855 tum
1530 819 1695 855 continet
1713 825 1915 866 praecepta
1934 820 2166 867 communia,
2183 832 2280 869 quae
2295 832 2494 869 nunquam

1432 872 1581 918 fallunt,
1612 871 1932 919 dispensationem
1966 872 2134 921 recipere
2168 882 2246 910 non
2279 881 2415 922 potest.
2451 875 2495 911 In

1432 925 1512 961 aliis
1530 936 1623 961 vero
1643 923 1864 972 praeceptis,
1881 936 1979 972 quae
1998 932 2085 962 sunt
2103 925 2212 974 quasi
2232 926 2494 963 conclusiones

1431 985 1722 1026 praeceptorum
1754 977 2036 1028 communium,
2065 978 2296 1028 quandoque
2329 992 2399 1029 per
2425 980 2494 1016 ho-

1432 1030 1578 1067 minem
1598 1030 1853 1078 dispensatur:
1875 1037 1967 1078 puta
1986 1031 2092 1078 quod
2114 1038 2292 1069 mutuum
2310 1045 2390 1070 non
2410 1033 2494 1069 red-

1433 1083 1542 1120 datur
1555 1082 1737 1132 proditori
1752 1082 1907 1131 patriae,
1918 1083 1980 1119 vel
1996 1083 2136 1131 aliquid
2149 1084 2382 1122 huiusmodi.
2394 1105 2418 1114 -
2429 1085 2491 1122 Ad

1432 1137 1555 1184 legem
1584 1144 1711 1173 autem
1733 1135 1902 1172 divinam
1922 1135 1973 1172 ita
1992 1148 2032 1172 se
2051 1136 2167 1174 habet
2185 1137 2340 1186 quilibet
2357 1139 2491 1186 homo,

1432 1189 1526 1226 sicut
1540 1201 1703 1238 persona
1717 1188 1864 1237 privata
1879 1188 1928 1225 ad
1942 1189 2066 1236 legem
2080 1189 2275 1238 publicam
2295 1190 2355 1227 cui
2376 1191 2493 1228 subii,

1432 1242 1537 1279 citur.
1563 1242 1675 1279 Unde
1695 1242 1790 1278 sieut
1808 1241 1847 1278 in
1866 1241 1948 1289 lege
1967 1242 2137 1279 humana
2155 1243 2310 1291 publica
2326 1255 2492 1293 nonvpo-

1431 1302 1502 1332 test
1533 1295 1752 1344 dispensare
1785 1294 1856 1331 nisi
1888 1294 1948 1331 ille
1977 1307 2000 1331 a
2027 1307 2105 1344 quo
2138 1296 2198 1332 lex
2229 1296 2493 1334 auctoritatem

1430 1348 1556 1395 habet,
1585 1349 1646 1385 vel
1674 1349 1704 1384 is
1734 1348 1792 1384 cui
1820 1347 1900 1396 ipse
1921 1347 2174 1395 commiserit3
2203 1349 2253 1386 ita
2280 1349 2319 1386 in
2338 1360 2494 1398 praeee-

1429 1401 1501 1450 ptis
1530 1401 1617 1438 iuris
1646 1400 1775 1448 divini,
1805 1412 1904 1448 quae
1934 1408 2021 1437 sunt
2048 1413 2070 1437 a
2098 1402 2196 1450 Deo,
2225 1402 2350 1439 nullus
2367 1409 2494 1451 potest

1412 1452 1649 1503 dispensare
1678 1453 1747 1490 nisi
1773 1454 1891 1501 Deus,
1920 1454 1982 1490 vel
2007 1454 2037 1490 si
2057 1453 2146 1491 (3.ιίζ
2173 1454 2255 1504 ipse
2284 1455 2493 1505 specialiter

1430 1508 1692 1544 commltteret.

1481 1638 1506 1672 ὃ)
1526 1640 1584 1664 hac.
1602 1653 1620 1658 -
1638 1639 1698 1663 Om.
1718 1638 1770 1663 EF.

1481 1674 1503 1708 ε)
1524 1677 1554 1699 ut
1571 1674 1776 1699 rationabiliter.
1794 1686 1812 1692 —-
1830 1673 2028 1699 rationabiliter
2047 1677 2076 1699 ut
2095 1673 2124 1698 P.

1481 1710 1507 1744 ζ)
1527 1710 1551 1735 si
1563 1710 1614 1735 cui.
1631 1723 1649 1728 —
1668 1709 1710 1734 cui
1728 1709 1825 1738 BEFK.
1846 1709 1868 1734 is
1885 1709 1929 1734 cui
1948 1709 1994 1734 Pa.

991 1797 1322 1831 Commentaria
1345 1797 1593 1831 Cardinalis
1617 1798 1816 1830 Caietam·

341 1898 361 1918 N
376 1888 469 1919 titulo
489 1887 610 1918 articuli
625 1887 727 1928 quarti
743 1886 868 1917 adverte
897 1886 986 1927 quod
1002 1895 1068 1916 non
1089 1886 1128 1916 de
1144 1886 1286 1927 principe
1300 1896 1371 1926 spe-

315 1899 468 1968 Icialiter,
486 1932 541 1962 sed
557 1932 596 1962 de
615 1938 735 1962 rectore
759 1930 981 1966 multitudinis,
1000 1930 1063 1961 sive
1085 1930 1230 1970 princeps
1249 1931 1289 1961 sit
1303 1931 1369 1961 sive

312 1987 393 2013 non,
420 1976 564 2017 quaestio
589 1983 644 2006 est.

371 2021 406 2050 In
423 2030 554 2061 corpore
580 2019 702 2051 articuli
728 2019 870 2049 eiusdem
891 2019 1017 2049 adverte
1043 2018 1118 2049 duo.
1144 2019 1270 2055 Primo,
1295 2018 1372 2059 quid

312 2064 451 2095 subiacet
474 2063 701 2105 dispensationi
725 2063 862 2094 rectoris.
887 2062 1082 2103 Exprimitur
1105 2073 1244 2104 namque
1267 2062 1300 2093 in
1322 2062 1372 2094 lit-

311 2115 375 2139 tera
390 2109 478 2149 quod
490 2108 551 2139 hoc
567 2115 614 2139 est
633 2107 772 2138 defectus
786 2107 864 2147 legis
875 2107 908 2137 in
923 2117 1058 2147 persona
1075 2107 1124 2137 vel
1137 2117 1220 2138 casu.
1234 2106 1372 2144 Quando

313 2153 397 2183 enim
420 2163 487 2183 non
512 2159 571 2189 est,
602 2163 659 2183 nec
682 2158 825 2192 apparet,
850 2162 908 2182 nec
932 2151 1093 2182 dubitatur
1116 2151 1255 2182 defectus
1277 2150 1372 2192 legis,

312 2197 399 2227 nulla
415 2203 461 2228 est
476 2196 555 2227 ratio
578 2196 738 2227 licentiam
760 2196 917 2227 tribuendi
942 2196 1031 2236 quod
1045 2205 1112 2225 non
1134 2202 1274 2226 servetur
1295 2194 1373 2236 legis

311 2248 531 2282 praeceptum:
547 2250 583 2271 ac
597 2251 652 2281 per
666 2240 737 2277 hoc,
750 2240 838 2271 nulla
851 2246 897 2271 est
911 2240 990 2270 ratio
1006 2239 1217 2279 dispensandi.
1234 2239 1373 2277 Quando

312 2292 419 2316 autem
442 2291 572 2325 apparet
591 2285 684 2325 quod
706 2285 756 2315 lex
770 2285 802 2314 in
823 2285 883 2315 hoc
906 2294 982 2315 casu
1004 2283 1173 2324 impediret
1195 2283 1297 2314 maius
1317 2284 1373 2314 bo-

311 2339 407 2365 num,
432 2330 482 2359 vel
506 2330 628 2359 cederet
651 2329 683 2359 in
708 2329 843 2365 malum,
864 2335 894 2359 et
918 2328 1118 2364 huiusmodi;
1143 2334 1219 2358 tunc
1243 2327 1373 2359 deficere

311 2373 495 2403 dicitur·1ex
518 2373 550 2403 in
575 2383 648 2404 casu
678 2373 745 2403 illo.
771 2373 862 2404 Unde
886 2383 944 2413 pro
973 2372 1041 2402 sola
1064 2372 1226 2402 voluntate
1250 2382 1316 2402 non
1338 2371 1374 2402 fit

312 2417 514 2457 dispensatio,
539 2418 593 2447 sed
617 2417 790 2458 dissipatio.

367 2461 403 2492 11.
420 2461 581 2497 Secundo,
606 2461 677 2501 quis
702 2468 803 2492 rector
827 2461 859 2492 in
879 2471 942 2502 qua
964 2461 1032 2500 lege
1057 2460 1157 2500 possit
1181 2460 1370 2500 dispensare.

311 2505 347 2535 In
362 2505 463 2536 littera
480 2505 565 2535 enim
581 2505 659 2535 nihil
675 2505 760 2536 aliud
784 2505 969 2545 exprimitur
985 2505 1045 2534 nisi
1061 2505 1150 2545 quod
1172 2511 1275 2535 rector
1289 2504 1374 2535 mul-

310 2549 452 2580 titudinis
482 2550 574 2580 habet
602 2555 790 2589 potestatem
821 2549 1027 2590 dispensandi
1059 2550 1090 2579 in
1128 2549 1200 2590 lege
1230 2549 1371 2579 humana

310 2603 392 2633 quae
414 2603 493 2624 suae
515 2595 700 2624 auctoritati
723 2594 880 2625 innititur.
901 2593 941 2624 Et
964 2592 996 2623 in
1021 2593 1227 2633 responsione
1251 2593 1291 2623 ad
1313 2591 1372 2624 ter-

310 2637 401 2674 tium,
426 2639 457 2668 in
483 2638 555 2678 lege
578 2638 718 2668 humana
735 2638 865 2678 publica
891 2648 952 2668 non
972 2642 1077 2677 potest
1099 2637 1286 2677 dispensare
1309 2638 1372 2668 nisi

310 2681 365 2712 ille
387 2692 408 2712 a
429 2692 492 2723 quo
516 2682 570 2712 lex
599 2683 822 2713 auctoritatem
854 2682 965 2719 habet,
996 2681 1046 2712 vel
1068 2682 1095 2712 is
1118 2682 1171 2712 cui
1200 2682 1266 2722 ipse
1291 2691 1373 2712 com-

312 2726 442 2757 miserit.
458 2725 591 2757 Videtur
618 2732 725 2757 autem
754 2726 833 2756 mihi
861 2726 959 2766 quod,
984 2726 1105 2756 seclusa
1130 2724 1370 2762 consuetudine,

311 2779 392 2810 quae
415 2770 634 2801 auctoritatem
657 2770 857 2810 dispensandi
877 2769 1078 2800 inferioribus
1094 2769 1268 2800 rectoribus
1285 2779 1370 2800 com-

310 2814 404 2845 mittit
428 2821 458 2844 et
481 2814 605 2850 adimit;
630 2824 667 2844 ex
685 2814 747 2845 hoc
770 2814 840 2854 ipso
865 2814 953 2855 quod
978 2813 1091 2854 aliquis
1116 2813 1306 2844 constitutus
1325 2819 1371 2845 est

309 2865 411 2889 rector
433 2858 662 2894 multitudinis,
688 2858 857 2889 commissa
884 2867 1016 2899 quoque
1041 2864 1086 2888 est
1116 2857 1175 2888 sibi
1201 2857 1370 2888 auctoritas

310 2901 511 2942 dispensandi
537 2902 571 2933 in
594 2902 663 2942 lege
691 2902 862 2943 superioris
885 2902 995 2943 quoad
1021 2902 1092 2933 tria:
1123 2901 1240 2933 scilicet
1263 2902 1370 2943 quoad

309 2946 404 2982 levia,
429 2947 536 2987 quoad
560 2946 752 2988 frequentia,
777 2946 885 2988 quoad
912 2946 1050 2987 propria.

366 2990 450 3021 Leve
471 2997 577 3022 autern
594 2998 639 3022 est
653 2991 893 3032 quodcumque,
913 2989 1021 3022 ceteris
1042 2990 1179 3041 paribus,
1197 3000 1263 3020 non
1279 2999 1368 3031 prae-

311 3040 401 3083 cepto
425 3035 551 3075 proprie
571 3034 665 3071 dicto,
683 3035 738 3065 sed
761 3034 897 3075 simplici
914 3040 1032 3066 statuto
1045 3031 1191 3085 positum
1213 3040 1268 3065 est.
1291 3034 1367 3064 Non

310 3077 394 3107 enim
417 3085 463 3109 est
485 3079 598 3109 ranoni
618 3089 798 3110 consonum
827 3085 863 3110 ut
891 3079 930 3109 ad
954 3078 1130 3120 principem
1153 3088 1211 3119 pro
1245 3078 1370 3119 dispen-

310 3121 430 3152 satione
453 3122 485 3152 in
509 3123 570 3153 levi
598 3123 823 3155 recurrendum
847 3123 896 3154 sit.

1479 1887 1672 1927 Frequenter
1695 1896 1827 1927 quoque
1851 1887 2098 1923 occurrentibus,
2122 1896 2216 1927 grave
2240 1887 2335 1918 nimis
2355 1888 2491 1919 essetad

1425 1931 1611 1971 principem,
1627 1941 1720 1971 saepe
1739 1931 1829 1961 valde
1849 1938 2010 1962 remotum
2026 1931 2099 1962 loco
2119 1931 2169 1962 vel
2188 1931 2424 1968 commoditate,
2444 1942 2490 1963 re-

1427 1985 1557 2011 currere,
1572 1975 1626 2006 ubi
1642 1975 1691 2005 lex
1707 1975 1774 2015 ipsa
1787 1975 1975 2006 vindicanda
1990 1976 2119 2006 tandem
2135 1982 2225 2012 esset,
2241 1985 2307 2007 non
2327 1977 2490 2007 servanda.

1427 2020 1470 2050 Ut
1486 2026 1570 2059 patet
1585 2020 1616 2049 in
1634 2020 1701 2058 lege
1717 2019 1826 2049 ieiunii
1841 2019 2049 2056 ecclesiastici,
2067 2020 2156 2060 quod
2172 2020 2281 2050 crebro
2295 2020 2490 2051 solvendum

1428 2063 1539 2094 accidit
1554 2074 1590 2094 ex
1608 2063 1796 2100 rationabili,
1808 2064 1984 2094 secundum
2001 2064 2265 2106 existimationem
2281 2064 2402 2101 saltem,
2417 2074 2490 2095 cau—

1427 2117 1477 2144 sa;
1502 2117 1559 2138 nec
1583 2114 1629 2138 est
1655 2107 1768 2138 rationi
1793 2118 1972 2138 consonum
2004 2115 2039 2139 ut
2066 2108 2271 2145 semidebilis,
2296 2115 2351 2139 aut
2378 2109 2489 2139 volens

1428 2151 1498 2192 quis
1528 2152 1667 2192 equitare
1703 2158 1757 2182 aut
1785 2153 1880 2192 pedes
1907 2152 1952 2183 ire
1979 2152 2047 2183 sine
2073 2152 2257 2183 necessitate
2288 2159 2433 2193 cogente,
2457 2159 2491 2185 et

1427 2202 1542 2236 putans
1566 2206 1598 2226 se
1622 2206 1687 2226 non
1710 2206 1804 2235 posse
1827 2206 1948 2227 servare
1971 2196 2144 2233 ieiunium,
2170 2197 2282 2228 debeat
2304 2197 2345 2228 ad
2367 2197 2489 2237 Papam

1427 2249 1598 2276 recurrere;
1623 2240 1677 2270 sed
1701 2246 1748 2270 sat
1770 2240 1895 2271 videtur
1917 2241 2006 2282 quod
2029 2238 2157 2272 arbitrio
2181 2240 2324 2281 episcopi
2346 2241 2379 2272 in
2402 2240 2490 2272 aliud

1427 2284 1520 2324 pium
1543 2294 1625 2324 opus
1649 2291 1873 2321 commutetur,
1898 2285 1986 2316 salvo
2010 2285 2087 2325 legis
2110 2284 2183 2316 fine.

1480 2331 1631 2368 Aequum
1655 2328 1749 2359 etiam
1773 2335 1819 2359 est
1848 2335 1883 2359 ut
1907 2339 1943 2359 ea
1966 2339 2047 2370 quae
2075 2336 2149 2360 sunt
2175 2329 2217 2359 ita
2240 2329 2369 2369 propria
2392 2329 2485 2360 alicui

1428 2372 1623 2402 multitudini
1654 2373 1742 2412 quod
1766 2383 1831 2403 non
1855 2374 2032 2404 redundant
2050 2373 2082 2403 in
2104 2373 2367 2404 communitatem
2390 2373 2488 2404 totius

1424 2416 1524 2457 regni,
1541 2416 1591 2446 vel
1612 2416 1800 2456 reipublicae
1821 2417 2015 2453 christianae,
2032 2417 2116 2447 illius
2132 2417 2345 2448 multitudinis
2364 2417 2486 2453 rectori,

1428 2460 1483 2501 qui
1507 2459 1652 2490 notitiam
1676 2461 1844 2500 specialem
1868 2461 1935 2492 eius
1958 2461 2062 2497 habet,
2080 2461 2273 2491 moderanda
2288 2460 2394 2492 relicta
2410 2461 2486 2492 sint:

1426 2504 1487 2535 nisi
1506 2504 1586 2534 forte
1609 2504 1689 2534 adeo
1714 2505 1860 2535 notabilis
1881 2514 1972 2536 casus
1995 2505 2034 2535 sit
2057 2511 2093 2535 ut
2116 2504 2230 2536 merito
2253 2505 2398 2545 superior
2414 2515 2487 2536 con-

1428 2548 1578 2579 sulendus
1603 2556 1754 2580 occurrat.
1780 2549 1872 2580 Unde
1896 2549 1921 2579 si
1944 2549 1994 2580 lex
2021 2549 2192 2589 superioris
2217 2549 2255 2579 de
2279 2548 2401 2580 civitate
2430 2549 2485 2586 sit,

1428 2602 1502 2624 cum
1526 2603 1591 2623 esse
1615 2592 1715 2623 civem
1735 2603 1854 2624 munus
1873 2593 1913 2624 sit
1927 2593 1970 2624 ita
1985 2593 2152 2633 proprium
2171 2593 2245 2623 huic
2261 2592 2376 2623 civitati
2397 2592 2487 2634 quod

1427 2636 1505 2667 nihil
1529 2637 1568 2666 ad
1592 2636 1667 2666 alias
1691 2644 1818 2677 spectet,
1842 2644 1947 2677 potest
1970 2644 2071 2668 rector
2090 2637 2269 2677 dispensare
2285 2637 2318 2666 in
2338 2637 2406 2677 lege
2421 2637 2485 2667 illa.

1426 2681 1522 2712 Secus
1546 2687 1652 2711 autem
1675 2687 1721 2711 est
1745 2681 1783 2712 de
1807 2681 2048 2718 communibus,
2073 2691 2155 2722 quae
2179 2681 2314 2717 seilicet,
2337 2681 2412 2712 licet
2432 2681 2486 2713 hic

1425 2724 1511 2761 fiant,
1536 2725 1733 2756 redundant
1725 2735 1758 2755 m
1775 2725 1871 2756 alios:
1896 2732 1932 2756 ut
1955 2725 1981 2756 si
2001 2726 2050 2756 lex
2073 2725 2244 2766 superioris
2261 2724 2301 2756 sit
2317 2724 2356 2756 de
2372 2723 2487 2757 docto

1425 2775 1495 2800 ratu
1519 2776 1573 2799 aut
1596 2769 1634 2799 de
1666 2769 1890 2806 matrimonio,
1915 2779 1990 2800 cum
2013 2769 2126 2800 doctor
2150 2775 2180 2800 et
2203 2769 2321 2800 coniux
2348 2768 2487 2811 ubique,

1426 2819 1457 2843 et
1478 2822 1544 2843 non
1567 2813 1599 2842 in
1623 2813 1681 2843 ista
1699 2819 1824 2844 tantum
1848 2813 1970 2844 civitate
1989 2823 2108 2844 munus
2132 2822 2228 2844 suum
2251 2819 2403 2864 exerceat,
2415 2819 2486 2854 ειμι

1425 2863 1544 2897 spectat
1571 2857 1611 2887 ad
1639 2863 1793 2887 rectorem
1821 2858 1916 2888 huius
1946 2857 2178 2894 multitudinis,
2211 2857 2266 2888 sed
2296 2856 2416 2893 ton‘uss,
2440 2847 2486 2888 'di-

1425 2910 1581 2942 spensare.

1479 2945 1515 2975 In
1537 2945 1653 2986 quibus
1673 2951 1781 2976 autem
1794 2945 1953 2976 Ecclesiae
1976 2946 2099 2996 legibus
2122 2945 2224 2986 possit
2241 2945 2415 2996 episcopus
2427 2945 2488 2977 di·-

1423 2999 1571 3030 pensare,
1597 2999 1663 3020 non
1687 2997 1732 3020 est
1754 2989 1926 3029 praesentis
1957 2990 2091 3030 negotii,
2117 2990 2173 3022 ubi
2195 2989 2228 3021 in
2252 2988 2418 3040 communi
2440 2995 2488 3023 est
2529 3026 2534 3028 ‚

1423 3043 1528 3064 sermo
1552 3033 1590 3063 de
1613 3032 1734 3074 legibus
1759 3039 1788 3064 et
1814 3033 1996 3064 rectoribus.
