<?xml version="1.0" encoding="UTF-8"?>
<!DOCTYPE html PUBLIC "-//W3C//DTD XHTML 1.0 Transitional//EN"
    "http://www.w3.org/TR/xhtml1/DTD/xhtml1-transitional.dtd">
<html xmlns="http://www.w3.org/1999/xhtml" xml:lang="en" lang="en">
 <head>
  <title>
</title>
<meta http-equiv="Content-Type" content="text/html;charset=utf-8" />
  <meta name='ocr-system' content='tesseract 3.04.00' />
  <meta name='ocr-capabilities' content='ocr_page ocr_carea ocr_par ocr_line ocrx_word'/>
</head>
<body>
  <div class='ocr_page' id='page_1' title='image "./operaomniaiussui07thom/operaomniaiussui07thom_0274.png"; bbox 0 0 2840 4010; ppageno 0'>
   <div class='ocr_carea' id='block_1_1' title="bbox 104 342 241 363">
    <p class='ocr_par' dir='ltr' id='par_1_1' title="bbox 104 342 241 363">
     <span class='ocr_line' id='line_1_1' title="bbox 104 342 241 363; baseline 0 0"><span class='ocrx_word' id='word_1_1' title='bbox 104 342 113 352; x_wconf 76' lang='lat'>⁸</span> <span class='ocrx_word' id='word_1_2' title='bbox 129 342 193 363; x_wconf 85' lang='lat' dir='ltr'>Vers.</span> <span class='ocrx_word' id='word_1_3' title='bbox 211 342 241 363; x_wconf 76' lang='lat'>18.</span> 
     </span>
    </p>
   </div>
   <div class='ocr_carea' id='block_1_2' title="bbox 91 1599 302 1727">
    <p class='ocr_par' dir='ltr' id='par_1_2' title="bbox 91 1599 302 1727">
     <span class='ocr_line' id='line_1_2' title="bbox 91 1599 299 1627; baseline 0 -6"><span class='ocrx_word' id='word_1_4' title='bbox 91 1600 101 1611; x_wconf 82' lang='grc'><em>“</em></span> <span class='ocrx_word' id='word_1_5' title='bbox 116 1599 173 1627; x_wconf 76' lang='lat' dir='ltr'>Cap.</span> <span class='ocrx_word' id='word_1_6' title='bbox 188 1606 221 1626; x_wconf 83' lang='lat' dir='ltr'>iv,</span> <span class='ocrx_word' id='word_1_7' title='bbox 237 1606 258 1622; x_wconf 89' lang='lat' dir='ltr'>n.</span> <span class='ocrx_word' id='word_1_8' title='bbox 274 1607 299 1627; x_wconf 74' lang='lat'>4:</span> 
     </span>
     <span class='ocr_line' id='line_1_3' title="bbox 92 1626 282 1648; baseline 0.005 -1"><span class='ocrx_word' id='word_1_9' title='bbox 92 1626 164 1648; x_wconf 80' lang='lat' dir='ltr'>s.Th.</span> <span class='ocrx_word' id='word_1_10' title='bbox 173 1627 282 1648; x_wconf 84' lang='lat' dir='ltr'>lect.v111.</span> 
     </span>
     <span class='ocr_line' id='line_1_4' title="bbox 93 1652 302 1680; baseline 0 -6"><span class='ocrx_word' id='word_1_11' title='bbox 93 1652 234 1680; x_wconf 79' lang='lat' dir='ltr'>Cf.cap.v1</span> <span class='ocrx_word' id='word_1_12' title='bbox 245 1659 302 1674; x_wconf 86' lang='lat' dir='ltr'>n.1o</span> 
     </span>
     <span class='ocr_line' id='line_1_5' title="bbox 92 1669 302 1707; baseline 0.005 -7"><span class='ocrx_word' id='word_1_13' title='bbox 92 1685 156 1707; x_wconf 83' lang='lat' dir='ltr'>sqq.;</span> <span class='ocrx_word' id='word_1_14' title='bbox 165 1685 185 1701; x_wconf 77' lang='lat' dir='ltr'>s</span> <span class='ocrx_word' id='word_1_15' title='bbox 194 1669 239 1701; x_wconf 88' lang='lat' dir='ltr'>Th.</span> <span class='ocrx_word' id='word_1_16' title='bbox 250 1680 302 1701; x_wconf 83' lang='lat' dir='ltr'>lect.</span> 
     </span>
     <span class='ocr_line' id='line_1_6' title="bbox 92 1711 140 1727; baseline 0.025 -1"><span class='ocrx_word' id='word_1_17' title='bbox 92 1711 140 1727; x_wconf 84' lang='lat' dir='ltr'>xm</span> 
     </span>
    </p>
   </div>
   <div class='ocr_carea' id='block_1_3' title="bbox 195 2870 207 2900">
    <p class='ocr_par' dir='ltr' id='par_1_3' title="bbox 195 2870 207 2900">
     <span class='ocr_line' id='line_1_7' title="bbox 195 2870 207 2900; baseline 0 0"><span class='ocrx_word' id='word_1_18' title='bbox 195 2870 207 2900; x_wconf 78' lang='grc' dir='ltr'>Ε</span> 
     </span>
    </p>
   </div>
   <div class='ocr_carea' id='block_1_4' title="bbox 189 2984 202 2999">
    <p class='ocr_par' dir='ltr' id='par_1_4' title="bbox 189 2984 202 2999">
     <span class='ocr_line' id='line_1_8' title="bbox 189 2984 202 2999; baseline 0 0"><span class='ocrx_word' id='word_1_19' title='bbox 189 2984 202 2999; x_wconf 83' lang='lat'><strong>0</strong></span> 
     </span>
    </p>
   </div>
   <div class='ocr_carea' id='block_1_5' title="bbox 191 3088 208 3104">
    <p class='ocr_par' dir='ltr' id='par_1_5' title="bbox 191 3088 208 3104">
     <span class='ocr_line' id='line_1_9' title="bbox 191 3088 208 3104; baseline 0 0"><span class='ocrx_word' id='word_1_20' title='bbox 191 3088 208 3104; x_wconf 81' lang='grc' dir='ltr'>π</span> 
     </span>
    </p>
   </div>
   <div class='ocr_carea' id='block_1_6' title="bbox 92 3138 294 3166">
    <p class='ocr_par' dir='ltr' id='par_1_6' title="bbox 92 3138 294 3166">
     <span class='ocr_line' id='line_1_10' title="bbox 92 3138 294 3166; baseline 0.005 -7"><span class='ocrx_word' id='word_1_21' title='bbox 92 3139 103 3149; x_wconf 77' lang='grc'><em>“</em></span> <span class='ocrx_word' id='word_1_22' title='bbox 118 3138 143 3160; x_wconf 83' lang='grc'>111</span> <span class='ocrx_word' id='word_1_23' title='bbox 159 3144 219 3166; x_wconf 88' lang='lat' dir='ltr'>resp.</span> <span class='ocrx_word' id='word_1_24' title='bbox 235 3138 262 3160; x_wconf 84' lang='lat' dir='ltr'>ad</span> <span class='ocrx_word' id='word_1_25' title='bbox 278 3145 294 3160; x_wconf 86' lang='lat'>1.</span> 
     </span>
    </p>
   </div>
   <div class='ocr_carea' id='block_1_7' title="bbox 344 150 417 185">
    <p class='ocr_par' dir='ltr' id='par_1_7' title="bbox 344 150 417 185">
     <span class='ocr_line' id='line_1_11' title="bbox 344 150 417 185; baseline 0.014 -1"><span class='ocrx_word' id='word_1_26' title='bbox 344 150 417 185; x_wconf 78' lang='lat'>266</span> 
     </span>
    </p>
   </div>
   <div class='ocr_carea' id='block_1_8' title="bbox 328 226 1401 3286">
    <p class='ocr_par' dir='ltr' id='par_1_8' title="bbox 336 226 1401 947">
     <span class='ocr_line' id='line_1_12' title="bbox 344 226 1400 274; baseline 0 -10"><span class='ocrx_word' id='word_1_27' title='bbox 344 228 456 274; x_wconf 78' lang='lat' dir='ltr'>debat</span> <span class='ocrx_word' id='word_1_28' title='bbox 484 229 541 264; x_wconf 91' lang='lat' dir='ltr'>lex</span> <span class='ocrx_word' id='word_1_29' title='bbox 570 228 745 264; x_wconf 87' lang='lat' dir='ltr'>homines</span> <span class='ocrx_word' id='word_1_30' title='bbox 774 229 1009 264; x_wconf 81' lang='lat' dir='ltr'>assuefacere</span> <span class='ocrx_word' id='word_1_31' title='bbox 1042 234 1083 262; x_wconf 91' lang='lat' dir='ltr'>ut</span> <span class='ocrx_word' id='word_1_32' title='bbox 1111 226 1217 263; x_wconf 88' lang='lat' dir='ltr'>facile</span> <span class='ocrx_word' id='word_1_33' title='bbox 1247 227 1318 263; x_wconf 87' lang='lat' dir='ltr'>sibi</span> <span class='ocrx_word' id='word_1_34' title='bbox 1347 227 1400 264; x_wconf 90' lang='lat' dir='ltr'>in-</span> 
     </span>
     <span class='ocr_line' id='line_1_13' title="bbox 343 279 1399 327; baseline 0 -11"><span class='ocrx_word' id='word_1_35' title='bbox 343 280 467 317; x_wconf 89' lang='lat' dir='ltr'>vicem</span> <span class='ocrx_word' id='word_1_36' title='bbox 495 293 563 317; x_wconf 89' lang='lat' dir='ltr'>sua</span> <span class='ocrx_word' id='word_1_37' title='bbox 593 280 939 317; x_wconf 83' lang='lat' dir='ltr'>communicarent:</span> <span class='ocrx_word' id='word_1_38' title='bbox 969 279 1064 315; x_wconf 91' lang='lat' dir='ltr'>sicut</span> <span class='ocrx_word' id='word_1_39' title='bbox 1083 287 1120 315; x_wconf 90' lang='lat' dir='ltr'>et</span> <span class='ocrx_word' id='word_1_40' title='bbox 1143 280 1362 327; x_wconf 83' lang='lat' dir='ltr'>Apostolus,</span> <span class='ocrx_word' id='word_1_41' title='bbox 1386 281 1399 316; x_wconf 96' lang='grc' dir='ltr'>Ι</span> 
     </span>
     <span class='ocr_line' id='line_1_14' title="bbox 342 331 1401 380; baseline 0.001 -11"><span class='ocrx_word' id='word_1_42' title='bbox 342 333 392 369; x_wconf 84' lang='lat' dir='ltr'>ad</span> <span class='ocrx_word' id='word_1_43' title='bbox 422 332 516 369; x_wconf 89' lang='lat' dir='ltr'>Tim.</span> <span class='ocrx_word' id='word_1_44' title='bbox 537 333 622 380; x_wconf 76' lang='grc' dir='ltr'><strong>ν1*,</strong></span> <span class='ocrx_word' id='word_1_45' title='bbox 653 332 829 369; x_wconf 88' lang='lat' dir='ltr'>divitibus</span> <span class='ocrx_word' id='word_1_46' title='bbox 857 332 1013 368; x_wconf 86' lang='lat' dir='ltr'>mandat</span> <span class='ocrx_word' id='word_1_47' title='bbox 1027 331 1150 380; x_wconf 82' lang='lat' dir='ltr'>facile</span> <span class='ocrx_word' id='word_1_48' title='bbox 1177 332 1340 369; x_wconf 84' lang='lat' dir='ltr'>tribuere</span> <span class='ocrx_word' id='word_1_49' title='bbox 1364 340 1401 370; x_wconf 91' lang='lat' dir='ltr'>et</span> 
     </span>
     <span class='ocr_line' id='line_1_15' title="bbox 342 384 1398 424; baseline 0.001 -3"><span class='ocrx_word' id='word_1_50' title='bbox 342 386 631 422; x_wconf 84' lang='lat' dir='ltr'>communicare.</span> <span class='ocrx_word' id='word_1_51' title='bbox 663 386 754 421; x_wconf 87' lang='lat' dir='ltr'>Non</span> <span class='ocrx_word' id='word_1_52' title='bbox 781 391 908 420; x_wconf 89' lang='lat' dir='ltr'>autern</span> <span class='ocrx_word' id='word_1_53' title='bbox 929 384 1035 420; x_wconf 87' lang='lat' dir='ltr'>facile</span> <span class='ocrx_word' id='word_1_54' title='bbox 1055 385 1398 424; x_wconf 86' lang='lat' dir='ltr'>communicativus</span> 
     </span>
     <span class='ocr_line' id='line_1_16' title="bbox 343 436 1399 486; baseline 0.001 -12"><span class='ocrx_word' id='word_1_55' title='bbox 343 445 397 474; x_wconf 90' lang='lat' dir='ltr'>est</span> <span class='ocrx_word' id='word_1_56' title='bbox 429 438 492 486; x_wconf 92' lang='lat' dir='ltr'>qui</span> <span class='ocrx_word' id='word_1_57' title='bbox 521 450 598 474; x_wconf 93' lang='lat' dir='ltr'>non</span> <span class='ocrx_word' id='word_1_58' title='bbox 627 437 783 473; x_wconf 90' lang='lat' dir='ltr'>sustinet</span> <span class='ocrx_word' id='word_1_59' title='bbox 811 437 914 485; x_wconf 91' lang='lat' dir='ltr'>quod</span> <span class='ocrx_word' id='word_1_60' title='bbox 939 436 1136 484; x_wconf 89' lang='lat' dir='ltr'>proximus</span> <span class='ocrx_word' id='word_1_61' title='bbox 1155 437 1295 485; x_wconf 89' lang='lat' dir='ltr'>aliquid</span> <span class='ocrx_word' id='word_1_62' title='bbox 1316 450 1399 475; x_wconf 90' lang='lat' dir='ltr'>mo-</span> 
     </span>
     <span class='ocr_line' id='line_1_17' title="bbox 342 489 1398 537; baseline 0.002 -11"><span class='ocrx_word' id='word_1_63' title='bbox 342 490 468 527; x_wconf 91' lang='lat' dir='ltr'>dicum</span> <span class='ocrx_word' id='word_1_64' title='bbox 490 490 536 526; x_wconf 91' lang='lat' dir='ltr'>de</span> <span class='ocrx_word' id='word_1_65' title='bbox 556 502 625 525; x_wconf 93' lang='lat' dir='ltr'>suo</span> <span class='ocrx_word' id='word_1_66' title='bbox 655 489 829 537; x_wconf 90' lang='lat' dir='ltr'>accipiat,</span> <span class='ocrx_word' id='word_1_67' title='bbox 859 490 1002 536; x_wconf 88' lang='lat' dir='ltr'>absque</span> <span class='ocrx_word' id='word_1_68' title='bbox 1032 501 1172 537; x_wconf 89' lang='lat' dir='ltr'>magno</span> <span class='ocrx_word' id='word_1_69' title='bbox 1201 490 1259 527; x_wconf 89' lang='lat' dir='ltr'>sui</span> <span class='ocrx_word' id='word_1_70' title='bbox 1288 491 1398 528; x_wconf 87' lang='lat' dir='ltr'>detri-</span> 
     </span>
     <span class='ocr_line' id='line_1_18' title="bbox 340 541 1396 581; baseline 0.002 -2"><span class='ocrx_word' id='word_1_71' title='bbox 340 550 481 579; x_wconf 91' lang='lat' dir='ltr'>mento.</span> <span class='ocrx_word' id='word_1_72' title='bbox 513 543 562 578; x_wconf 90' lang='lat' dir='ltr'>Et</span> <span class='ocrx_word' id='word_1_73' title='bbox 584 541 670 578; x_wconf 92' lang='lat' dir='ltr'>ideo</span> <span class='ocrx_word' id='word_1_74' title='bbox 690 542 748 578; x_wconf 89' lang='lat' dir='ltr'>lex</span> <span class='ocrx_word' id='word_1_75' title='bbox 769 541 959 578; x_wconf 89' lang='lat' dir='ltr'>ordinavit</span> <span class='ocrx_word' id='word_1_76' title='bbox 989 550 1031 579; x_wconf 90' lang='lat' dir='ltr'>ut</span> <span class='ocrx_word' id='word_1_77' title='bbox 1049 543 1177 579; x_wconf 89' lang='lat' dir='ltr'>liceret</span> <span class='ocrx_word' id='word_1_78' title='bbox 1195 542 1396 581; x_wconf 85' lang='lat' dir='ltr'>intrantem</span> 
     </span>
     <span class='ocr_line' id='line_1_19' title="bbox 339 594 1396 642; baseline 0.004 -12"><span class='ocrx_word' id='word_1_79' title='bbox 339 595 376 631; x_wconf 91' lang='lat' dir='ltr'>in</span> <span class='ocrx_word' id='word_1_80' title='bbox 404 595 558 631; x_wconf 90' lang='lat' dir='ltr'>vineam</span> <span class='ocrx_word' id='word_1_81' title='bbox 585 594 761 642; x_wconf 86' lang='lat' dir='ltr'>proximi,</span> <span class='ocrx_word' id='word_1_82' title='bbox 783 606 957 631; x_wconf 89' lang='lat' dir='ltr'>racemos</span> <span class='ocrx_word' id='word_1_83' title='bbox 985 594 1038 631; x_wconf 94' lang='lat' dir='ltr'>ibi</span> <span class='ocrx_word' id='word_1_84' title='bbox 1067 596 1288 633; x_wconf 87' lang='lat' dir='ltr'>comedere:</span> <span class='ocrx_word' id='word_1_85' title='bbox 1317 609 1396 634; x_wconf 90' lang='lat' dir='ltr'>non</span> 
     </span>
     <span class='ocr_line' id='line_1_20' title="bbox 338 646 1396 693; baseline 0.005 -11"><span class='ocrx_word' id='word_1_86' title='bbox 338 654 464 683; x_wconf 90' lang='lat' dir='ltr'>autern</span> <span class='ocrx_word' id='word_1_87' title='bbox 495 654 596 683; x_wconf 91' lang='lat' dir='ltr'>extra</span> <span class='ocrx_word' id='word_1_88' title='bbox 626 646 783 693; x_wconf 85' lang='lat' dir='ltr'>deferre,</span> <span class='ocrx_word' id='word_1_89' title='bbox 813 659 860 683; x_wconf 92' lang='lat' dir='ltr'>ne</span> <span class='ocrx_word' id='word_1_90' title='bbox 891 659 935 684; x_wconf 82' lang='lat' dir='ltr'>ex</span> <span class='ocrx_word' id='word_1_91' title='bbox 963 648 1038 684; x_wconf 90' lang='lat' dir='ltr'>hoc</span> <span class='ocrx_word' id='word_1_92' title='bbox 1067 648 1219 685; x_wconf 86' lang='lat' dir='ltr'>daretur</span> <span class='ocrx_word' id='word_1_93' title='bbox 1245 650 1396 687; x_wconf 91' lang='lat' dir='ltr'>occasio</span> 
     </span>
     <span class='ocr_line' id='line_1_21' title="bbox 337 699 1394 750; baseline 0.005 -15"><span class='ocrx_word' id='word_1_94' title='bbox 337 699 460 746; x_wconf 87' lang='lat' dir='ltr'>gravis</span> <span class='ocrx_word' id='word_1_95' title='bbox 481 699 609 736; x_wconf 90' lang='lat' dir='ltr'>damni</span> <span class='ocrx_word' id='word_1_96' title='bbox 628 699 824 746; x_wconf 87' lang='lat' dir='ltr'>inferendi,</span> <span class='ocrx_word' id='word_1_97' title='bbox 847 712 891 736; x_wconf 89' lang='lat' dir='ltr'>ex</span> <span class='ocrx_word' id='word_1_98' title='bbox 911 712 988 748; x_wconf 94' lang='lat' dir='ltr'>quo</span> <span class='ocrx_word' id='word_1_99' title='bbox 1007 713 1082 749; x_wconf 86' lang='lat' dir='ltr'>pax</span> <span class='ocrx_word' id='word_1_100' title='bbox 1100 703 1394 750; x_wconf 85' lang='lat' dir='ltr'>perturbaretur.</span> 
     </span>
     <span class='ocr_line' id='line_1_22' title="bbox 338 752 1395 802; baseline 0.005 -15"><span class='ocrx_word' id='word_1_101' title='bbox 338 752 446 798; x_wconf 88' lang='lat' dir='ltr'>Quae</span> <span class='ocrx_word' id='word_1_102' title='bbox 475 752 571 788; x_wconf 91' lang='lat' dir='ltr'>inter</span> <span class='ocrx_word' id='word_1_103' title='bbox 600 752 855 800; x_wconf 89' lang='lat' dir='ltr'>disciplinatos</span> <span class='ocrx_word' id='word_1_104' title='bbox 883 765 961 790; x_wconf 90' lang='lat' dir='ltr'>non</span> <span class='ocrx_word' id='word_1_105' title='bbox 990 755 1229 802; x_wconf 89' lang='lat' dir='ltr'>perturbatur</span> <span class='ocrx_word' id='word_1_106' title='bbox 1249 767 1293 791; x_wconf 88' lang='lat' dir='ltr'>ex</span> <span class='ocrx_word' id='word_1_107' title='bbox 1313 767 1395 792; x_wconf 91' lang='lat' dir='ltr'>mo-</span> 
     </span>
     <span class='ocr_line' id='line_1_23' title="bbox 337 804 1395 854; baseline 0.005 -14"><span class='ocrx_word' id='word_1_108' title='bbox 337 804 510 841; x_wconf 89' lang='lat' dir='ltr'>dicorum</span> <span class='ocrx_word' id='word_1_109' title='bbox 539 805 780 853; x_wconf 89' lang='lat' dir='ltr'>acceptione:</span> <span class='ocrx_word' id='word_1_110' title='bbox 809 806 878 842; x_wconf 90' lang='lat' dir='ltr'>sed</span> <span class='ocrx_word' id='word_1_111' title='bbox 906 806 1027 854; x_wconf 86' lang='lat' dir='ltr'>magis</span> <span class='ocrx_word' id='word_1_112' title='bbox 1062 807 1224 844; x_wconf 89' lang='lat' dir='ltr'>amicitia</span> <span class='ocrx_word' id='word_1_113' title='bbox 1258 809 1395 845; x_wconf 90' lang='lat' dir='ltr'>confir-</span> 
     </span>
     <span class='ocr_line' id='line_1_24' title="bbox 337 858 1395 904; baseline 0.005 -11"><span class='ocrx_word' id='word_1_114' title='bbox 337 865 471 904; x_wconf 78' lang='lat' dir='ltr'>matur,</span> <span class='ocrx_word' id='word_1_115' title='bbox 493 865 528 894; x_wconf 92' lang='lat' dir='ltr'>et</span> <span class='ocrx_word' id='word_1_116' title='bbox 552 859 761 895; x_wconf 86' lang='lat' dir='ltr'>assuefiunt</span> <span class='ocrx_word' id='word_1_117' title='bbox 788 859 965 896; x_wconf 91' lang='lat' dir='ltr'>homines</span> <span class='ocrx_word' id='word_1_118' title='bbox 985 860 1032 896; x_wconf 92' lang='lat' dir='ltr'>ad</span> <span class='ocrx_word' id='word_1_119' title='bbox 1052 858 1065 881; x_wconf 67' lang='grc' dir='ltr'>λ</span> <span class='ocrx_word' id='word_1_120' title='bbox 1095 860 1199 896; x_wconf 88' lang='lat' dir='ltr'>facile</span> <span class='ocrx_word' id='word_1_121' title='bbox 1220 873 1395 898; x_wconf 90' lang='lat' dir='ltr'>commu-</span> 
     </span>
     <span class='ocr_line' id='line_1_25' title="bbox 336 910 551 947; baseline 0 -1"><span class='ocrx_word' id='word_1_122' title='bbox 336 910 551 947; x_wconf 89' lang='lat' dir='ltr'>nicandum.</span> 
     </span>
    </p>

    <p class='ocr_par' dir='ltr' id='par_1_9' title="bbox 331 965 1395 1528">
     <span class='ocr_line' id='line_1_26' title="bbox 388 965 1395 1012; baseline 0.004 -13"><span class='ocrx_word' id='word_1_123' title='bbox 388 965 446 999; x_wconf 85' lang='lat' dir='ltr'>An</span> <span class='ocrx_word' id='word_1_124' title='bbox 485 975 674 1000; x_wconf 81' lang='lat' dir='ltr'><strong>SECUNDUM</strong></span> <span class='ocrx_word' id='word_1_125' title='bbox 706 976 890 1001; x_wconf 83' lang='lat' dir='ltr'>DICENDUM</span> <span class='ocrx_word' id='word_1_126' title='bbox 924 965 1028 1012; x_wconf 92' lang='lat' dir='ltr'>quod</span> <span class='ocrx_word' id='word_1_127' title='bbox 1065 966 1123 1002; x_wconf 89' lang='lat' dir='ltr'>lex</span> <span class='ocrx_word' id='word_1_128' title='bbox 1156 978 1234 1002; x_wconf 91' lang='lat' dir='ltr'>non</span> <span class='ocrx_word' id='word_1_129' title='bbox 1270 967 1395 1003; x_wconf 90' lang='lat' dir='ltr'>statuit</span> 
     </span>
     <span class='ocr_line' id='line_1_27' title="bbox 335 1015 1394 1066; baseline 0.004 -14"><span class='ocrx_word' id='word_1_130' title='bbox 335 1015 441 1063; x_wconf 90' lang='lat' dir='ltr'>quod</span> <span class='ocrx_word' id='word_1_131' title='bbox 469 1016 645 1053; x_wconf 87' lang='lat' dir='ltr'>mulieres</span> <span class='ocrx_word' id='word_1_132' title='bbox 673 1017 920 1054; x_wconf 89' lang='lat' dir='ltr'>succederent</span> <span class='ocrx_word' id='word_1_133' title='bbox 938 1017 976 1054; x_wconf 91' lang='lat' dir='ltr'>in</span> <span class='ocrx_word' id='word_1_134' title='bbox 996 1018 1106 1055; x_wconf 89' lang='lat' dir='ltr'>bonis</span> <span class='ocrx_word' id='word_1_135' title='bbox 1126 1019 1303 1066; x_wconf 88' lang='lat' dir='ltr'>paternis,</span> <span class='ocrx_word' id='word_1_136' title='bbox 1323 1020 1394 1056; x_wconf 91' lang='lat' dir='ltr'>nisi</span> 
     </span>
     <span class='ocr_line' id='line_1_28' title="bbox 334 1068 1392 1109; baseline 0.004 -4"><span class='ocrx_word' id='word_1_137' title='bbox 334 1068 373 1105; x_wconf 92' lang='lat' dir='ltr'>in</span> <span class='ocrx_word' id='word_1_138' title='bbox 395 1074 413 1097; x_wconf 68' lang='grc' dir='ltr'>μ</span> <span class='ocrx_word' id='word_1_139' title='bbox 442 1068 590 1106; x_wconf 87' lang='lat' dir='ltr'>defectu</span> <span class='ocrx_word' id='word_1_140' title='bbox 617 1069 785 1106; x_wconf 89' lang='lat' dir='ltr'>filiorum</span> <span class='ocrx_word' id='word_1_141' title='bbox 818 1071 1089 1108; x_wconf 91' lang='lat' dir='ltr'>masculorum.</span> <span class='ocrx_word' id='word_1_142' title='bbox 1124 1072 1237 1108; x_wconf 91' lang='lat' dir='ltr'>Tunc</span> <span class='ocrx_word' id='word_1_143' title='bbox 1265 1080 1392 1109; x_wconf 88' lang='lat' dir='ltr'>autem</span> 
     </span>
     <span class='ocr_line' id='line_1_29' title="bbox 335 1122 1393 1161; baseline 0.003 -3"><span class='ocrx_word' id='word_1_144' title='bbox 335 1122 588 1158; x_wconf 90' lang='lat' dir='ltr'>necessarium</span> <span class='ocrx_word' id='word_1_145' title='bbox 619 1130 698 1158; x_wconf 91' lang='lat' dir='ltr'>erat</span> <span class='ocrx_word' id='word_1_146' title='bbox 726 1130 766 1158; x_wconf 93' lang='lat' dir='ltr'>ut</span> <span class='ocrx_word' id='word_1_147' title='bbox 794 1123 983 1159; x_wconf 91' lang='lat' dir='ltr'>successio</span> <span class='ocrx_word' id='word_1_148' title='bbox 1004 1123 1224 1160; x_wconf 87' lang='lat' dir='ltr'>mulieribus</span> <span class='ocrx_word' id='word_1_149' title='bbox 1258 1137 1393 1161; x_wconf 91' lang='lat' dir='ltr'>conce-</span> 
     </span>
     <span class='ocr_line' id='line_1_30' title="bbox 335 1174 1394 1223; baseline 0.004 -13"><span class='ocrx_word' id='word_1_150' title='bbox 335 1175 486 1211; x_wconf 91' lang='lat' dir='ltr'>deretur</span> <span class='ocrx_word' id='word_1_151' title='bbox 513 1175 551 1211; x_wconf 91' lang='lat' dir='ltr'>in</span> <span class='ocrx_word' id='word_1_152' title='bbox 580 1174 881 1211; x_wconf 88' lang='lat' dir='ltr'>consolationem</span> <span class='ocrx_word' id='word_1_153' title='bbox 901 1175 1027 1223; x_wconf 89' lang='lat' dir='ltr'>patris,</span> <span class='ocrx_word' id='word_1_154' title='bbox 1050 1176 1109 1212; x_wconf 91' lang='lat' dir='ltr'>cui</span> <span class='ocrx_word' id='word_1_155' title='bbox 1129 1188 1243 1223; x_wconf 89' lang='lat' dir='ltr'>grave</span> <span class='ocrx_word' id='word_1_156' title='bbox 1263 1177 1394 1215; x_wconf 88' lang='lat' dir='ltr'>fuisset</span> 
     </span>
     <span class='ocr_line' id='line_1_31' title="bbox 333 1227 1389 1268; baseline 0.004 -5"><span class='ocrx_word' id='word_1_157' title='bbox 333 1227 362 1263; x_wconf 91' lang='lat' dir='ltr'>si</span> <span class='ocrx_word' id='word_1_158' title='bbox 392 1227 471 1264; x_wconf 91' lang='lat' dir='ltr'>eius</span> <span class='ocrx_word' id='word_1_159' title='bbox 499 1227 687 1264; x_wconf 89' lang='lat' dir='ltr'>hereditas</span> <span class='ocrx_word' id='word_1_160' title='bbox 716 1227 874 1264; x_wconf 89' lang='lat' dir='ltr'>omnino</span> <span class='ocrx_word' id='word_1_161' title='bbox 901 1228 950 1264; x_wconf 90' lang='lat' dir='ltr'>ad</span> <span class='ocrx_word' id='word_1_162' title='bbox 978 1236 1176 1265; x_wconf 90' lang='lat' dir='ltr'>extraneos</span> <span class='ocrx_word' id='word_1_163' title='bbox 1204 1230 1389 1268; x_wconf 88' lang='lat' dir='ltr'>transiret.</span> 
     </span>
     <span class='ocr_line' id='line_1_32' title="bbox 331 1279 1390 1331; baseline 0.004 -15"><span class='ocrx_word' id='word_1_164' title='bbox 331 1280 515 1316; x_wconf 89' lang='lat' dir='ltr'>Adhibuit</span> <span class='ocrx_word' id='word_1_165' title='bbox 542 1287 669 1317; x_wconf 89' lang='lat' dir='ltr'>tamen</span> <span class='ocrx_word' id='word_1_166' title='bbox 698 1279 795 1316; x_wconf 92' lang='lat' dir='ltr'>circa</span> <span class='ocrx_word' id='word_1_167' title='bbox 822 1280 898 1316; x_wconf 92' lang='lat' dir='ltr'>hoc</span> <span class='ocrx_word' id='word_1_168' title='bbox 916 1281 975 1317; x_wconf 92' lang='lat' dir='ltr'>lex</span> <span class='ocrx_word' id='word_1_169' title='bbox 997 1281 1182 1318; x_wconf 88' lang='lat' dir='ltr'>cautelam</span> <span class='ocrx_word' id='word_1_170' title='bbox 1209 1282 1390 1331; x_wconf 85' lang='lat' dir='ltr'>debitam,</span> 
     </span>
     <span class='ocr_line' id='line_1_33' title="bbox 332 1332 1391 1381; baseline 0.004 -12"><span class='ocrx_word' id='word_1_171' title='bbox 332 1332 567 1381; x_wconf 89' lang='lat' dir='ltr'>praecipiens</span> <span class='ocrx_word' id='word_1_172' title='bbox 599 1340 641 1369; x_wconf 92' lang='lat' dir='ltr'>ut</span> <span class='ocrx_word' id='word_1_173' title='bbox 668 1332 846 1369; x_wconf 91' lang='lat' dir='ltr'>mulieres</span> <span class='ocrx_word' id='word_1_174' title='bbox 879 1333 1127 1370; x_wconf 89' lang='lat' dir='ltr'>succedentes</span> <span class='ocrx_word' id='word_1_175' title='bbox 1155 1334 1193 1371; x_wconf 93' lang='lat' dir='ltr'>in</span> <span class='ocrx_word' id='word_1_176' title='bbox 1222 1335 1391 1373; x_wconf 89' lang='lat' dir='ltr'>haeredi-</span> 
     </span>
     <span class='ocr_line' id='line_1_34' title="bbox 332 1386 1390 1436; baseline 0.005 -15"><span class='ocrx_word' id='word_1_177' title='bbox 332 1393 405 1422; x_wconf 88' lang='lat' dir='ltr'>tate</span> <span class='ocrx_word' id='word_1_178' title='bbox 434 1393 603 1434; x_wconf 90' lang='lat' dir='ltr'>paterna,</span> <span class='ocrx_word' id='word_1_179' title='bbox 633 1386 820 1422; x_wconf 90' lang='lat' dir='ltr'>nuberent</span> <span class='ocrx_word' id='word_1_180' title='bbox 839 1398 931 1422; x_wconf 90' lang='lat' dir='ltr'>suae</span> <span class='ocrx_word' id='word_1_181' title='bbox 951 1386 1068 1423; x_wconf 92' lang='lat' dir='ltr'>tribus</span> <span class='ocrx_word' id='word_1_182' title='bbox 1088 1387 1321 1436; x_wconf 90' lang='lat' dir='ltr'>hominibus,</span> <span class='ocrx_word' id='word_1_183' title='bbox 1343 1390 1390 1427; x_wconf 91' lang='lat' dir='ltr'>ad</span> 
     </span>
     <span class='ocr_line' id='line_1_35' title="bbox 332 1438 1393 1490; baseline 0.005 -15"><span class='ocrx_word' id='word_1_184' title='bbox 332 1439 406 1475; x_wconf 91' lang='lat' dir='ltr'>hoc</span> <span class='ocrx_word' id='word_1_185' title='bbox 435 1439 539 1487; x_wconf 90' lang='lat' dir='ltr'>quod</span> <span class='ocrx_word' id='word_1_186' title='bbox 568 1446 688 1475; x_wconf 90' lang='lat' dir='ltr'>sortes</span> <span class='ocrx_word' id='word_1_187' title='bbox 712 1438 880 1475; x_wconf 90' lang='lat' dir='ltr'>tribuum</span> <span class='ocrx_word' id='word_1_188' title='bbox 900 1451 979 1476; x_wconf 88' lang='lat' dir='ltr'>non</span> <span class='ocrx_word' id='word_1_189' title='bbox 999 1440 1331 1490; x_wconf 84' lang='lat' dir='ltr'>confunderentur,</span> <span class='ocrx_word' id='word_1_190' title='bbox 1351 1451 1393 1480; x_wconf 89' lang='lat' dir='ltr'>ut</span> 
     </span>
     <span class='ocr_line' id='line_1_36' title="bbox 331 1491 722 1528; baseline -0.003 0"><span class='ocrx_word' id='word_1_191' title='bbox 331 1492 491 1528; x_wconf 88' lang='lat' dir='ltr'>habetur</span> <span class='ocrx_word' id='word_1_192' title='bbox 517 1491 637 1528; x_wconf 87' lang='lat' dir='ltr'>Num.</span> <span class='ocrx_word' id='word_1_193' title='bbox 657 1492 722 1528; x_wconf 91' lang='lat' dir='ltr'>ult.</span> 
     </span>
    </p>

    <p class='ocr_par' dir='ltr' id='par_1_10' title="bbox 328 1544 1391 2482">
     <span class='ocr_line' id='line_1_37' title="bbox 383 1544 1391 1595; baseline 0.004 -15"><span class='ocrx_word' id='word_1_194' title='bbox 383 1546 443 1581; x_wconf 82' lang='lat' dir='ltr'>Ar&gt;</span> <span class='ocrx_word' id='word_1_195' title='bbox 471 1556 631 1581; x_wconf 82' lang='lat' dir='ltr'>TERTIUM</span> <span class='ocrx_word' id='word_1_196' title='bbox 658 1556 843 1581; x_wconf 78' lang='lat' dir='ltr'><strong>DICENDUM</strong></span> <span class='ocrx_word' id='word_1_197' title='bbox 867 1546 988 1592; x_wconf 93' lang='lat' dir='ltr'>quod,</span> <span class='ocrx_word' id='word_1_198' title='bbox 1017 1544 1112 1582; x_wconf 91' lang='lat' dir='ltr'>sicut</span> <span class='ocrx_word' id='word_1_199' title='bbox 1135 1546 1391 1595; x_wconf 89' lang='lat' dir='ltr'>Philosophus</span> 
     </span>
     <span class='ocr_line' id='line_1_38' title="bbox 332 1597 1390 1646; baseline 0.003 -12"><span class='ocrx_word' id='word_1_200' title='bbox 332 1597 431 1644; x_wconf 87' lang='lat' dir='ltr'>dicit,</span> <span class='ocrx_word' id='word_1_201' title='bbox 459 1597 506 1634; x_wconf 55' lang='lat' dir='ltr'>in.</span> <span class='ocrx_word' id='word_1_202' title='bbox 527 1599 559 1633; x_wconf 93' lang='lat' dir='ltr'>II</span> <span class='ocrx_word' id='word_1_203' title='bbox 578 1597 686 1634; x_wconf 92' lang='lat' dir='ltr'>Polit.</span> <span class='ocrx_word' id='word_1_204' title='bbox 706 1597 738 1644; x_wconf 63' lang='lat'>³⁸,</span> <span class='ocrx_word' id='word_1_205' title='bbox 770 1597 951 1644; x_wconf 88' lang='lat' dir='ltr'>regulatio</span> <span class='ocrx_word' id='word_1_206' title='bbox 980 1598 1267 1646; x_wconf 88' lang='lat' dir='ltr'>possessionum</span> <span class='ocrx_word' id='word_1_207' title='bbox 1294 1601 1390 1637; x_wconf 90' lang='lat' dir='ltr'>mul-</span> 
     </span>
     <span class='ocr_line' id='line_1_39' title="bbox 331 1649 1388 1700; baseline 0.003 -13"><span class='ocrx_word' id='word_1_208' title='bbox 331 1658 410 1687; x_wconf 90' lang='lat' dir='ltr'>tum</span> <span class='ocrx_word' id='word_1_209' title='bbox 427 1650 571 1687; x_wconf 89' lang='lat' dir='ltr'>confert</span> <span class='ocrx_word' id='word_1_210' title='bbox 585 1650 634 1687; x_wconf 89' lang='lat' dir='ltr'>ad</span> <span class='ocrx_word' id='word_1_211' title='bbox 651 1649 981 1687; x_wconf 84' lang='lat' dir='ltr'>conservationem</span> <span class='ocrx_word' id='word_1_212' title='bbox 1003 1650 1160 1688; x_wconf 91' lang='lat' dir='ltr'>civitatis</span> <span class='ocrx_word' id='word_1_213' title='bbox 1174 1653 1236 1688; x_wconf 90' lang='lat' dir='ltr'>vel</span> <span class='ocrx_word' id='word_1_214' title='bbox 1258 1653 1388 1700; x_wconf 87' lang='lat' dir='ltr'>gentis.</span> 
     </span>
     <span class='ocr_line' id='line_1_40' title="bbox 330 1703 1390 1752; baseline 0.003 -12"><span class='ocrx_word' id='word_1_215' title='bbox 330 1704 460 1750; x_wconf 90' lang='lat' dir='ltr'>Unde,</span> <span class='ocrx_word' id='word_1_216' title='bbox 490 1704 585 1740; x_wconf 90' lang='lat' dir='ltr'>sicut</span> <span class='ocrx_word' id='word_1_217' title='bbox 611 1703 691 1751; x_wconf 90' lang='lat' dir='ltr'>ipse</span> <span class='ocrx_word' id='word_1_218' title='bbox 721 1703 827 1749; x_wconf 92' lang='lat' dir='ltr'>dicit,</span> <span class='ocrx_word' id='word_1_219' title='bbox 857 1703 959 1751; x_wconf 89' lang='lat' dir='ltr'>apud</span> <span class='ocrx_word' id='word_1_220' title='bbox 988 1704 1185 1751; x_wconf 77' lang='lat' dir='ltr'>quasdam¹</span> <span class='ocrx_word' id='word_1_221' title='bbox 1199 1705 1390 1752; x_wconf 89' lang='lat' dir='ltr'>gentilium</span> 
     </span>
     <span class='ocr_line' id='line_1_41' title="bbox 330 1756 1390 1804; baseline 0.004 -11"><span class='ocrx_word' id='word_1_222' title='bbox 330 1757 496 1793; x_wconf 88' lang='lat' dir='ltr'>civitates</span> <span class='ocrx_word' id='word_1_223' title='bbox 516 1763 696 1793; x_wconf 90' lang='lat' dir='ltr'>statutum</span> <span class='ocrx_word' id='word_1_224' title='bbox 717 1756 785 1792; x_wconf 86' lang='lat' dir='ltr'>fuit</span> <span class='ocrx_word' id='word_1_225' title='bbox 813 1761 854 1792; x_wconf 87' lang='lat' dir='ltr'>ut</span> <span class='ocrx_word' id='word_1_226' title='bbox 876 1756 999 1792; x_wconf 86' lang='lat' dir='ltr'>nullus</span> <span class='ocrx_word' id='word_1_227' title='bbox 1011 1758 1284 1804; x_wconf 84' lang='lat' dir='ltr'>possessionem</span> <span class='ocrx_word' id='word_1_228' title='bbox 1302 1770 1390 1797; x_wconf 77' lang='lat' dir='ltr'>ven-</span> 
     </span>
     <span class='ocr_line' id='line_1_42' title="bbox 328 1809 1389 1858; baseline 0.003 -12"><span class='ocrx_word' id='word_1_229' title='bbox 328 1810 416 1846; x_wconf 84' lang='lat' dir='ltr'>dere</span> <span class='ocrx_word' id='word_1_230' title='bbox 428 1815 564 1858; x_wconf 87' lang='lat' dir='ltr'>posset,</span> <span class='ocrx_word' id='word_1_231' title='bbox 580 1809 652 1846; x_wconf 84' lang='lat' dir='ltr'>nisi</span> <span class='ocrx_word' id='word_1_232' title='bbox 664 1821 737 1857; x_wconf 84' lang='lat' dir='ltr'>pro</span> <span class='ocrx_word' id='word_1_233' title='bbox 757 1809 953 1857; x_wconf 70' lang='lat' dir='ltr'>manifesto</span> <span class='ocrx_word' id='word_1_234' title='bbox 973 1810 1204 1848; x_wconf 85' lang='lat' dir='ltr'>detrimento.</span> <span class='ocrx_word' id='word_1_235' title='bbox 1227 1811 1267 1848; x_wconf 90' lang='lat' dir='ltr'>Si</span> <span class='ocrx_word' id='word_1_236' title='bbox 1288 1812 1389 1849; x_wconf 83' lang='lat' dir='ltr'>enim</span> 
     </span>
     <span class='ocr_line' id='line_1_43' title="bbox 328 1861 1389 1920; baseline 0.004 -22"><span class='ocrx_word' id='word_1_237' title='bbox 328 1862 471 1911; x_wconf 89' lang='lat' dir='ltr'>passim</span> <span class='ocrx_word' id='word_1_238' title='bbox 495 1862 757 1911; x_wconf 88' lang='lat' dir='ltr'>possessiones</span> <span class='ocrx_word' id='word_1_239' title='bbox 776 1861 1003 1920; x_wconf 89' lang='lat' dir='ltr'>vendantur,</span> <span class='ocrx_word' id='word_1_240' title='bbox 1023 1870 1148 1910; x_wconf 90' lang='lat' dir='ltr'>potest</span> <span class='ocrx_word' id='word_1_241' title='bbox 1172 1864 1389 1912; x_wconf 89' lang='lat' dir='ltr'>contingere</span> 
     </span>
     <span class='ocr_line' id='line_1_44' title="bbox 330 1915 1388 1975; baseline 0.003 -23"><span class='ocrx_word' id='word_1_242' title='bbox 330 1916 434 1975; x_wconf 79' lang='lat' dir='ltr'>quod</span> <span class='ocrx_word' id='word_1_243' title='bbox 462 1927 598 1952; x_wconf 91' lang='lat' dir='ltr'>omnes</span> <span class='ocrx_word' id='word_1_244' title='bbox 626 1915 888 1974; x_wconf 79' lang='lat' dir='ltr'>possessiones</span> <span class='ocrx_word' id='word_1_245' title='bbox 917 1915 965 1952; x_wconf 91' lang='lat' dir='ltr'>ad</span> <span class='ocrx_word' id='word_1_246' title='bbox 989 1927 1134 1963; x_wconf 89' lang='lat' dir='ltr'>paucos</span> <span class='ocrx_word' id='word_1_247' title='bbox 1164 1917 1388 1956; x_wconf 87' lang='lat' dir='ltr'>deveniant:</span> 
     </span>
     <span class='ocr_line' id='line_1_45' title="bbox 330 1967 1390 2016; baseline 0.003 -11"><span class='ocrx_word' id='word_1_248' title='bbox 330 1976 366 2005; x_wconf 93' lang='lat' dir='ltr'>et</span> <span class='ocrx_word' id='word_1_249' title='bbox 393 1968 443 2005; x_wconf 88' lang='lat' dir='ltr'>ita</span> <span class='ocrx_word' id='word_1_250' title='bbox 470 1980 624 2005; x_wconf 89' lang='lat' dir='ltr'>necesse</span> <span class='ocrx_word' id='word_1_251' title='bbox 655 1968 721 2004; x_wconf 91' lang='lat' dir='ltr'>erit</span> <span class='ocrx_word' id='word_1_252' title='bbox 749 1967 938 2004; x_wconf 88' lang='lat' dir='ltr'>civitatem</span> <span class='ocrx_word' id='word_1_253' title='bbox 966 1969 1028 2004; x_wconf 92' lang='lat' dir='ltr'>vel</span> <span class='ocrx_word' id='word_1_254' title='bbox 1061 1968 1256 2016; x_wconf 88' lang='lat' dir='ltr'>regionem</span> <span class='ocrx_word' id='word_1_255' title='bbox 1283 1971 1390 2008; x_wconf 90' lang='lat' dir='ltr'>habi-</span> 
     </span>
     <span class='ocr_line' id='line_1_46' title="bbox 328 2020 1388 2069; baseline 0.003 -11"><span class='ocrx_word' id='word_1_256' title='bbox 328 2021 510 2058; x_wconf 90' lang='lat' dir='ltr'>tatoribus</span> <span class='ocrx_word' id='word_1_257' title='bbox 539 2021 728 2058; x_wconf 88' lang='lat' dir='ltr'>evacuari.</span> <span class='ocrx_word' id='word_1_258' title='bbox 758 2021 807 2057; x_wconf 91' lang='lat' dir='ltr'>Et</span> <span class='ocrx_word' id='word_1_259' title='bbox 834 2020 921 2057; x_wconf 91' lang='lat' dir='ltr'>ideo</span> <span class='ocrx_word' id='word_1_260' title='bbox 950 2021 1009 2057; x_wconf 89' lang='lat' dir='ltr'>lex</span> <span class='ocrx_word' id='word_1_261' title='bbox 1031 2029 1154 2069; x_wconf 87' lang='lat' dir='ltr'>vetus,</span> <span class='ocrx_word' id='word_1_262' title='bbox 1184 2023 1232 2060; x_wconf 89' lang='lat' dir='ltr'>ad</span> <span class='ocrx_word' id='word_1_263' title='bbox 1260 2024 1388 2061; x_wconf 87' lang='lat' dir='ltr'>huius-</span> 
     </span>
     <span class='ocr_line' id='line_1_47' title="bbox 329 2073 1389 2125; baseline 0.005 -15"><span class='ocrx_word' id='word_1_264' title='bbox 329 2075 435 2111; x_wconf 89' lang='lat' dir='ltr'>modi</span> <span class='ocrx_word' id='word_1_265' title='bbox 455 2074 665 2123; x_wconf 91' lang='lat' dir='ltr'>periculum</span> <span class='ocrx_word' id='word_1_266' title='bbox 686 2074 949 2110; x_wconf 90' lang='lat' dir='ltr'>amovendum</span> <span class='ocrx_word' id='word_1_267' title='bbox 965 2080 988 2120; x_wconf 63' lang='lat'>⁹,</span> <span class='ocrx_word' id='word_1_268' title='bbox 1010 2073 1062 2111; x_wconf 90' lang='lat' dir='ltr'>sic</span> <span class='ocrx_word' id='word_1_269' title='bbox 1082 2075 1270 2113; x_wconf 88' lang='lat' dir='ltr'>ordinavit</span> <span class='ocrx_word' id='word_1_270' title='bbox 1284 2078 1389 2125; x_wconf 86' lang='lat' dir='ltr'>quod</span> 
     </span>
     <span class='ocr_line' id='line_1_48' title="bbox 331 2126 1388 2174; baseline 0.003 -10"><span class='ocrx_word' id='word_1_271' title='bbox 331 2135 366 2164; x_wconf 95' lang='lat' dir='ltr'>et</span> <span class='ocrx_word' id='word_1_272' title='bbox 394 2128 677 2164; x_wconf 89' lang='lat' dir='ltr'>necessitatibus</span> <span class='ocrx_word' id='word_1_273' title='bbox 705 2126 908 2163; x_wconf 90' lang='lat' dir='ltr'>hominum</span> <span class='ocrx_word' id='word_1_274' title='bbox 942 2127 1222 2174; x_wconf 86' lang='lat' dir='ltr'>subveniretur,</span> <span class='ocrx_word' id='word_1_275' title='bbox 1253 2142 1388 2167; x_wconf 90' lang='lat' dir='ltr'>conce-</span> 
     </span>
     <span class='ocr_line' id='line_1_49' title="bbox 330 2179 1387 2229; baseline 0.005 -13"><span class='ocrx_word' id='word_1_276' title='bbox 330 2181 422 2217; x_wconf 90' lang='lat' dir='ltr'>dens</span> <span class='ocrx_word' id='word_1_277' title='bbox 441 2180 729 2228; x_wconf 87' lang='lat' dir='ltr'>possessionum</span> <span class='ocrx_word' id='word_1_278' title='bbox 748 2179 1009 2216; x_wconf 91' lang='lat' dir='ltr'>venditionem</span> <span class='ocrx_word' id='word_1_279' title='bbox 1034 2193 1155 2229; x_wconf 91' lang='lat' dir='ltr'>usque</span> <span class='ocrx_word' id='word_1_280' title='bbox 1175 2182 1224 2219; x_wconf 90' lang='lat' dir='ltr'>ad</span> <span class='ocrx_word' id='word_1_281' title='bbox 1243 2192 1387 2221; x_wconf 88' lang='lat' dir='ltr'>certum</span> 
     </span>
     <span class='ocr_line' id='line_1_50' title="bbox 329 2232 1390 2285; baseline 0.004 -15"><span class='ocrx_word' id='word_1_282' title='bbox 329 2242 495 2282; x_wconf 91' lang='lat' dir='ltr'>tempus;</span> <span class='ocrx_word' id='word_1_283' title='bbox 525 2241 562 2270; x_wconf 90' lang='lat' dir='ltr'>et</span> <span class='ocrx_word' id='word_1_284' title='bbox 580 2241 708 2270; x_wconf 91' lang='lat' dir='ltr'>tamen</span> <span class='ocrx_word' id='word_1_285' title='bbox 727 2232 938 2281; x_wconf 91' lang='lat' dir='ltr'>periculum</span> <span class='ocrx_word' id='word_1_286' title='bbox 958 2234 1134 2281; x_wconf 90' lang='lat' dir='ltr'>removit,</span> <span class='ocrx_word' id='word_1_287' title='bbox 1153 2235 1390 2285; x_wconf 88' lang='lat' dir='ltr'>praecipiens</span> 
     </span>
     <span class='ocr_line' id='line_1_51' title="bbox 329 2285 1387 2334; baseline 0.005 -12"><span class='ocrx_word' id='word_1_288' title='bbox 329 2294 368 2323; x_wconf 92' lang='lat' dir='ltr'>ut</span> <span class='ocrx_word' id='word_1_289' title='bbox 389 2294 489 2323; x_wconf 91' lang='lat' dir='ltr'>certo</span> <span class='ocrx_word' id='word_1_290' title='bbox 509 2294 683 2334; x_wconf 90' lang='lat' dir='ltr'>tempore</span> <span class='ocrx_word' id='word_1_291' title='bbox 703 2285 894 2334; x_wconf 89' lang='lat' dir='ltr'>possessio</span> <span class='ocrx_word' id='word_1_292' title='bbox 913 2285 1068 2323; x_wconf 88' lang='lat' dir='ltr'>vendita</span> <span class='ocrx_word' id='word_1_293' title='bbox 1087 2287 1136 2324; x_wconf 92' lang='lat' dir='ltr'>ad</span> <span class='ocrx_word' id='word_1_294' title='bbox 1155 2287 1387 2327; x_wconf 90' lang='lat' dir='ltr'>vendentem</span> 
     </span>
     <span class='ocr_line' id='line_1_52' title="bbox 330 2338 1389 2380; baseline 0.005 -5"><span class='ocrx_word' id='word_1_295' title='bbox 330 2339 478 2376; x_wconf 90' lang='lat' dir='ltr'>rediret.</span> <span class='ocrx_word' id='word_1_296' title='bbox 508 2340 557 2375; x_wconf 90' lang='lat' dir='ltr'>Et</span> <span class='ocrx_word' id='word_1_297' title='bbox 583 2340 658 2375; x_wconf 91' lang='lat' dir='ltr'>hoc</span> <span class='ocrx_word' id='word_1_298' title='bbox 686 2338 839 2375; x_wconf 89' lang='lat' dir='ltr'>instituit</span> <span class='ocrx_word' id='word_1_299' title='bbox 866 2346 908 2376; x_wconf 91' lang='lat' dir='ltr'>ut</span> <span class='ocrx_word' id='word_1_300' title='bbox 935 2346 1055 2376; x_wconf 89' lang='lat' dir='ltr'>sortes</span> <span class='ocrx_word' id='word_1_301' title='bbox 1074 2352 1153 2377; x_wconf 91' lang='lat' dir='ltr'>non</span> <span class='ocrx_word' id='word_1_302' title='bbox 1182 2342 1389 2380; x_wconf 85' lang='lat' dir='ltr'>confunde-</span> 
     </span>
     <span class='ocr_line' id='line_1_53' title="bbox 329 2392 1388 2440; baseline 0.005 -12"><span class='ocrx_word' id='word_1_303' title='bbox 329 2400 477 2438; x_wconf 84' lang='lat' dir='ltr'>rentur,</span> <span class='ocrx_word' id='word_1_304' title='bbox 506 2392 573 2428; x_wconf 91' lang='lat' dir='ltr'>sed</span> <span class='ocrx_word' id='word_1_305' title='bbox 602 2404 753 2440; x_wconf 91' lang='lat' dir='ltr'>semper</span> <span class='ocrx_word' id='word_1_306' title='bbox 786 2399 1000 2428; x_wconf 89' lang='lat' dir='ltr'>remaneret</span> <span class='ocrx_word' id='word_1_307' title='bbox 1032 2393 1168 2430; x_wconf 88' lang='lat' dir='ltr'>eadem</span> <span class='ocrx_word' id='word_1_308' title='bbox 1202 2393 1388 2432; x_wconf 90' lang='lat' dir='ltr'>distinctio</span> 
     </span>
     <span class='ocr_line' id='line_1_54' title="bbox 329 2445 856 2482; baseline 0 0"><span class='ocrx_word' id='word_1_309' title='bbox 329 2445 576 2482; x_wconf 91' lang='lat' dir='ltr'>determinata</span> <span class='ocrx_word' id='word_1_310' title='bbox 602 2445 641 2481; x_wconf 93' lang='lat' dir='ltr'>in</span> <span class='ocrx_word' id='word_1_311' title='bbox 673 2445 856 2482; x_wconf 89' lang='lat' dir='ltr'>tribubus.</span> 
     </span>
    </p>

    <p class='ocr_par' dir='ltr' id='par_1_11' title="bbox 328 2498 1390 3129">
     <span class='ocr_line' id='line_1_55' title="bbox 383 2498 1390 2544; baseline 0.004 -10"><span class='ocrx_word' id='word_1_312' title='bbox 383 2498 482 2544; x_wconf 90' lang='lat' dir='ltr'>Quia</span> <span class='ocrx_word' id='word_1_313' title='bbox 500 2510 595 2535; x_wconf 92' lang='lat' dir='ltr'>vero</span> <span class='ocrx_word' id='word_1_314' title='bbox 625 2498 764 2535; x_wconf 91' lang='lat' dir='ltr'>domus</span> <span class='ocrx_word' id='word_1_315' title='bbox 782 2499 950 2534; x_wconf 90' lang='lat' dir='ltr'>urbanae</span> <span class='ocrx_word' id='word_1_316' title='bbox 970 2510 1048 2535; x_wconf 92' lang='lat' dir='ltr'>non</span> <span class='ocrx_word' id='word_1_317' title='bbox 1069 2507 1174 2536; x_wconf 92' lang='lat' dir='ltr'>erant</span> <span class='ocrx_word' id='word_1_318' title='bbox 1193 2508 1294 2537; x_wconf 91' lang='lat' dir='ltr'>sorte</span> <span class='ocrx_word' id='word_1_319' title='bbox 1315 2500 1390 2538; x_wconf 91' lang='lat' dir='ltr'>dis-</span> 
     </span>
     <span class='ocr_line' id='line_1_56' title="bbox 330 2550 1388 2600; baseline 0.003 -12"><span class='ocrx_word' id='word_1_320' title='bbox 330 2552 477 2598; x_wconf 88' lang='lat' dir='ltr'>tinctae,</span> <span class='ocrx_word' id='word_1_321' title='bbox 507 2551 594 2587; x_wconf 93' lang='lat' dir='ltr'>ideo</span> <span class='ocrx_word' id='word_1_322' title='bbox 624 2550 810 2587; x_wconf 89' lang='lat' dir='ltr'>concessit</span> <span class='ocrx_word' id='word_1_323' title='bbox 838 2551 942 2599; x_wconf 92' lang='lat' dir='ltr'>quod</span> <span class='ocrx_word' id='word_1_324' title='bbox 967 2551 1004 2588; x_wconf 92' lang='lat' dir='ltr'>in</span> <span class='ocrx_word' id='word_1_325' title='bbox 1023 2560 1252 2600; x_wconf 90' lang='lat' dir='ltr'>perpetuum</span> <span class='ocrx_word' id='word_1_326' title='bbox 1272 2554 1388 2591; x_wconf 89' lang='lat' dir='ltr'>vendi</span> 
     </span>
     <span class='ocr_line' id='line_1_57' title="bbox 328 2603 1389 2652; baseline 0.004 -12"><span class='ocrx_word' id='word_1_327' title='bbox 328 2612 499 2652; x_wconf 88' lang='lat' dir='ltr'>possent,</span> <span class='ocrx_word' id='word_1_328' title='bbox 529 2604 624 2640; x_wconf 90' lang='lat' dir='ltr'>sicut</span> <span class='ocrx_word' id='word_1_329' title='bbox 653 2611 692 2640; x_wconf 80' lang='lat' dir='ltr'>‘et</span> <span class='ocrx_word' id='word_1_330' title='bbox 723 2603 879 2640; x_wconf 88' lang='lat' dir='ltr'>mobilia</span> <span class='ocrx_word' id='word_1_331' title='bbox 908 2604 1021 2641; x_wconf 89' lang='lat' dir='ltr'>bona.</span> <span class='ocrx_word' id='word_1_332' title='bbox 1056 2605 1147 2642; x_wconf 93' lang='lat' dir='ltr'>Non</span> <span class='ocrx_word' id='word_1_333' title='bbox 1177 2606 1279 2643; x_wconf 91' lang='lat' dir='ltr'>enirn</span> <span class='ocrx_word' id='word_1_334' title='bbox 1309 2614 1389 2644; x_wconf 88' lang='lat' dir='ltr'>erat</span> 
     </span>
     <span class='ocr_line' id='line_1_58' title="bbox 329 2657 1390 2706; baseline 0.003 -12"><span class='ocrx_word' id='word_1_335' title='bbox 329 2664 486 2694; x_wconf 89' lang='lat' dir='ltr'>statutus</span> <span class='ocrx_word' id='word_1_336' title='bbox 523 2669 705 2693; x_wconf 89' lang='lat' dir='ltr'>numerus</span> <span class='ocrx_word' id='word_1_337' title='bbox 739 2657 944 2693; x_wconf 90' lang='lat' dir='ltr'>domorum</span> <span class='ocrx_word' id='word_1_338' title='bbox 980 2657 1158 2706; x_wconf 90' lang='lat' dir='ltr'>civitatis,</span> <span class='ocrx_word' id='word_1_339' title='bbox 1187 2659 1283 2696; x_wconf 89' lang='lat' dir='ltr'>sicut</span> <span class='ocrx_word' id='word_1_340' title='bbox 1311 2668 1390 2697; x_wconf 87' lang='lat' dir='ltr'>erat</span> 
     </span>
     <span class='ocr_line' id='line_1_59' title="bbox 330 2709 1389 2758; baseline 0.004 -12"><span class='ocrx_word' id='word_1_341' title='bbox 330 2717 429 2746; x_wconf 91' lang='lat' dir='ltr'>certa</span> <span class='ocrx_word' id='word_1_342' title='bbox 458 2722 636 2746; x_wconf 90' lang='lat' dir='ltr'>mensura</span> <span class='ocrx_word' id='word_1_343' title='bbox 664 2709 927 2758; x_wconf 87' lang='lat' dir='ltr'>possessionis,</span> <span class='ocrx_word' id='word_1_344' title='bbox 957 2710 1006 2747; x_wconf 94' lang='lat' dir='ltr'>ad</span> <span class='ocrx_word' id='word_1_345' title='bbox 1034 2723 1151 2758; x_wconf 91' lang='lat' dir='ltr'>quam</span> <span class='ocrx_word' id='word_1_346' title='bbox 1176 2724 1255 2749; x_wconf 92' lang='lat' dir='ltr'>non</span> <span class='ocrx_word' id='word_1_347' title='bbox 1275 2713 1389 2750; x_wconf 91' lang='lat' dir='ltr'>adde-</span> 
     </span>
     <span class='ocr_line' id='line_1_60' title="bbox 329 2762 1387 2811; baseline 0.004 -12"><span class='ocrx_word' id='word_1_348' title='bbox 329 2764 453 2799; x_wconf 89' lang='lat' dir='ltr'>batur:</span> <span class='ocrx_word' id='word_1_349' title='bbox 486 2770 633 2811; x_wconf 89' lang='lat' dir='ltr'>poterat</span> <span class='ocrx_word' id='word_1_350' title='bbox 660 2770 786 2799; x_wconf 90' lang='lat' dir='ltr'>autem</span> <span class='ocrx_word' id='word_1_351' title='bbox 817 2762 956 2810; x_wconf 90' lang='lat' dir='ltr'>aliquid</span> <span class='ocrx_word' id='word_1_352' title='bbox 986 2763 1073 2800; x_wconf 90' lang='lat' dir='ltr'>addi</span> <span class='ocrx_word' id='word_1_353' title='bbox 1106 2765 1154 2802; x_wconf 92' lang='lat' dir='ltr'>ad</span> <span class='ocrx_word' id='word_1_354' title='bbox 1182 2777 1387 2803; x_wconf 89' lang='lat' dir='ltr'>numerum</span> 
     </span>
     <span class='ocr_line' id='line_1_61' title="bbox 330 2815 1389 2865; baseline 0.004 -13"><span class='ocrx_word' id='word_1_355' title='bbox 330 2817 535 2852; x_wconf 90' lang='lat' dir='ltr'>domorum</span> <span class='ocrx_word' id='word_1_356' title='bbox 566 2815 735 2852; x_wconf 86' lang='lat' dir='ltr'>civitatis.</span> <span class='ocrx_word' id='word_1_357' title='bbox 765 2817 917 2852; x_wconf 88' lang='lat' dir='ltr'>Domus</span> <span class='ocrx_word' id='word_1_358' title='bbox 936 2828 1030 2853; x_wconf 93' lang='lat' dir='ltr'>vero</span> <span class='ocrx_word' id='word_1_359' title='bbox 1051 2829 1149 2865; x_wconf 90' lang='lat' dir='ltr'>quae</span> <span class='ocrx_word' id='word_1_360' title='bbox 1178 2830 1256 2855; x_wconf 91' lang='lat' dir='ltr'>non</span> <span class='ocrx_word' id='word_1_361' title='bbox 1284 2826 1389 2856; x_wconf 90' lang='lat' dir='ltr'>erant</span> 
     </span>
     <span class='ocr_line' id='line_1_62' title="bbox 329 2868 1388 2918; baseline 0.003 -13"><span class='ocrx_word' id='word_1_362' title='bbox 329 2868 367 2905; x_wconf 90' lang='lat' dir='ltr'>in</span> <span class='ocrx_word' id='word_1_363' title='bbox 395 2869 508 2915; x_wconf 91' lang='lat' dir='ltr'>urbe,</span> <span class='ocrx_word' id='word_1_364' title='bbox 538 2869 605 2905; x_wconf 90' lang='lat' dir='ltr'>sed</span> <span class='ocrx_word' id='word_1_365' title='bbox 633 2868 671 2904; x_wconf 92' lang='lat' dir='ltr'>in</span> <span class='ocrx_word' id='word_1_366' title='bbox 699 2868 787 2904; x_wconf 91' lang='lat' dir='ltr'>villa</span> <span class='ocrx_word' id='word_1_367' title='bbox 824 2880 955 2905; x_wconf 90' lang='lat' dir='ltr'>muros</span> <span class='ocrx_word' id='word_1_368' title='bbox 989 2881 1067 2906; x_wconf 90' lang='lat' dir='ltr'>non</span> <span class='ocrx_word' id='word_1_369' title='bbox 1101 2871 1266 2907; x_wconf 86' lang='lat' dir='ltr'>habente</span> <span class='ocrx_word' id='word_1_370' title='bbox 1293 2869 1320 2918; x_wconf 65' lang='grc' dir='ltr'>Ε,</span> <span class='ocrx_word' id='word_1_371' title='bbox 1349 2871 1388 2908; x_wconf 88' lang='grc'>111</span> 
     </span>
     <span class='ocr_line' id='line_1_63' title="bbox 329 2921 1388 2970; baseline 0.005 -13"><span class='ocrx_word' id='word_1_372' title='bbox 329 2929 555 2969; x_wconf 91' lang='lat' dir='ltr'>perpetuum</span> <span class='ocrx_word' id='word_1_373' title='bbox 582 2921 699 2958; x_wconf 90' lang='lat' dir='ltr'>vendi</span> <span class='ocrx_word' id='word_1_374' title='bbox 726 2933 805 2958; x_wconf 91' lang='lat' dir='ltr'>non</span> <span class='ocrx_word' id='word_1_375' title='bbox 834 2929 1028 2970; x_wconf 88' lang='lat' dir='ltr'>poterant:</span> <span class='ocrx_word' id='word_1_376' title='bbox 1058 2923 1146 2970; x_wconf 92' lang='lat' dir='ltr'>quia</span> <span class='ocrx_word' id='word_1_377' title='bbox 1169 2924 1388 2962; x_wconf 85' lang='lat' dir='ltr'>huiusmodi</span> 
     </span>
     <span class='ocr_line' id='line_1_64' title="bbox 330 2974 1388 3015; baseline 0.005 -5"><span class='ocrx_word' id='word_1_378' title='bbox 330 2974 467 3011; x_wconf 91' lang='lat' dir='ltr'>domus</span> <span class='ocrx_word' id='word_1_379' title='bbox 496 2987 574 3011; x_wconf 89' lang='lat' dir='ltr'>non</span> <span class='ocrx_word' id='word_1_380' title='bbox 603 2982 872 3011; x_wconf 90' lang='lat' dir='ltr'>construuntur</span> <span class='ocrx_word' id='word_1_381' title='bbox 890 2980 903 2996; x_wconf 88' lang='lat'><strong>⁰</strong></span> <span class='ocrx_word' id='word_1_382' title='bbox 932 2974 1001 3011; x_wconf 92' lang='lat' dir='ltr'>nisi</span> <span class='ocrx_word' id='word_1_383' title='bbox 1029 2975 1076 3012; x_wconf 93' lang='lat' dir='ltr'>ad</span> <span class='ocrx_word' id='word_1_384' title='bbox 1106 2977 1250 3014; x_wconf 90' lang='lat' dir='ltr'>cultum</span> <span class='ocrx_word' id='word_1_385' title='bbox 1285 2984 1321 3014; x_wconf 92' lang='lat' dir='ltr'>et</span> <span class='ocrx_word' id='word_1_386' title='bbox 1339 2977 1388 3015; x_wconf 88' lang='lat' dir='ltr'>ad</span> 
     </span>
     <span class='ocr_line' id='line_1_65' title="bbox 331 3027 1387 3078; baseline 0.004 -15"><span class='ocrx_word' id='word_1_387' title='bbox 331 3027 540 3064; x_wconf 89' lang='lat' dir='ltr'>custodiam</span> <span class='ocrx_word' id='word_1_388' title='bbox 577 3027 889 3075; x_wconf 88' lang='lat' dir='ltr'>possessionum;</span> <span class='ocrx_word' id='word_1_389' title='bbox 929 3035 964 3064; x_wconf 91' lang='lat' dir='ltr'>et</span> <span class='ocrx_word' id='word_1_390' title='bbox 1000 3027 1087 3065; x_wconf 90' lang='lat' dir='ltr'>ideo</span> <span class='ocrx_word' id='word_1_391' title='bbox 1125 3029 1183 3066; x_wconf 87' lang='lat' dir='ltr'>lex</span> <span class='ocrx_word' id='word_1_392' title='bbox 1222 3042 1387 3078; x_wconf 89' lang='lat' dir='ltr'>congrue</span> 
     </span>
     <span class='ocr_line' id='line_1_66' title="bbox 331 3080 1077 3129; baseline 0.003 -14"><span class='ocrx_word' id='word_1_393' title='bbox 331 3080 455 3116; x_wconf 88' lang='lat' dir='ltr'>statuit</span> <span class='ocrx_word' id='word_1_394' title='bbox 481 3080 584 3116; x_wconf 91' lang='lat' dir='ltr'>idern</span> <span class='ocrx_word' id='word_1_395' title='bbox 603 3086 621 3101; x_wconf 66' lang='grc' dir='ltr'>π</span> <span class='ocrx_word' id='word_1_396' title='bbox 649 3080 707 3116; x_wconf 88' lang='grc'><strong>1113</strong></span> <span class='ocrx_word' id='word_1_397' title='bbox 737 3080 834 3117; x_wconf 89' lang='lat' dir='ltr'>circa</span> <span class='ocrx_word' id='word_1_398' title='bbox 861 3087 1077 3129; x_wconf 89' lang='lat' dir='ltr'>utrumque.</span> 
     </span>
    </p>

    <p class='ocr_par' dir='ltr' id='par_1_12' title="bbox 331 3134 1389 3286">
     <span class='ocr_line' id='line_1_67' title="bbox 383 3134 1387 3183; baseline 0.004 -15"><span class='ocrx_word' id='word_1_399' title='bbox 383 3134 440 3168; x_wconf 83' lang='lat' dir='ltr'>AD</span> <span class='ocrx_word' id='word_1_400' title='bbox 462 3144 632 3174; x_wconf 83' lang='lat' dir='ltr'><strong>QUARTUM</strong></span> <span class='ocrx_word' id='word_1_401' title='bbox 651 3145 833 3170; x_wconf 82' lang='lat' dir='ltr'><strong>DICENDUM</strong></span> <span class='ocrx_word' id='word_1_402' title='bbox 854 3134 969 3182; x_wconf 87' lang='lat' dir='ltr'>quod,</span> <span class='ocrx_word' id='word_1_403' title='bbox 991 3134 1086 3171; x_wconf 91' lang='lat' dir='ltr'>sicut</span> <span class='ocrx_word' id='word_1_404' title='bbox 1109 3135 1252 3172; x_wconf 90' lang='lat' dir='ltr'>dictum</span> <span class='ocrx_word' id='word_1_405' title='bbox 1283 3143 1337 3172; x_wconf 88' lang='lat' dir='ltr'>est</span> <span class='ocrx_word' id='word_1_406' title='bbox 1354 3135 1387 3183; x_wconf 76' lang='lat'>*‚</span> 
     </span>
     <span class='ocr_line' id='line_1_68' title="bbox 331 3184 1389 3238; baseline 0.006 -18"><span class='ocrx_word' id='word_1_407' title='bbox 331 3184 484 3221; x_wconf 90' lang='lat' dir='ltr'>intentio</span> <span class='ocrx_word' id='word_1_408' title='bbox 514 3186 603 3232; x_wconf 89' lang='lat' dir='ltr'>legis</span> <span class='ocrx_word' id='word_1_409' title='bbox 633 3194 710 3222; x_wconf 91' lang='lat' dir='ltr'>erat</span> <span class='ocrx_word' id='word_1_410' title='bbox 731 3187 964 3223; x_wconf 87' lang='lat' dir='ltr'>assuefacere</span> <span class='ocrx_word' id='word_1_411' title='bbox 990 3187 1166 3224; x_wconf 90' lang='lat' dir='ltr'>homines</span> <span class='ocrx_word' id='word_1_412' title='bbox 1187 3188 1262 3225; x_wconf 90' lang='lat' dir='ltr'>suis</span> <span class='ocrx_word' id='word_1_413' title='bbox 1281 3201 1389 3238; x_wconf 88' lang='lat' dir='ltr'>prae-</span> 
     </span>
     <span class='ocr_line' id='line_1_69' title="bbox 333 3237 1388 3286; baseline 0.006 -14"><span class='ocrx_word' id='word_1_414' title='bbox 333 3237 447 3285; x_wconf 90' lang='lat' dir='ltr'>ceptis</span> <span class='ocrx_word' id='word_1_415' title='bbox 476 3238 523 3274; x_wconf 89' lang='lat' dir='ltr'>ad</span> <span class='ocrx_word' id='word_1_416' title='bbox 551 3239 626 3274; x_wconf 94' lang='lat' dir='ltr'>hoc</span> <span class='ocrx_word' id='word_1_417' title='bbox 654 3239 757 3286; x_wconf 92' lang='lat' dir='ltr'>quod</span> <span class='ocrx_word' id='word_1_418' title='bbox 786 3239 855 3275; x_wconf 87' lang='lat' dir='ltr'>sibi</span> <span class='ocrx_word' id='word_1_419' title='bbox 886 3239 1047 3276; x_wconf 90' lang='lat' dir='ltr'>invicem</span> <span class='ocrx_word' id='word_1_420' title='bbox 1079 3241 1124 3277; x_wconf 93' lang='lat' dir='ltr'>de</span> <span class='ocrx_word' id='word_1_421' title='bbox 1149 3241 1273 3278; x_wconf 84' lang='lat' dir='ltr'>facili</span> <span class='ocrx_word' id='word_1_422' title='bbox 1266 3254 1304 3278; x_wconf 83' lang='lat' dir='ltr'>in</span> <span class='ocrx_word' id='word_1_423' title='bbox 1324 3254 1388 3278; x_wconf 90' lang='lat' dir='ltr'>ne-</span> 
     </span>
    </p>
   </div>
   <div class='ocr_carea' id='block_1_9' title="bbox 1012 3319 1171 3326">
    <p class='ocr_par' dir='ltr' id='par_1_13' title="bbox 1012 3319 1171 3326">
     <span class='ocr_line' id='line_1_70' title="bbox 1012 3319 1171 3326; baseline 0 0"><span class='ocrx_word' id='word_1_424' title='bbox 1012 3319 1171 3326; x_wconf 95' lang='lat' dir='ltr'> </span> 
     </span>
    </p>
   </div>
   <div class='ocr_carea' id='block_1_10' title="bbox 383 3357 1244 3499">
    <p class='ocr_par' dir='ltr' id='par_1_14' title="bbox 384 3357 745 3426">
     <span class='ocr_line' id='line_1_71' title="bbox 384 3357 745 3426; baseline 0.006 -44"><span class='ocrx_word' id='word_1_425' title='bbox 384 3357 413 3426; x_wconf 55' lang='lat'>23</span> <span class='ocrx_word' id='word_1_426' title='bbox 432 3358 476 3382; x_wconf 85' lang='lat' dir='ltr'>ad.</span> <span class='ocrx_word' id='word_1_427' title='bbox 491 3373 506 3376; x_wconf 98' lang='lat'><em>-</em></span> <span class='ocrx_word' id='word_1_428' title='bbox 525 3359 561 3383; x_wconf 76' lang='lat' dir='ltr'>aa</span> <span class='ocrx_word' id='word_1_429' title='bbox 579 3360 681 3391; x_wconf 81' lang='lat' dir='ltr'>aliquid</span> <span class='ocrx_word' id='word_1_430' title='bbox 700 3361 745 3384; x_wconf 81' lang='lat' dir='ltr'>Pa.</span> 
     </span>
    </p>

    <p class='ocr_par' dir='ltr' id='par_1_15' title="bbox 384 3393 599 3426">
     <span class='ocr_line' id='line_1_72' title="bbox 384 3393 599 3426; baseline 0.005 -9"><span class='ocrx_word' id='word_1_431' title='bbox 384 3401 403 3426; x_wconf 87' lang='grc' dir='ltr'>μ.</span> <span class='ocrx_word' id='word_1_432' title='bbox 434 3393 469 3417; x_wconf 83' lang='lat' dir='ltr'>in.</span> <span class='ocrx_word' id='word_1_433' title='bbox 482 3407 500 3411; x_wconf 98' lang='lat'>-</span> <span class='ocrx_word' id='word_1_434' title='bbox 517 3401 553 3418; x_wconf 85' lang='lat' dir='ltr'>ex</span> <span class='ocrx_word' id='word_1_435' title='bbox 573 3394 599 3418; x_wconf 86' lang='grc' dir='ltr'>Ρ.</span> 
     </span>
    </p>

    <p class='ocr_par' dir='ltr' id='par_1_16' title="bbox 383 3428 914 3460">
     <span class='ocr_line' id='line_1_73' title="bbox 383 3428 914 3460; baseline 0.006 -8"><span class='ocrx_word' id='word_1_436' title='bbox 383 3428 407 3460; x_wconf 90' lang='grc' dir='ltr'>ν)</span> <span class='ocrx_word' id='word_1_437' title='bbox 426 3428 610 3454; x_wconf 84' lang='lat' dir='ltr'>amovendum.</span> <span class='ocrx_word' id='word_1_438' title='bbox 623 3443 642 3447; x_wconf 98' lang='lat'><em>-</em></span> <span class='ocrx_word' id='word_1_439' title='bbox 660 3430 847 3455; x_wconf 82' lang='lat' dir='ltr'>removendum</span> <span class='ocrx_word' id='word_1_440' title='bbox 868 3431 914 3455; x_wconf 87' lang='grc' dir='ltr'>Ρα.</span> 
     </span>
    </p>

    <p class='ocr_par' dir='ltr' id='par_1_17' title="bbox 385 3461 1244 3499">
     <span class='ocr_line' id='line_1_74' title="bbox 385 3461 1244 3499; baseline 0.008 -12"><span class='ocrx_word' id='word_1_441' title='bbox 385 3461 408 3497; x_wconf 80' lang='grc' dir='ltr'>ξ)</span> <span class='ocrx_word' id='word_1_442' title='bbox 427 3463 545 3488; x_wconf 81' lang='lat' dir='ltr'>habente.</span> <span class='ocrx_word' id='word_1_443' title='bbox 557 3477 576 3482; x_wconf 99' lang='lat'>-</span> <span class='ocrx_word' id='word_1_444' title='bbox 594 3464 716 3489; x_wconf 82' lang='lat' dir='ltr'>habentes</span> <span class='ocrx_word' id='word_1_445' title='bbox 735 3465 858 3490; x_wconf 86' lang='lat' dir='ltr'>PHLa.-</span> <span class='ocrx_word' id='word_1_446' title='bbox 877 3473 927 3491; x_wconf 84' lang='lat' dir='ltr'>non</span> <span class='ocrx_word' id='word_1_447' title='bbox 949 3467 1032 3499; x_wconf 88' lang='lat' dir='ltr'>primo</span> <span class='ocrx_word' id='word_1_448' title='bbox 1052 3469 1109 3493; x_wconf 86' lang='lat' dir='ltr'>loco</span> <span class='ocrx_word' id='word_1_449' title='bbox 1127 3476 1180 3494; x_wconf 87' lang='lat' dir='ltr'>om.</span> <span class='ocrx_word' id='word_1_450' title='bbox 1194 3469 1244 3494; x_wconf 81' lang='lat' dir='ltr'>EF.</span> 
     </span>
    </p>
   </div>
   <div class='ocr_carea' id='block_1_11' title="bbox 1047 150 1812 197">
    <p class='ocr_par' dir='ltr' id='par_1_18' title="bbox 1047 150 1812 197">
     <span class='ocr_line' id='line_1_75' title="bbox 1047 150 1812 197; baseline 0.003 -10"><span class='ocrx_word' id='word_1_451' title='bbox 1047 150 1313 196; x_wconf 89' lang='lat' dir='ltr'><strong>QUAESTIO</strong></span> <span class='ocrx_word' id='word_1_452' title='bbox 1344 150 1426 197; x_wconf 92' lang='lat' dir='ltr'>CV,</span> <span class='ocrx_word' id='word_1_453' title='bbox 1455 150 1751 188; x_wconf 88' lang='lat' dir='ltr'>ARTICULUS</span> <span class='ocrx_word' id='word_1_454' title='bbox 1781 154 1812 190; x_wconf 90' lang='lat' dir='ltr'>II</span> 
     </span>
    </p>
   </div>
   <div class='ocr_carea' id='block_1_12' title="bbox 1448 227 2518 973">
    <p class='ocr_par' dir='ltr' id='par_1_19' title="bbox 1448 227 2518 962">
     <span class='ocr_line' id='line_1_76' title="bbox 1457 227 2518 281; baseline 0.01 -18"><span class='ocrx_word' id='word_1_455' title='bbox 1457 227 1691 264; x_wconf 87' lang='lat' dir='ltr'>cessitatibus</span> <span class='ocrx_word' id='word_1_456' title='bbox 1724 228 1990 268; x_wconf 81' lang='lat' dir='ltr'>subvenirent:</span> <span class='ocrx_word' id='word_1_457' title='bbox 2025 233 2113 281; x_wconf 89' lang='lat' dir='ltr'>quia</span> <span class='ocrx_word' id='word_1_458' title='bbox 2149 236 2223 272; x_wconf 93' lang='lat' dir='ltr'>hoc</span> <span class='ocrx_word' id='word_1_459' title='bbox 2261 237 2427 273; x_wconf 88' lang='lat' dir='ltr'>maxime</span> <span class='ocrx_word' id='word_1_460' title='bbox 2454 245 2518 277; x_wconf 85' lang='lat' dir='ltr'>est</span> 
     </span>
     <span class='ocr_line' id='line_1_77' title="bbox 1455 280 2513 334; baseline 0.011 -18"><span class='ocrx_word' id='word_1_461' title='bbox 1455 280 1643 317; x_wconf 86' lang='lat' dir='ltr'>amicitiae</span> <span class='ocrx_word' id='word_1_462' title='bbox 1671 281 1897 319; x_wconf 88' lang='lat' dir='ltr'>fomentum.</span> <span class='ocrx_word' id='word_1_463' title='bbox 1927 284 1976 320; x_wconf 91' lang='lat' dir='ltr'>Et</span> <span class='ocrx_word' id='word_1_464' title='bbox 2003 285 2102 322; x_wconf 90' lang='lat' dir='ltr'>hanc</span> <span class='ocrx_word' id='word_1_465' title='bbox 2125 287 2282 334; x_wconf 90' lang='lat' dir='ltr'>quidem</span> <span class='ocrx_word' id='word_1_466' title='bbox 2302 289 2513 327; x_wconf 85' lang='lat' dir='ltr'>facilitatem</span> 
     </span>
     <span class='ocr_line' id='line_1_78' title="bbox 1454 333 2514 390; baseline 0.01 -21"><span class='ocrx_word' id='word_1_467' title='bbox 1454 333 1705 370; x_wconf 91' lang='lat' dir='ltr'>subveniendi</span> <span class='ocrx_word' id='word_1_468' title='bbox 1734 346 1812 371; x_wconf 89' lang='lat' dir='ltr'>non</span> <span class='ocrx_word' id='word_1_469' title='bbox 1841 335 1967 372; x_wconf 90' lang='lat' dir='ltr'>solum</span> <span class='ocrx_word' id='word_1_470' title='bbox 1995 338 2123 375; x_wconf 88' lang='lat' dir='ltr'>statuit</span> <span class='ocrx_word' id='word_1_471' title='bbox 2150 339 2187 376; x_wconf 92' lang='lat' dir='ltr'>in</span> <span class='ocrx_word' id='word_1_472' title='bbox 2206 340 2264 377; x_wconf 93' lang='lat' dir='ltr'>his</span> <span class='ocrx_word' id='word_1_473' title='bbox 2284 353 2382 389; x_wconf 90' lang='lat' dir='ltr'>quae</span> <span class='ocrx_word' id='word_1_474' title='bbox 2402 343 2514 390; x_wconf 89' lang='lat' dir='ltr'>gratis</span> 
     </span>
     <span class='ocr_line' id='line_1_79' title="bbox 1455 387 2513 442; baseline 0.01 -20"><span class='ocrx_word' id='word_1_475' title='bbox 1455 394 1491 423; x_wconf 91' lang='lat' dir='ltr'>et</span> <span class='ocrx_word' id='word_1_476' title='bbox 1518 387 1690 423; x_wconf 89' lang='lat' dir='ltr'>absolute</span> <span class='ocrx_word' id='word_1_477' title='bbox 1720 387 1920 435; x_wconf 89' lang='lat' dir='ltr'>donantur,</span> <span class='ocrx_word' id='word_1_478' title='bbox 1951 390 2018 426; x_wconf 89' lang='lat' dir='ltr'>secl</span> <span class='ocrx_word' id='word_1_479' title='bbox 2047 390 2158 427; x_wconf 87' lang='lat' dir='ltr'>etiam</span> <span class='ocrx_word' id='word_1_480' title='bbox 2179 391 2217 428; x_wconf 91' lang='lat' dir='ltr'>in</span> <span class='ocrx_word' id='word_1_481' title='bbox 2236 391 2295 429; x_wconf 91' lang='lat' dir='ltr'>his</span> <span class='ocrx_word' id='word_1_482' title='bbox 2314 406 2412 442; x_wconf 88' lang='lat' dir='ltr'>quae</span> <span class='ocrx_word' id='word_1_483' title='bbox 2431 407 2513 432; x_wconf 92' lang='lat' dir='ltr'>mu-</span> 
     </span>
     <span class='ocr_line' id='line_1_80' title="bbox 1453 440 2513 489; baseline 0.008 -13"><span class='ocrx_word' id='word_1_484' title='bbox 1453 447 1518 476; x_wconf 84' lang='lat' dir='ltr'>tuo</span> <span class='ocrx_word' id='word_1_485' title='bbox 1549 440 1829 478; x_wconf 82' lang='lat' dir='ltr'>conceduntur:</span> <span class='ocrx_word' id='word_1_486' title='bbox 1859 441 1948 489; x_wconf 91' lang='lat' dir='ltr'>quia</span> <span class='ocrx_word' id='word_1_487' title='bbox 1976 441 2197 480; x_wconf 90' lang='lat' dir='ltr'>huiusmodi</span> <span class='ocrx_word' id='word_1_488' title='bbox 2221 446 2424 483; x_wconf 82' lang='lat' dir='ltr'>subventio</span> <span class='ocrx_word' id='word_1_489' title='bbox 2443 448 2513 484; x_wconf 86' lang='lat' dir='ltr'>fre-</span> 
     </span>
     <span class='ocr_line' id='line_1_81' title="bbox 1453 492 2514 542; baseline 0.008 -14"><span class='ocrx_word' id='word_1_490' title='bbox 1453 492 1626 541; x_wconf 91' lang='lat' dir='ltr'>quentior</span> <span class='ocrx_word' id='word_1_491' title='bbox 1655 501 1727 539; x_wconf 92' lang='lat' dir='ltr'>est,</span> <span class='ocrx_word' id='word_1_492' title='bbox 1758 501 1794 529; x_wconf 89' lang='lat' dir='ltr'>et</span> <span class='ocrx_word' id='word_1_493' title='bbox 1821 494 1991 542; x_wconf 91' lang='lat' dir='ltr'>pluribus</span> <span class='ocrx_word' id='word_1_494' title='bbox 2023 496 2247 533; x_wconf 88' lang='lat' dir='ltr'>necessaria.</span> <span class='ocrx_word' id='word_1_495' title='bbox 2283 498 2514 537; x_wconf 89' lang='lat' dir='ltr'>Huiusmodi</span> 
     </span>
     <span class='ocr_line' id='line_1_82' title="bbox 1452 545 2513 598; baseline 0.007 -17"><span class='ocrx_word' id='word_1_496' title='bbox 1452 553 1580 582; x_wconf 89' lang='lat' dir='ltr'>autem</span> <span class='ocrx_word' id='word_1_497' title='bbox 1600 545 1862 583; x_wconf 82' lang='lat' dir='ltr'>subventionis</span> <span class='ocrx_word' id='word_1_498' title='bbox 1890 547 2103 585; x_wconf 87' lang='lat' dir='ltr'>facilitatem</span> <span class='ocrx_word' id='word_1_499' title='bbox 2133 549 2385 598; x_wconf 87' lang='lat' dir='ltr'>multipliciter</span> <span class='ocrx_word' id='word_1_500' title='bbox 2411 551 2513 588; x_wconf 88' lang='lat' dir='ltr'>insti-</span> 
     </span>
     <span class='ocr_line' id='line_1_83' title="bbox 1451 598 2513 651; baseline 0.006 -17"><span class='ocrx_word' id='word_1_501' title='bbox 1451 598 1529 634; x_wconf 89' lang='lat' dir='ltr'>tuit.</span> <span class='ocrx_word' id='word_1_502' title='bbox 1573 598 1703 634; x_wconf 83' lang='lat' dir='ltr'>Primo</span> <span class='ocrx_word' id='word_1_503' title='bbox 1741 598 1925 647; x_wconf 91' lang='lat' dir='ltr'>quidem,</span> <span class='ocrx_word' id='word_1_504' title='bbox 1966 608 2008 637; x_wconf 92' lang='lat' dir='ltr'>ut</span> <span class='ocrx_word' id='word_1_505' title='bbox 2045 601 2172 638; x_wconf 86' lang='lat' dir='ltr'>faciles</span> <span class='ocrx_word' id='word_1_506' title='bbox 2209 614 2250 638; x_wconf 89' lang='lat' dir='ltr'>se</span> <span class='ocrx_word' id='word_1_507' title='bbox 2286 599 2513 651; x_wconf 80' lang='lat' dir='ltr'>praeberent</span> 
     </span>
     <span class='ocr_line' id='line_1_84' title="bbox 1451 651 2512 700; baseline 0.007 -14"><span class='ocrx_word' id='word_1_508' title='bbox 1451 651 1499 687; x_wconf 93' lang='lat' dir='ltr'>ad</span> <span class='ocrx_word' id='word_1_509' title='bbox 1519 657 1693 687; x_wconf 89' lang='lat' dir='ltr'>mutuum</span> <span class='ocrx_word' id='word_1_510' title='bbox 1720 651 1976 689; x_wconf 86' lang='lat' dir='ltr'>exhibendum</span> <span class='ocrx_word' id='word_1_511' title='bbox 1990 682 1999 700; x_wconf 90' lang='lat'>,</span> <span class='ocrx_word' id='word_1_512' title='bbox 2029 666 2099 690; x_wconf 92' lang='lat' dir='ltr'>nec</span> <span class='ocrx_word' id='word_1_513' title='bbox 2118 655 2166 690; x_wconf 92' lang='lat' dir='ltr'>ab</span> <span class='ocrx_word' id='word_1_514' title='bbox 2186 655 2261 691; x_wconf 94' lang='lat' dir='ltr'>hoc</span> <span class='ocrx_word' id='word_1_515' title='bbox 2280 656 2512 693; x_wconf 90' lang='lat' dir='ltr'>retraheren-</span> 
     </span>
     <span class='ocr_line' id='line_1_85' title="bbox 1450 703 2513 766; baseline 0.008 -28"><span class='ocrx_word' id='word_1_516' title='bbox 1450 710 1510 740; x_wconf 88' lang='lat' dir='ltr'>tur</span> <span class='ocrx_word' id='word_1_517' title='bbox 1529 715 1629 740; x_wconf 91' lang='lat' dir='ltr'>anno</span> <span class='ocrx_word' id='word_1_518' title='bbox 1654 703 1884 741; x_wconf 89' lang='lat' dir='ltr'>remissionis</span> <span class='ocrx_word' id='word_1_519' title='bbox 1912 707 2254 766; x_wconf 80' lang='lat' dir='ltr'>appropinquante,</span> <span class='ocrx_word' id='word_1_520' title='bbox 2283 715 2326 744; x_wconf 93' lang='lat' dir='ltr'>ut</span> <span class='ocrx_word' id='word_1_521' title='bbox 2351 709 2513 747; x_wconf 88' lang='lat' dir='ltr'>habetur</span> 
     </span>
     <span class='ocr_line' id='line_1_86' title="bbox 1449 755 2512 804; baseline 0.008 -13"><span class='ocrx_word' id='word_1_522' title='bbox 1449 757 1560 793; x_wconf 80' lang='lat' dir='ltr'>Dent.</span> <span class='ocrx_word' id='word_1_523' title='bbox 1580 768 1628 792; x_wconf 91' lang='lat' dir='ltr'>xv</span> <span class='ocrx_word' id='word_1_524' title='bbox 1646 755 1677 792; x_wconf 82' lang='lat'>*.</span> <span class='ocrx_word' id='word_1_525' title='bbox 1698 777 1722 784; x_wconf 95' lang='lat'>-</span> <span class='ocrx_word' id='word_1_526' title='bbox 1743 756 1936 804; x_wconf 88' lang='lat' dir='ltr'>Secundo,</span> <span class='ocrx_word' id='word_1_527' title='bbox 1957 770 2004 795; x_wconf 90' lang='lat' dir='ltr'>ne</span> <span class='ocrx_word' id='word_1_528' title='bbox 2034 772 2123 796; x_wconf 91' lang='lat' dir='ltr'>eum</span> <span class='ocrx_word' id='word_1_529' title='bbox 2144 760 2204 796; x_wconf 93' lang='lat' dir='ltr'>cui</span> <span class='ocrx_word' id='word_1_530' title='bbox 2223 768 2401 798; x_wconf 89' lang='lat' dir='ltr'>mutuum</span> <span class='ocrx_word' id='word_1_531' title='bbox 2422 773 2512 799; x_wconf 88' lang='lat' dir='ltr'>con-</span> 
     </span>
     <span class='ocr_line' id='line_1_87' title="bbox 1450 809 2511 868; baseline 0.007 -24"><span class='ocrx_word' id='word_1_532' title='bbox 1450 809 1638 868; x_wconf 85' lang='lat' dir='ltr'>cederent,</span> <span class='ocrx_word' id='word_1_533' title='bbox 1667 817 1868 856; x_wconf 84' lang='lat' dir='ltr'>gravarent</span> <span class='ocrx_word' id='word_1_534' title='bbox 1894 812 1956 847; x_wconf 92' lang='lat' dir='ltr'>vel</span> <span class='ocrx_word' id='word_1_535' title='bbox 1984 812 2123 860; x_wconf 89' lang='lat' dir='ltr'>usuris,</span> <span class='ocrx_word' id='word_1_536' title='bbox 2152 814 2213 850; x_wconf 91' lang='lat' dir='ltr'>vel</span> <span class='ocrx_word' id='word_1_537' title='bbox 2243 813 2356 850; x_wconf 88' lang='lat' dir='ltr'>etiam</span> <span class='ocrx_word' id='word_1_538' title='bbox 2385 814 2511 862; x_wconf 91' lang='lat' dir='ltr'>aliqua</span> 
     </span>
     <span class='ocr_line' id='line_1_88' title="bbox 1448 861 2511 916; baseline 0.007 -19"><span class='ocrx_word' id='word_1_539' title='bbox 1448 862 1607 909; x_wconf 90' lang='lat' dir='ltr'>pignora</span> <span class='ocrx_word' id='word_1_540' title='bbox 1636 861 1795 898; x_wconf 89' lang='lat' dir='ltr'>omnino</span> <span class='ocrx_word' id='word_1_541' title='bbox 1823 861 1926 899; x_wconf 87' lang='lat' dir='ltr'>vitae</span> <span class='ocrx_word' id='word_1_542' title='bbox 1954 866 2166 902; x_wconf 86' lang='lat' dir='ltr'>necessaria</span> <span class='ocrx_word' id='word_1_543' title='bbox 2200 866 2445 916; x_wconf 85' lang='lat' dir='ltr'>accipiendo:</span> <span class='ocrx_word' id='word_1_544' title='bbox 2474 874 2511 904; x_wconf 91' lang='lat' dir='ltr'>et</span> 
     </span>
     <span class='ocr_line' id='line_1_89' title="bbox 1448 914 2510 973; baseline 0.008 -24"><span class='ocrx_word' id='word_1_545' title='bbox 1448 915 1479 950; x_wconf 91' lang='lat' dir='ltr'>si</span> <span class='ocrx_word' id='word_1_546' title='bbox 1499 922 1653 973; x_wconf 77' lang='lat' dir='ltr'>accepta</span> <span class='ocrx_word' id='word_1_547' title='bbox 1672 914 1819 961; x_wconf 90' lang='lat' dir='ltr'>fuerint,</span> <span class='ocrx_word' id='word_1_548' title='bbox 1840 915 1945 962; x_wconf 88' lang='lat' dir='ltr'>quod</span> <span class='ocrx_word' id='word_1_549' title='bbox 1969 917 2093 954; x_wconf 90' lang='lat' dir='ltr'>statim</span> <span class='ocrx_word' id='word_1_550' title='bbox 2122 919 2415 957; x_wconf 87' lang='lat' dir='ltr'>restituerentur.</span> <span class='ocrx_word' id='word_1_551' title='bbox 2444 920 2510 957; x_wconf 91' lang='lat' dir='ltr'>Di—</span> 
     </span>
    </p>
   </div>
   <div class='ocr_carea' id='block_1_13' title="bbox 1449 967 2666 1062">
    <p class='ocr_par' dir='ltr' id='par_1_20' title="bbox 1449 967 2666 1062">
     <span class='ocr_line' id='line_1_90' title="bbox 1449 967 2546 1021; baseline 0.006 -18"><span class='ocrx_word' id='word_1_552' title='bbox 1449 967 1543 1004; x_wconf 92' lang='lat' dir='ltr'>citur</span> <span class='ocrx_word' id='word_1_553' title='bbox 1571 967 1672 1003; x_wconf 86' lang='lat' dir='ltr'>enim</span> <span class='ocrx_word' id='word_1_554' title='bbox 1693 967 1965 1005; x_wconf 79' lang='lat' dir='ltr'>Deut.xx111*:</span> <span class='ocrx_word' id='word_1_555' title='bbox 1994 970 2085 1007; x_wconf 85' lang='lat' dir='ltr'>Non</span> <span class='ocrx_word' id='word_1_556' title='bbox 2101 972 2370 1019; x_wconf 87' lang='lat' dir='ltr'>saeneraheris</span> <span class='ocrx_word' id='word_1_557' title='bbox 2386 974 2511 1021; x_wconf 86' lang='lat' dir='ltr'>fratri</span> <span class='ocrx_word' id='word_1_558' title='bbox 2538 988 2546 996; x_wconf 90' lang='lat'><strong>·</strong></span> 
     </span>
     <span class='ocr_line' id='line_1_91' title="bbox 2535 1039 2666 1062; baseline 0.015 -2"><span class='ocrx_word' id='word_1_559' title='bbox 2535 1039 2546 1049; x_wconf 76' lang='lat'>⁸</span> <span class='ocrx_word' id='word_1_560' title='bbox 2562 1039 2628 1061; x_wconf 78' lang='lat' dir='ltr'>Vers.</span> <span class='ocrx_word' id='word_1_561' title='bbox 2644 1040 2666 1062; x_wconf 85' lang='lat'>6.</span> 
     </span>
    </p>
   </div>
   <div class='ocr_carea' id='block_1_14' title="bbox 1445 1021 2508 1281">
    <p class='ocr_par' dir='ltr' id='par_1_21' title="bbox 1445 1021 2508 1281">
     <span class='ocr_line' id='line_1_92' title="bbox 1447 1021 2508 1074; baseline 0.007 -18"><span class='ocrx_word' id='word_1_562' title='bbox 1447 1026 1510 1057; x_wconf 89' lang='lat' dir='ltr'>tuo</span> <span class='ocrx_word' id='word_1_563' title='bbox 1530 1021 1581 1057; x_wconf 85' lang='lat' dir='ltr'>ad</span> <span class='ocrx_word' id='word_1_564' title='bbox 1607 1031 1784 1063; x_wconf 88' lang='lat' dir='ltr'>usuram;</span> <span class='ocrx_word' id='word_1_565' title='bbox 1813 1027 1850 1055; x_wconf 90' lang='lat' dir='ltr'>et</span> <span class='ocrx_word' id='word_1_566' title='bbox 1875 1032 1961 1057; x_wconf 74' lang='lat' dir='ltr'>xxm</span> <span class='ocrx_word' id='word_1_567' title='bbox 1977 1021 2013 1058; x_wconf 69' lang='grc' dir='ltr'>*ε</span> <span class='ocrx_word' id='word_1_568' title='bbox 2042 1023 2135 1060; x_wconf 91' lang='lat' dir='ltr'>Non</span> <span class='ocrx_word' id='word_1_569' title='bbox 2162 1025 2322 1073; x_wconf 82' lang='lat' dir='ltr'>accipies</span> <span class='ocrx_word' id='word_1_570' title='bbox 2345 1026 2426 1063; x_wconf 89' lang='lat' dir='ltr'>loco</span> <span class='ocrx_word' id='word_1_571' title='bbox 2449 1027 2508 1074; x_wconf 86' lang='lat' dir='ltr'>pi-</span> 
     </span>
     <span class='ocr_line' id='line_1_93' title="bbox 1446 1073 2508 1126; baseline 0.008 -18"><span class='ocrx_word' id='word_1_572' title='bbox 1446 1074 1578 1122; x_wconf 85' lang='lat' dir='ltr'>gnoris</span> <span class='ocrx_word' id='word_1_573' title='bbox 1597 1073 1814 1121; x_wconf 83' lang='lat' dir='ltr'>inferiorem</span> <span class='ocrx_word' id='word_1_574' title='bbox 1833 1078 1869 1109; x_wconf 88' lang='lat' dir='ltr'>et</span> <span class='ocrx_word' id='word_1_575' title='bbox 1884 1074 2116 1121; x_wconf 82' lang='lat' dir='ltr'>superiorem</span> <span class='ocrx_word' id='word_1_576' title='bbox 2139 1077 2300 1114; x_wconf 91' lang='lat' dir='ltr'>molam:</span> <span class='ocrx_word' id='word_1_577' title='bbox 2320 1079 2408 1126; x_wconf 88' lang='lat' dir='ltr'>quia</span> <span class='ocrx_word' id='word_1_578' title='bbox 2427 1080 2508 1116; x_wconf 89' lang='lat' dir='ltr'>ani-</span> 
     </span>
     <span class='ocr_line' id='line_1_94' title="bbox 1447 1126 2506 1173; baseline 0.008 -12"><span class='ocrx_word' id='word_1_579' title='bbox 1447 1138 1550 1162; x_wconf 90' lang='lat' dir='ltr'>mam</span> <span class='ocrx_word' id='word_1_580' title='bbox 1567 1138 1677 1162; x_wconf 86' lang='lat' dir='ltr'>suam</span> <span class='ocrx_word' id='word_1_581' title='bbox 1705 1126 1876 1173; x_wconf 81' lang='lat' dir='ltr'>apposuit</span> <span class='ocrx_word' id='word_1_582' title='bbox 1902 1126 1987 1169; x_wconf 81' lang='lat' dir='ltr'>tihi,·</span> <span class='ocrx_word' id='word_1_583' title='bbox 2015 1134 2052 1164; x_wconf 91' lang='lat' dir='ltr'>et</span> <span class='ocrx_word' id='word_1_584' title='bbox 2073 1129 2197 1165; x_wconf 84' lang='lat' dir='ltr'>Exod.</span> <span class='ocrx_word' id='word_1_585' title='bbox 2218 1141 2289 1167; x_wconf 86' lang='lat' dir='ltr'>xxn</span> <span class='ocrx_word' id='word_1_586' title='bbox 2308 1131 2328 1153; x_wconf 81' lang='grc'>*</span> <span class='ocrx_word' id='word_1_587' title='bbox 2356 1131 2506 1169; x_wconf 87' lang='lat' dir='ltr'>dicitur:</span> 
     </span>
     <span class='ocr_line' id='line_1_95' title="bbox 1446 1178 2506 1231; baseline 0.008 -17"><span class='ocrx_word' id='word_1_588' title='bbox 1446 1179 1489 1215; x_wconf 87' lang='lat' dir='ltr'>Si</span> <span class='ocrx_word' id='word_1_589' title='bbox 1509 1179 1650 1228; x_wconf 79' lang='lat' dir='ltr'>pignus</span> <span class='ocrx_word' id='word_1_590' title='bbox 1677 1190 1700 1214; x_wconf 92' lang='lat' dir='ltr'>a</span> <span class='ocrx_word' id='word_1_591' title='bbox 1722 1178 1903 1226; x_wconf 86' lang='lat' dir='ltr'>proximo</span> <span class='ocrx_word' id='word_1_592' title='bbox 1932 1184 1995 1215; x_wconf 89' lang='lat' dir='ltr'>tuo</span> <span class='ocrx_word' id='word_1_593' title='bbox 2023 1182 2210 1228; x_wconf 79' lang='lat' dir='ltr'>acceperis</span> <span class='ocrx_word' id='word_1_594' title='bbox 2236 1184 2506 1231; x_wconf 77' lang='lat' dir='ltr'>vestimentum,</span> 
     </span>
     <span class='ocr_line' id='line_1_96' title="bbox 1445 1231 2508 1281; baseline 0.007 -13"><span class='ocrx_word' id='word_1_595' title='bbox 1445 1237 1532 1268; x_wconf 88' lang='lat' dir='ltr'>ante</span> <span class='ocrx_word' id='word_1_596' title='bbox 1549 1231 1636 1268; x_wconf 86' lang='lat' dir='ltr'>solis</span> <span class='ocrx_word' id='word_1_597' title='bbox 1658 1242 1832 1267; x_wconf 89' lang='lat' dir='ltr'>occasum</span> <span class='ocrx_word' id='word_1_598' title='bbox 1857 1231 1988 1268; x_wconf 83' lang='lat' dir='ltr'>reddes</span> <span class='ocrx_word' id='word_1_599' title='bbox 2006 1232 2050 1268; x_wconf 88' lang='lat' dir='ltr'>ei.</span> <span class='ocrx_word' id='word_1_600' title='bbox 2071 1253 2095 1260; x_wconf 99' lang='lat'>-</span> <span class='ocrx_word' id='word_1_601' title='bbox 2116 1234 2259 1281; x_wconf 81' lang='lat' dir='ltr'>Tertio,</span> <span class='ocrx_word' id='word_1_602' title='bbox 2279 1243 2322 1272; x_wconf 91' lang='lat' dir='ltr'>ut</span> <span class='ocrx_word' id='word_1_603' title='bbox 2340 1248 2418 1274; x_wconf 92' lang='lat' dir='ltr'>non</span> <span class='ocrx_word' id='word_1_604' title='bbox 2437 1238 2508 1274; x_wconf 90' lang='lat' dir='ltr'>im-</span> 
     </span>
    </p>
   </div>
   <div class='ocr_carea' id='block_1_15' title="bbox 1445 1283 2544 1332">
    <p class='ocr_par' dir='ltr' id='par_1_22' title="bbox 1445 1283 2544 1332">
     <span class='ocr_line' id='line_1_97' title="bbox 1445 1283 2544 1332; baseline 0.007 -13"><span class='ocrx_word' id='word_1_605' title='bbox 1445 1292 1608 1332; x_wconf 87' lang='lat' dir='ltr'>portune</span> <span class='ocrx_word' id='word_1_606' title='bbox 1638 1283 1838 1331; x_wconf 87' lang='lat' dir='ltr'>exigerent.</span> <span class='ocrx_word' id='word_1_607' title='bbox 1869 1284 1980 1321; x_wconf 89' lang='lat' dir='ltr'>Unde</span> <span class='ocrx_word' id='word_1_608' title='bbox 2010 1285 2144 1323; x_wconf 90' lang='lat' dir='ltr'>dicitur</span> <span class='ocrx_word' id='word_1_609' title='bbox 2167 1287 2291 1324; x_wconf 88' lang='lat' dir='ltr'>Exod.</span> <span class='ocrx_word' id='word_1_610' title='bbox 2311 1300 2383 1325; x_wconf 86' lang='lat' dir='ltr'>xxu</span> <span class='ocrx_word' id='word_1_611' title='bbox 2402 1289 2438 1326; x_wconf 65' lang='lat'>⁸:</span> <span class='ocrx_word' id='word_1_612' title='bbox 2467 1291 2510 1327; x_wconf 87' lang='lat' dir='ltr'>Si</span> <span class='ocrx_word' id='word_1_613' title='bbox 2535 1305 2544 1313; x_wconf 91' lang='lat'><strong>·</strong></span> 
     </span>
    </p>
   </div>
   <div class='ocr_carea' id='block_1_16' title="bbox 1439 1337 2510 1440">
    <p class='ocr_par' dir='ltr' id='par_1_23' title="bbox 1439 1337 2510 1440">
     <span class='ocr_line' id='line_1_98' title="bbox 1439 1337 2510 1390; baseline 0.007 -18"><span class='ocrx_word' id='word_1_614' title='bbox 1439 1337 1642 1385; x_wconf 84' lang='lat' dir='ltr'>pecuniam</span> <span class='ocrx_word' id='word_1_615' title='bbox 1663 1342 1831 1373; x_wconf 86' lang='lat' dir='ltr'>mutuam</span> <span class='ocrx_word' id='word_1_616' title='bbox 1851 1337 1996 1374; x_wconf 87' lang='lat' dir='ltr'>dederis</span> <span class='ocrx_word' id='word_1_617' title='bbox 2007 1339 2150 1386; x_wconf 81' lang='lat' dir='ltr'>populo</span> <span class='ocrx_word' id='word_1_618' title='bbox 2165 1351 2249 1377; x_wconf 91' lang='lat' dir='ltr'>meo</span> <span class='ocrx_word' id='word_1_619' title='bbox 2264 1342 2428 1389; x_wconf 84' lang='lat' dir='ltr'>pauperi</span> <span class='ocrx_word' id='word_1_620' title='bbox 2443 1344 2510 1390; x_wconf 87' lang='lat' dir='ltr'>qui</span> 
     </span>
     <span class='ocr_line' id='line_1_99' title="bbox 1445 1390 2508 1440; baseline 0.006 -14"><span class='ocrx_word' id='word_1_621' title='bbox 1445 1390 1588 1427; x_wconf 84' lang='lat' dir='ltr'>habitat</span> <span class='ocrx_word' id='word_1_622' title='bbox 1613 1396 1744 1435; x_wconf 84' lang='lat' dir='ltr'>tecum,</span> <span class='ocrx_word' id='word_1_623' title='bbox 1765 1401 1839 1426; x_wconf 88' lang='lat' dir='ltr'>non</span> <span class='ocrx_word' id='word_1_624' title='bbox 1861 1391 2012 1439; x_wconf 84' lang='lat' dir='ltr'>urgebis</span> <span class='ocrx_word' id='word_1_625' title='bbox 2031 1403 2116 1428; x_wconf 87' lang='lat' dir='ltr'>eum</span> <span class='ocrx_word' id='word_1_626' title='bbox 2136 1393 2246 1440; x_wconf 83' lang='lat' dir='ltr'>quasi</span> <span class='ocrx_word' id='word_1_627' title='bbox 2262 1399 2429 1432; x_wconf 84' lang='lat' dir='ltr'>exactor.</span> <span class='ocrx_word' id='word_1_628' title='bbox 2460 1396 2508 1432; x_wconf 92' lang='lat' dir='ltr'>Et</span> 
     </span>
    </p>
   </div>
   <div class='ocr_carea' id='block_1_17' title="bbox 1444 1442 2544 1491">
    <p class='ocr_par' dir='ltr' id='par_1_24' title="bbox 1444 1442 2544 1491">
     <span class='ocr_line' id='line_1_100' title="bbox 1444 1442 2544 1491; baseline 0.006 -13"><span class='ocrx_word' id='word_1_629' title='bbox 1444 1450 1601 1491; x_wconf 89' lang='lat' dir='ltr'>propter</span> <span class='ocrx_word' id='word_1_630' title='bbox 1632 1444 1706 1479; x_wconf 91' lang='lat' dir='ltr'>hoc</span> <span class='ocrx_word' id='word_1_631' title='bbox 1735 1442 1847 1478; x_wconf 88' lang='lat' dir='ltr'>etiam</span> <span class='ocrx_word' id='word_1_632' title='bbox 1877 1443 2079 1480; x_wconf 86' lang='lat' dir='ltr'>mandatur</span> <span class='ocrx_word' id='word_1_633' title='bbox 2105 1446 2216 1483; x_wconf 87' lang='lat' dir='ltr'>Deut.</span> <span class='ocrx_word' id='word_1_634' title='bbox 2237 1446 2376 1483; x_wconf 79' lang='lat' dir='ltr'>xxiv*:</span> <span class='ocrx_word' id='word_1_635' title='bbox 2411 1448 2506 1485; x_wconf 87' lang='lat' dir='ltr'>Cum</span> <span class='ocrx_word' id='word_1_636' title='bbox 2536 1463 2544 1470; x_wconf 93' lang='lat'>·</span> 
     </span>
    </p>
   </div>
   <div class='ocr_carea' id='block_1_18' title="bbox 1438 1495 2545 3292">
    <p class='ocr_par' dir='ltr' id='par_1_25' title="bbox 1438 1495 2508 3292">
     <span class='ocr_line' id='line_1_101' title="bbox 1445 1495 2508 1560; baseline 0.006 -28"><span class='ocrx_word' id='word_1_637' title='bbox 1445 1501 1586 1544; x_wconf 85' lang='lat' dir='ltr'>repetes</span> <span class='ocrx_word' id='word_1_638' title='bbox 1608 1507 1631 1531; x_wconf 90' lang='lat' dir='ltr'>a</span> <span class='ocrx_word' id='word_1_639' title='bbox 1651 1495 1832 1543; x_wconf 84' lang='lat' dir='ltr'>proximo</span> <span class='ocrx_word' id='word_1_640' title='bbox 1861 1501 1923 1532; x_wconf 87' lang='lat' dir='ltr'>tuo</span> <span class='ocrx_word' id='word_1_641' title='bbox 1953 1508 2033 1533; x_wconf 89' lang='lat' dir='ltr'>rem</span> <span class='ocrx_word' id='word_1_642' title='bbox 2061 1497 2229 1546; x_wconf 87' lang='lat' dir='ltr'>aliquam</span> <span class='ocrx_word' id='word_1_643' title='bbox 2257 1511 2372 1560; x_wconf 82' lang='lat' dir='ltr'>quam</span> <span class='ocrx_word' id='word_1_644' title='bbox 2401 1501 2508 1538; x_wconf 82' lang='lat' dir='ltr'>debet</span> 
     </span>
     <span class='ocr_line' id='line_1_102' title="bbox 1445 1548 2505 1602; baseline 0.006 -18"><span class='ocrx_word' id='word_1_645' title='bbox 1445 1549 1520 1594; x_wconf 83' lang='lat' dir='ltr'>tibi,</span> <span class='ocrx_word' id='word_1_646' title='bbox 1542 1561 1615 1585; x_wconf 87' lang='lat' dir='ltr'>non</span> <span class='ocrx_word' id='word_1_647' title='bbox 1636 1548 1859 1597; x_wconf 82' lang='lat' dir='ltr'>ingredieris</span> <span class='ocrx_word' id='word_1_648' title='bbox 1877 1549 1914 1585; x_wconf 88' lang='lat' dir='ltr'>in</span> <span class='ocrx_word' id='word_1_649' title='bbox 1934 1549 2088 1587; x_wconf 89' lang='lat' dir='ltr'>domum</span> <span class='ocrx_word' id='word_1_650' title='bbox 2111 1551 2194 1588; x_wconf 85' lang='lat' dir='ltr'>eius</span> <span class='ocrx_word' id='word_1_651' title='bbox 2219 1557 2259 1588; x_wconf 86' lang='lat' dir='ltr'>ut</span> <span class='ocrx_word' id='word_1_652' title='bbox 2277 1553 2421 1602; x_wconf 84' lang='lat' dir='ltr'>pignus</span> <span class='ocrx_word' id='word_1_653' title='bbox 2437 1565 2505 1590; x_wconf 87' lang='lat' dir='ltr'>au·</span> 
     </span>
     <span class='ocr_line' id='line_1_103' title="bbox 1438 1601 2508 1655; baseline 0.006 -17"><span class='ocrx_word' id='word_1_654' title='bbox 1438 1602 1568 1649; x_wconf 87' lang='lat' dir='ltr'>seras;</span> <span class='ocrx_word' id='word_1_655' title='bbox 1595 1601 1660 1637; x_wconf 86' lang='lat' dir='ltr'>sed</span> <span class='ocrx_word' id='word_1_656' title='bbox 1687 1601 1801 1637; x_wconf 85' lang='lat' dir='ltr'>stabis</span> <span class='ocrx_word' id='word_1_657' title='bbox 1821 1602 1946 1649; x_wconf 89' lang='lat' dir='ltr'>soris,</span> <span class='ocrx_word' id='word_1_658' title='bbox 1975 1608 2013 1639; x_wconf 90' lang='lat' dir='ltr'>et</span> <span class='ocrx_word' id='word_1_659' title='bbox 2037 1603 2098 1639; x_wconf 88' lang='lat' dir='ltr'>ille</span> <span class='ocrx_word' id='word_1_660' title='bbox 2125 1604 2191 1640; x_wconf 81' lang='lat' dir='ltr'>tibi</span> <span class='ocrx_word' id='word_1_661' title='bbox 2209 1606 2382 1654; x_wconf 83' lang='lat' dir='ltr'>proferet</span> <span class='ocrx_word' id='word_1_662' title='bbox 2407 1606 2508 1655; x_wconf 84' lang='lat' dir='ltr'>quod</span> 
     </span>
     <span class='ocr_line' id='line_1_104' title="bbox 1443 1654 2506 1702; baseline 0.006 -12"><span class='ocrx_word' id='word_1_663' title='bbox 1443 1655 1632 1691; x_wconf 86' lang='lat' dir='ltr'>habuerit:</span> <span class='ocrx_word' id='word_1_664' title='bbox 1661 1662 1741 1690; x_wconf 91' lang='lat' dir='ltr'>tum</span> <span class='ocrx_word' id='word_1_665' title='bbox 1762 1654 1851 1702; x_wconf 88' lang='lat' dir='ltr'>quia</span> <span class='ocrx_word' id='word_1_666' title='bbox 1879 1655 2019 1692; x_wconf 91' lang='lat' dir='ltr'>domus</span> <span class='ocrx_word' id='word_1_667' title='bbox 2046 1663 2102 1693; x_wconf 92' lang='lat' dir='ltr'>est</span> <span class='ocrx_word' id='word_1_668' title='bbox 2129 1656 2358 1695; x_wconf 89' lang='lat' dir='ltr'>tutissimum</span> <span class='ocrx_word' id='word_1_669' title='bbox 2377 1659 2506 1696; x_wconf 85' lang='lat' dir='ltr'>unius-</span> 
     </span>
     <span class='ocr_line' id='line_1_105' title="bbox 1445 1706 2506 1755; baseline 0.007 -13"><span class='ocrx_word' id='word_1_670' title='bbox 1445 1706 1628 1754; x_wconf 90' lang='lat' dir='ltr'>cuiusque</span> <span class='ocrx_word' id='word_1_671' title='bbox 1662 1707 1962 1755; x_wconf 89' lang='lat' dir='ltr'>receptaculum,</span> <span class='ocrx_word' id='word_1_672' title='bbox 1990 1709 2094 1745; x_wconf 91' lang='lat' dir='ltr'>unde</span> <span class='ocrx_word' id='word_1_673' title='bbox 2121 1710 2325 1747; x_wconf 86' lang='lat' dir='ltr'>molestum</span> <span class='ocrx_word' id='word_1_674' title='bbox 2357 1711 2506 1749; x_wconf 81' lang='lat' dir='ltr'>homini</span> 
     </span>
     <span class='ocr_line' id='line_1_106' title="bbox 1445 1760 2507 1813; baseline 0.007 -18"><span class='ocrx_word' id='word_1_675' title='bbox 1445 1767 1501 1796; x_wconf 89' lang='lat' dir='ltr'>est</span> <span class='ocrx_word' id='word_1_676' title='bbox 1527 1768 1569 1796; x_wconf 91' lang='lat' dir='ltr'>ut</span> <span class='ocrx_word' id='word_1_677' title='bbox 1595 1760 1634 1796; x_wconf 88' lang='lat' dir='ltr'>in</span> <span class='ocrx_word' id='word_1_678' title='bbox 1663 1760 1780 1796; x_wconf 92' lang='lat' dir='ltr'>domo</span> <span class='ocrx_word' id='word_1_679' title='bbox 1810 1772 1878 1796; x_wconf 87' lang='lat' dir='ltr'>sua</span> <span class='ocrx_word' id='word_1_680' title='bbox 1909 1760 2130 1807; x_wconf 87' lang='lat' dir='ltr'>invadatur,</span> <span class='ocrx_word' id='word_1_681' title='bbox 2160 1770 2240 1800; x_wconf 91' lang='lat' dir='ltr'>tum</span> <span class='ocrx_word' id='word_1_682' title='bbox 2273 1763 2388 1801; x_wconf 89' lang='lat' dir='ltr'>etiam</span> <span class='ocrx_word' id='word_1_683' title='bbox 2417 1765 2507 1813; x_wconf 88' lang='lat' dir='ltr'>quia</span> 
     </span>
     <span class='ocr_line' id='line_1_107' title="bbox 1443 1812 2505 1866; baseline 0.007 -18"><span class='ocrx_word' id='word_1_684' title='bbox 1443 1825 1523 1849; x_wconf 90' lang='lat' dir='ltr'>non</span> <span class='ocrx_word' id='word_1_685' title='bbox 1560 1812 1732 1849; x_wconf 90' lang='lat' dir='ltr'>concedit</span> <span class='ocrx_word' id='word_1_686' title='bbox 1765 1813 1940 1849; x_wconf 90' lang='lat' dir='ltr'>creditori</span> <span class='ocrx_word' id='word_1_687' title='bbox 1971 1821 2013 1850; x_wconf 91' lang='lat' dir='ltr'>ut</span> <span class='ocrx_word' id='word_1_688' title='bbox 2041 1815 2199 1863; x_wconf 87' lang='lat' dir='ltr'>accipiat</span> <span class='ocrx_word' id='word_1_689' title='bbox 2231 1815 2366 1864; x_wconf 89' lang='lat' dir='ltr'>pignus</span> <span class='ocrx_word' id='word_1_690' title='bbox 2399 1818 2505 1866; x_wconf 86' lang='lat' dir='ltr'>quod</span> 
     </span>
     <span class='ocr_line' id='line_1_108' title="bbox 1442 1865 2506 1917; baseline 0.006 -15"><span class='ocrx_word' id='word_1_691' title='bbox 1442 1866 1616 1912; x_wconf 88' lang='lat' dir='ltr'>voluerit,</span> <span class='ocrx_word' id='word_1_692' title='bbox 1637 1866 1703 1903; x_wconf 92' lang='lat' dir='ltr'>sed</span> <span class='ocrx_word' id='word_1_693' title='bbox 1727 1865 1848 1913; x_wconf 90' lang='lat' dir='ltr'>magis</span> <span class='ocrx_word' id='word_1_694' title='bbox 1869 1866 2030 1903; x_wconf 91' lang='lat' dir='ltr'>debitori</span> <span class='ocrx_word' id='word_1_695' title='bbox 2048 1874 2089 1904; x_wconf 92' lang='lat' dir='ltr'>ut</span> <span class='ocrx_word' id='word_1_696' title='bbox 2108 1868 2171 1905; x_wconf 91' lang='lat' dir='ltr'>det</span> <span class='ocrx_word' id='word_1_697' title='bbox 2199 1880 2277 1917; x_wconf 92' lang='lat' dir='ltr'>quo</span> <span class='ocrx_word' id='word_1_698' title='bbox 2306 1869 2432 1907; x_wconf 86' lang='lat' dir='ltr'>minus</span> <span class='ocrx_word' id='word_1_699' title='bbox 2450 1870 2506 1908; x_wconf 89' lang='lat' dir='ltr'>in-</span> 
     </span>
     <span class='ocr_line' id='line_1_109' title="bbox 1444 1918 2504 1970; baseline 0.007 -16"><span class='ocrx_word' id='word_1_700' title='bbox 1444 1918 1614 1966; x_wconf 86' lang='lat' dir='ltr'>diguerit.</span> <span class='ocrx_word' id='word_1_701' title='bbox 1635 1940 1658 1946; x_wconf 99' lang='lat'>-</span> <span class='ocrx_word' id='word_1_702' title='bbox 1680 1919 1839 1965; x_wconf 83' lang='lat' dir='ltr'>Quarto,</span> <span class='ocrx_word' id='word_1_703' title='bbox 1861 1919 2015 1956; x_wconf 87' lang='lat' dir='ltr'>instituit</span> <span class='ocrx_word' id='word_1_704' title='bbox 2037 1921 2170 1969; x_wconf 94' lang='lat' dir='ltr'>quod&#39;</span> <span class='ocrx_word' id='word_1_705' title='bbox 2162 1933 2200 1958; x_wconf 89' lang='grc'>111</span> <span class='ocrx_word' id='word_1_706' title='bbox 2219 1921 2382 1970; x_wconf 90' lang='lat' dir='ltr'>septimo</span> <span class='ocrx_word' id='word_1_707' title='bbox 2402 1935 2504 1961; x_wconf 89' lang='lat' dir='ltr'>anno</span> 
     </span>
     <span class='ocr_line' id='line_1_110' title="bbox 1444 1971 2542 2020; baseline 0.005 -11"><span class='ocrx_word' id='word_1_708' title='bbox 1444 1971 1571 2009; x_wconf 92' lang='lat' dir='ltr'>debita</span> <span class='ocrx_word' id='word_1_709' title='bbox 1584 1972 1733 2020; x_wconf 90' lang='lat' dir='ltr'>penitus</span> <span class='ocrx_word' id='word_1_710' title='bbox 1753 1971 2072 2010; x_wconf 77' lang='lat' dir='ltr'>remitterentur*.</span> <span class='ocrx_word' id='word_1_711' title='bbox 2089 1974 2292 2011; x_wconf 90' lang='lat' dir='ltr'>Probabile</span> <span class='ocrx_word' id='word_1_712' title='bbox 2308 1975 2410 2013; x_wconf 89' lang='lat' dir='ltr'>enim</span> <span class='ocrx_word' id='word_1_713' title='bbox 2425 1983 2542 2014; x_wconf 91' lang='lat' dir='ltr'>erat</span> 
     </span>
     <span class='ocr_line' id='line_1_111' title="bbox 1442 2016 2545 2086; baseline 0.006 -26"><span class='ocrx_word' id='word_1_714' title='bbox 1442 2032 1483 2061; x_wconf 93' lang='lat' dir='ltr'>ut</span> <span class='ocrx_word' id='word_1_715' title='bbox 1502 2025 1551 2060; x_wconf 91' lang='lat' dir='ltr'>illi</span> <span class='ocrx_word' id='word_1_716' title='bbox 1571 2024 1634 2073; x_wconf 90' lang='lat' dir='ltr'>qui</span> <span class='ocrx_word' id='word_1_717' title='bbox 1663 2024 1869 2061; x_wconf 91' lang='lat' dir='ltr'>commode</span> <span class='ocrx_word' id='word_1_718' title='bbox 1894 2025 2052 2063; x_wconf 91' lang='lat' dir='ltr'>reddere</span> <span class='ocrx_word' id='word_1_719' title='bbox 2080 2034 2249 2086; x_wconf 82' lang='lat' dir='ltr'>possent,</span> <span class='ocrx_word' id='word_1_720' title='bbox 2278 2035 2365 2069; x_wconf 86' lang='lat' dir='ltr'>ante</span> <span class='ocrx_word' id='word_1_721' title='bbox 2392 2016 2545 2078; x_wconf 83' lang='lat' dir='ltr'>septi-</span> 
     </span>
     <span class='ocr_line' id='line_1_112' title="bbox 1442 2077 2504 2126; baseline 0.007 -13"><span class='ocrx_word' id='word_1_722' title='bbox 1442 2089 1550 2114; x_wconf 90' lang='lat' dir='ltr'>mum</span> <span class='ocrx_word' id='word_1_723' title='bbox 1580 2090 1722 2114; x_wconf 90' lang='lat' dir='ltr'>annum</span> <span class='ocrx_word' id='word_1_724' title='bbox 1747 2077 1962 2126; x_wconf 88' lang='lat' dir='ltr'>redderent,</span> <span class='ocrx_word' id='word_1_725' title='bbox 1982 2087 2018 2116; x_wconf 91' lang='lat' dir='ltr'>et</span> <span class='ocrx_word' id='word_1_726' title='bbox 2035 2079 2147 2126; x_wconf 84' lang='lat' dir='ltr'>gratis</span> <span class='ocrx_word' id='word_1_727' title='bbox 2166 2088 2406 2119; x_wconf 88' lang='lat' dir='ltr'>mutuantem</span> <span class='ocrx_word' id='word_1_728' title='bbox 2426 2094 2504 2120; x_wconf 88' lang='lat' dir='ltr'>non</span> 
     </span>
     <span class='ocr_line' id='line_1_113' title="bbox 1443 2130 2503 2184; baseline 0.007 -18"><span class='ocrx_word' id='word_1_729' title='bbox 1443 2130 1719 2168; x_wconf 89' lang='lat' dir='ltr'>defraudarent.</span> <span class='ocrx_word' id='word_1_730' title='bbox 1742 2131 1782 2167; x_wconf 92' lang='lat' dir='ltr'>Si</span> <span class='ocrx_word' id='word_1_731' title='bbox 1797 2138 1924 2168; x_wconf 91' lang='lat' dir='ltr'>autem</span> <span class='ocrx_word' id='word_1_732' title='bbox 1941 2131 2098 2169; x_wconf 89' lang='lat' dir='ltr'>omnino</span> <span class='ocrx_word' id='word_1_733' title='bbox 2118 2132 2348 2182; x_wconf 89' lang='lat' dir='ltr'>impotentes</span> <span class='ocrx_word' id='word_1_734' title='bbox 2368 2142 2503 2184; x_wconf 88' lang='lat' dir='ltr'>essent,</span> 
     </span>
     <span class='ocr_line' id='line_1_114' title="bbox 1443 2183 2503 2225; baseline 0.007 -6"><span class='ocrx_word' id='word_1_735' title='bbox 1443 2183 1579 2220; x_wconf 90' lang='lat' dir='ltr'>eadem</span> <span class='ocrx_word' id='word_1_736' title='bbox 1609 2184 1761 2220; x_wconf 89' lang='lat' dir='ltr'>ratione</span> <span class='ocrx_word' id='word_1_737' title='bbox 1773 2183 1826 2220; x_wconf 90' lang='grc'>813</span> <span class='ocrx_word' id='word_1_738' title='bbox 1846 2191 1926 2220; x_wconf 89' lang='lat' dir='ltr'>erat</span> <span class='ocrx_word' id='word_1_739' title='bbox 1944 2185 2116 2222; x_wconf 90' lang='lat' dir='ltr'>debitum</span> <span class='ocrx_word' id='word_1_740' title='bbox 2134 2186 2405 2225; x_wconf 91' lang='lat' dir='ltr'>remittendum</span> <span class='ocrx_word' id='word_1_741' title='bbox 2425 2200 2471 2225; x_wconf 87' lang='lat' dir='ltr'>ex</span> <span class='ocrx_word' id='word_1_742' title='bbox 2489 2193 2503 2218; x_wconf 76' lang='grc' dir='ltr'><strong>Ρ</strong></span> 
     </span>
     <span class='ocr_line' id='line_1_115' title="bbox 1443 2236 2503 2285; baseline 0.005 -11"><span class='ocrx_word' id='word_1_743' title='bbox 1443 2236 1654 2284; x_wconf 90' lang='lat' dir='ltr'>dilectione,</span> <span class='ocrx_word' id='word_1_744' title='bbox 1684 2249 1759 2285; x_wconf 92' lang='lat' dir='ltr'>qua</span> <span class='ocrx_word' id='word_1_745' title='bbox 1789 2237 1902 2274; x_wconf 89' lang='lat' dir='ltr'>etiam</span> <span class='ocrx_word' id='word_1_746' title='bbox 1930 2245 2010 2275; x_wconf 91' lang='lat' dir='ltr'>erat</span> <span class='ocrx_word' id='word_1_747' title='bbox 2040 2237 2092 2275; x_wconf 93' lang='lat' dir='ltr'>eis</span> <span class='ocrx_word' id='word_1_748' title='bbox 2121 2239 2170 2276; x_wconf 93' lang='lat' dir='ltr'>de</span> <span class='ocrx_word' id='word_1_749' title='bbox 2197 2251 2302 2277; x_wconf 91' lang='lat' dir='ltr'>novo</span> <span class='ocrx_word' id='word_1_750' title='bbox 2332 2240 2503 2279; x_wconf 86' lang='lat' dir='ltr'>dandum</span> 
     </span>
     <span class='ocr_line' id='line_1_116' title="bbox 1442 2289 2506 2338; baseline 0.007 -13"><span class='ocrx_word' id='word_1_751' title='bbox 1442 2297 1597 2338; x_wconf 89' lang='lat' dir='ltr'>propter</span> <span class='ocrx_word' id='word_1_752' title='bbox 1631 2289 1888 2337; x_wconf 89' lang='lat' dir='ltr'>indigentiam.</span> <span class='ocrx_word' id='word_1_753' title='bbox 1911 2311 1935 2318; x_wconf 93' lang='lat'><em>-</em></span> <span class='ocrx_word' id='word_1_754' title='bbox 1956 2290 2066 2327; x_wconf 91' lang='lat' dir='ltr'>Circa</span> <span class='ocrx_word' id='word_1_755' title='bbox 2093 2291 2271 2330; x_wconf 91' lang='lat' dir='ltr'>animalia</span> <span class='ocrx_word' id='word_1_756' title='bbox 2296 2305 2392 2331; x_wconf 89' lang='lat' dir='ltr'>vero</span> <span class='ocrx_word' id='word_1_757' title='bbox 2420 2306 2506 2332; x_wconf 87' lang='lat' dir='ltr'>mu-</span> 
     </span>
     <span class='ocr_line' id='line_1_117' title="bbox 1441 2343 2506 2406; baseline 0.007 -28"><span class='ocrx_word' id='word_1_758' title='bbox 1441 2350 1543 2379; x_wconf 90' lang='lat' dir='ltr'>tuata</span> <span class='ocrx_word' id='word_1_759' title='bbox 1558 2343 1652 2378; x_wconf 92' lang='lat' dir='ltr'>haec</span> <span class='ocrx_word' id='word_1_760' title='bbox 1666 2343 1725 2379; x_wconf 91' lang='lat' dir='ltr'>lex</span> <span class='ocrx_word' id='word_1_761' title='bbox 1740 2343 1904 2389; x_wconf 78' lang='lat' dir='ltr'>statuit*‚</span> <span class='ocrx_word' id='word_1_762' title='bbox 1920 2351 1962 2380; x_wconf 92' lang='lat' dir='ltr'>ut</span> <span class='ocrx_word' id='word_1_763' title='bbox 1959 2351 2131 2403; x_wconf 73' lang='lat' dir='ltr'>propter</span> <span class='ocrx_word' id='word_1_764' title='bbox 2144 2345 2407 2406; x_wconf 85' lang='lat' dir='ltr'>negligentiam</span> <span class='ocrx_word' id='word_1_765' title='bbox 2424 2347 2506 2385; x_wconf 84' lang='lat' dir='ltr'>eius</span> 
     </span>
     <span class='ocr_line' id='line_1_118' title="bbox 1443 2395 2506 2445; baseline 0.006 -14"><span class='ocrx_word' id='word_1_766' title='bbox 1443 2395 1503 2432; x_wconf 92' lang='lat' dir='ltr'>cui</span> <span class='ocrx_word' id='word_1_767' title='bbox 1522 2403 1691 2432; x_wconf 86' lang='lat' dir='ltr'>mutuata</span> <span class='ocrx_word' id='word_1_768' title='bbox 1711 2403 1808 2442; x_wconf 86' lang='lat' dir='ltr'>sunt,</span> <span class='ocrx_word' id='word_1_769' title='bbox 1833 2396 1864 2432; x_wconf 90' lang='grc'>31</span> <span class='ocrx_word' id='word_1_770' title='bbox 1891 2396 1930 2432; x_wconf 87' lang='grc'>111</span> <span class='ocrx_word' id='word_1_771' title='bbox 1957 2396 2074 2445; x_wconf 89' lang='lat' dir='ltr'>ipsius</span> <span class='ocrx_word' id='word_1_772' title='bbox 2103 2398 2274 2435; x_wconf 90' lang='lat' dir='ltr'>absentia</span> <span class='ocrx_word' id='word_1_773' title='bbox 2293 2399 2506 2438; x_wconf 89' lang='lat' dir='ltr'>moriantur</span> 
     </span>
     <span class='ocr_line' id='line_1_119' title="bbox 1441 2448 2503 2499; baseline 0.004 -13"><span class='ocrx_word' id='word_1_774' title='bbox 1441 2449 1504 2486; x_wconf 89' lang='lat' dir='ltr'>vel</span> <span class='ocrx_word' id='word_1_775' title='bbox 1523 2448 1772 2495; x_wconf 90' lang='lat' dir='ltr'>debilitentur,</span> <span class='ocrx_word' id='word_1_776' title='bbox 1794 2449 1952 2486; x_wconf 89' lang='lat' dir='ltr'>reddere</span> <span class='ocrx_word' id='word_1_777' title='bbox 1981 2462 2025 2486; x_wconf 94' lang='lat' dir='ltr'>ea</span> <span class='ocrx_word' id='word_1_778' title='bbox 2054 2451 2314 2499; x_wconf 87' lang='lat' dir='ltr'>compellatur.</span> <span class='ocrx_word' id='word_1_779' title='bbox 2345 2452 2385 2489; x_wconf 92' lang='lat' dir='ltr'>Si</span> <span class='ocrx_word' id='word_1_780' title='bbox 2409 2465 2503 2490; x_wconf 89' lang='lat' dir='ltr'>vero</span> 
     </span>
     <span class='ocr_line' id='line_1_120' title="bbox 1443 2501 2503 2551; baseline 0.006 -14"><span class='ocrx_word' id='word_1_781' title='bbox 1443 2514 1489 2538; x_wconf 93' lang='lat' dir='ltr'>eo</span> <span class='ocrx_word' id='word_1_782' title='bbox 1509 2509 1707 2550; x_wconf 90' lang='lat' dir='ltr'>praesente</span> <span class='ocrx_word' id='word_1_783' title='bbox 1728 2509 1765 2538; x_wconf 90' lang='lat' dir='ltr'>et</span> <span class='ocrx_word' id='word_1_784' title='bbox 1783 2501 1978 2550; x_wconf 88' lang='lat' dir='ltr'>diligenter</span> <span class='ocrx_word' id='word_1_785' title='bbox 1992 2503 2239 2551; x_wconf 88' lang='lat' dir='ltr'>custodiente,</span> <span class='ocrx_word' id='word_1_786' title='bbox 2255 2513 2407 2542; x_wconf 87' lang='lat' dir='ltr'>mortua</span> <span class='ocrx_word' id='word_1_787' title='bbox 2425 2506 2503 2542; x_wconf 88' lang='lat' dir='ltr'>fue—</span> 
     </span>
     <span class='ocr_line' id='line_1_121' title="bbox 1442 2553 2505 2606; baseline 0.006 -16"><span class='ocrx_word' id='word_1_788' title='bbox 1442 2554 1513 2591; x_wconf 89' lang='lat' dir='ltr'>rint</span> <span class='ocrx_word' id='word_1_789' title='bbox 1540 2555 1602 2590; x_wconf 92' lang='lat' dir='ltr'>vel</span> <span class='ocrx_word' id='word_1_790' title='bbox 1632 2554 1842 2601; x_wconf 88' lang='lat' dir='ltr'>debilitata,</span> <span class='ocrx_word' id='word_1_791' title='bbox 1871 2567 1948 2591; x_wconf 90' lang='lat' dir='ltr'>non</span> <span class='ocrx_word' id='word_1_792' title='bbox 1977 2553 2190 2606; x_wconf 55' lang='lat' dir='ltr'>flcogebatur</span> <span class='ocrx_word' id='word_1_793' title='bbox 2222 2557 2437 2605; x_wconf 83' lang='lat' dir='ltr'>restituere,</span> <span class='ocrx_word' id='word_1_794' title='bbox 2467 2567 2505 2596; x_wconf 88' lang='lat' dir='ltr'>et</span> 
     </span>
     <span class='ocr_line' id='line_1_122' title="bbox 1441 2607 2501 2657; baseline 0.006 -14"><span class='ocrx_word' id='word_1_795' title='bbox 1441 2607 1606 2644; x_wconf 88' lang='lat' dir='ltr'>maxime</span> <span class='ocrx_word' id='word_1_796' title='bbox 1626 2607 1656 2643; x_wconf 91' lang='lat' dir='ltr'>si</span> <span class='ocrx_word' id='word_1_797' title='bbox 1676 2615 1782 2644; x_wconf 89' lang='lat' dir='ltr'>erant</span> <span class='ocrx_word' id='word_1_798' title='bbox 1795 2608 1972 2644; x_wconf 89' lang='lat' dir='ltr'>mercede</span> <span class='ocrx_word' id='word_1_799' title='bbox 1989 2609 2194 2646; x_wconf 91' lang='lat' dir='ltr'>conducta:</span> <span class='ocrx_word' id='word_1_800' title='bbox 2215 2610 2304 2657; x_wconf 89' lang='lat' dir='ltr'>quia</span> <span class='ocrx_word' id='word_1_801' title='bbox 2324 2611 2374 2647; x_wconf 91' lang='lat' dir='ltr'>ita</span> <span class='ocrx_word' id='word_1_802' title='bbox 2390 2611 2501 2649; x_wconf 90' lang='lat' dir='ltr'>etiam</span> 
     </span>
     <span class='ocr_line' id='line_1_123' title="bbox 1441 2660 2502 2710; baseline 0.006 -15"><span class='ocrx_word' id='word_1_803' title='bbox 1441 2660 1652 2709; x_wconf 88' lang='lat' dir='ltr'>potuissent</span> <span class='ocrx_word' id='word_1_804' title='bbox 1680 2660 1779 2696; x_wconf 91' lang='lat' dir='ltr'>mori</span> <span class='ocrx_word' id='word_1_805' title='bbox 1807 2667 1844 2697; x_wconf 90' lang='lat' dir='ltr'>et</span> <span class='ocrx_word' id='word_1_806' title='bbox 1871 2660 2054 2698; x_wconf 89' lang='lat' dir='ltr'>debilitari</span> <span class='ocrx_word' id='word_1_807' title='bbox 2083 2662 2184 2710; x_wconf 87' lang='lat' dir='ltr'>apud</span> <span class='ocrx_word' id='word_1_808' title='bbox 2209 2670 2448 2701; x_wconf 87' lang='lat' dir='ltr'>mutuantem</span> <span class='ocrx_word' id='word_1_809' title='bbox 2467 2670 2502 2710; x_wconf 80' lang='lat'>⁶;</span> 
     </span>
     <span class='ocr_line' id='line_1_124' title="bbox 1442 2713 2502 2765; baseline 0.005 -16"><span class='ocrx_word' id='word_1_810' title='bbox 1442 2721 1479 2750; x_wconf 95' lang='lat' dir='ltr'>et</span> <span class='ocrx_word' id='word_1_811' title='bbox 1498 2713 1560 2760; x_wconf 91' lang='lat' dir='ltr'>ita,</span> <span class='ocrx_word' id='word_1_812' title='bbox 1582 2713 1612 2749; x_wconf 92' lang='lat' dir='ltr'>si</span> <span class='ocrx_word' id='word_1_813' title='bbox 1632 2713 1964 2750; x_wconf 89' lang='lat' dir='ltr'>conservationem</span> <span class='ocrx_word' id='word_1_814' title='bbox 1993 2713 2165 2752; x_wconf 86' lang='lat' dir='ltr'>animalis</span> <span class='ocrx_word' id='word_1_815' title='bbox 2194 2725 2502 2765; x_wconf 88' lang='lat' dir='ltr'>consequeretur,</span> 
     </span>
     <span class='ocr_line' id='line_1_125' title="bbox 1441 2765 2502 2816; baseline 0.006 -15"><span class='ocrx_word' id='word_1_816' title='bbox 1441 2766 1517 2802; x_wconf 91' lang='lat' dir='ltr'>iam</span> <span class='ocrx_word' id='word_1_817' title='bbox 1547 2765 1700 2814; x_wconf 90' lang='lat' dir='ltr'>aliquod</span> <span class='ocrx_word' id='word_1_818' title='bbox 1733 2767 1879 2803; x_wconf 88' lang='lat' dir='ltr'>lucrum</span> <span class='ocrx_word' id='word_1_819' title='bbox 1909 2774 2117 2815; x_wconf 88' lang='lat' dir='ltr'>reportaret</span> <span class='ocrx_word' id='word_1_820' title='bbox 2136 2779 2181 2805; x_wconf 90' lang='lat' dir='ltr'>ex</span> <span class='ocrx_word' id='word_1_821' title='bbox 2201 2776 2348 2816; x_wconf 89' lang='lat' dir='ltr'>mutu0,</span> <span class='ocrx_word' id='word_1_822' title='bbox 2370 2778 2406 2807; x_wconf 91' lang='lat' dir='ltr'>et</span> <span class='ocrx_word' id='word_1_823' title='bbox 2424 2782 2502 2808; x_wconf 89' lang='lat' dir='ltr'>non</span> 
     </span>
     <span class='ocr_line' id='line_1_126' title="bbox 1442 2819 2504 2866; baseline 0.006 -12"><span class='ocrx_word' id='word_1_824' title='bbox 1442 2826 1540 2855; x_wconf 91' lang='lat' dir='ltr'>esset</span> <span class='ocrx_word' id='word_1_825' title='bbox 1567 2819 1767 2866; x_wconf 90' lang='lat' dir='ltr'>gratuitum</span> <span class='ocrx_word' id='word_1_826' title='bbox 1797 2826 1987 2856; x_wconf 90' lang='lat' dir='ltr'>mutuum.</span> <span class='ocrx_word' id='word_1_827' title='bbox 2018 2821 2067 2857; x_wconf 90' lang='lat' dir='ltr'>Et</span> <span class='ocrx_word' id='word_1_828' title='bbox 2093 2821 2257 2858; x_wconf 87' lang='lat' dir='ltr'>maxime</span> <span class='ocrx_word' id='word_1_829' title='bbox 2281 2823 2356 2859; x_wconf 92' lang='lat' dir='ltr'>hoc</span> <span class='ocrx_word' id='word_1_830' title='bbox 2375 2823 2504 2860; x_wconf 89' lang='lat' dir='ltr'>obser-</span> 
     </span>
     <span class='ocr_line' id='line_1_127' title="bbox 1440 2871 2502 2923; baseline 0.006 -16"><span class='ocrx_word' id='word_1_831' title='bbox 1440 2871 1611 2908; x_wconf 89' lang='lat' dir='ltr'>vandum</span> <span class='ocrx_word' id='word_1_832' title='bbox 1633 2879 1712 2908; x_wconf 92' lang='lat' dir='ltr'>erat</span> <span class='ocrx_word' id='word_1_833' title='bbox 1726 2873 1882 2919; x_wconf 88' lang='lat' dir='ltr'>quando</span> <span class='ocrx_word' id='word_1_834' title='bbox 1892 2871 2076 2923; x_wconf 67' lang='lat' dir='ltr'>[animalia</span> <span class='ocrx_word' id='word_1_835' title='bbox 2096 2882 2202 2911; x_wconf 88' lang='lat' dir='ltr'>erant</span> <span class='ocrx_word' id='word_1_836' title='bbox 2220 2875 2397 2912; x_wconf 90' lang='lat' dir='ltr'>mercede</span> <span class='ocrx_word' id='word_1_837' title='bbox 2413 2888 2502 2913; x_wconf 89' lang='lat' dir='ltr'>con·</span> 
     </span>
     <span class='ocr_line' id='line_1_128' title="bbox 1442 2924 2503 2977; baseline 0.006 -17"><span class='ocrx_word' id='word_1_838' title='bbox 1442 2925 1573 2961; x_wconf 90' lang='lat' dir='ltr'>ducta:</span> <span class='ocrx_word' id='word_1_839' title='bbox 1594 2924 1683 2973; x_wconf 91' lang='lat' dir='ltr'>quia</span> <span class='ocrx_word' id='word_1_840' title='bbox 1701 2932 1791 2961; x_wconf 90' lang='lat' dir='ltr'>tunc</span> <span class='ocrx_word' id='word_1_841' title='bbox 1810 2925 1976 2962; x_wconf 87' lang='lat' dir='ltr'>habebat</span> <span class='ocrx_word' id='word_1_842' title='bbox 1996 2933 2140 2963; x_wconf 89' lang='lat' dir='ltr'>certum</span> <span class='ocrx_word' id='word_1_843' title='bbox 2159 2927 2323 2976; x_wconf 87' lang='lat' dir='ltr'>pretium</span> <span class='ocrx_word' id='word_1_844' title='bbox 2342 2940 2413 2977; x_wconf 94' lang='lat' dir='ltr'>pro</span> <span class='ocrx_word' id='word_1_845' title='bbox 2430 2940 2503 2966; x_wconf 90' lang='lat' dir='ltr'>usu</span> 
     </span>
     <span class='ocr_line' id='line_1_129' title="bbox 1442 2977 2503 3029; baseline 0.006 -16"><span class='ocrx_word' id='word_1_846' title='bbox 1442 2977 1677 3023; x_wconf 83' lang='lat' dir='ltr'>animalium3</span> <span class='ocrx_word' id='word_1_847' title='bbox 1707 2977 1808 3014; x_wconf 90' lang='lat' dir='ltr'>unde</span> <span class='ocrx_word' id='word_1_848' title='bbox 1833 2977 1922 3014; x_wconf 87' lang='lat' dir='ltr'>nihil</span> <span class='ocrx_word' id='word_1_849' title='bbox 1941 2990 2156 3016; x_wconf 91' lang='lat' dir='ltr'>accrescere</span> <span class='ocrx_word' id='word_1_850' title='bbox 2177 2980 2342 3018; x_wconf 86' lang='lat' dir='ltr'>debebat</span> <span class='ocrx_word' id='word_1_851' title='bbox 2359 2993 2429 3029; x_wconf 91' lang='lat' dir='ltr'>per</span> <span class='ocrx_word' id='word_1_852' title='bbox 2448 2994 2503 3018; x_wconf 89' lang='lat' dir='ltr'>re-</span> 
     </span>
     <span class='ocr_line' id='line_1_130' title="bbox 1442 3030 2502 3082; baseline 0.006 -16"><span class='ocrx_word' id='word_1_853' title='bbox 1442 3030 1674 3067; x_wconf 90' lang='lat' dir='ltr'>stitutionem</span> <span class='ocrx_word' id='word_1_854' title='bbox 1702 3030 1935 3077; x_wconf 89' lang='lat' dir='ltr'>animalium,</span> <span class='ocrx_word' id='word_1_855' title='bbox 1955 3031 2027 3068; x_wconf 89' lang='lat' dir='ltr'>nisi</span> <span class='ocrx_word' id='word_1_856' title='bbox 2054 3040 2211 3081; x_wconf 90' lang='lat' dir='ltr'>propter</span> <span class='ocrx_word' id='word_1_857' title='bbox 2238 3033 2502 3082; x_wconf 88' lang='lat' dir='ltr'>negligentiam</span> 
     </span>
     <span class='ocr_line' id='line_1_131' title="bbox 1443 3083 2504 3125; baseline 0.006 -6"><span class='ocrx_word' id='word_1_858' title='bbox 1443 3083 1698 3119; x_wconf 92' lang='lat' dir='ltr'>custodientis.</span> <span class='ocrx_word' id='word_1_859' title='bbox 1729 3083 1769 3120; x_wconf 90' lang='lat' dir='ltr'>Si</span> <span class='ocrx_word' id='word_1_860' title='bbox 1798 3091 1926 3120; x_wconf 87' lang='lat' dir='ltr'>autem</span> <span class='ocrx_word' id='word_1_861' title='bbox 1956 3096 2034 3121; x_wconf 92' lang='lat' dir='ltr'>non</span> <span class='ocrx_word' id='word_1_862' title='bbox 2064 3093 2189 3124; x_wconf 88' lang='lat' dir='ltr'>essent</span> <span class='ocrx_word' id='word_1_863' title='bbox 2215 3087 2393 3124; x_wconf 86' lang='lat' dir='ltr'>mercede</span> <span class='ocrx_word' id='word_1_864' title='bbox 2405 3099 2504 3125; x_wconf 74' lang='lat' dir='ltr'>‘con-</span> 
     </span>
     <span class='ocr_line' id='line_1_132' title="bbox 1442 3136 2504 3188; baseline 0.005 -16"><span class='ocrx_word' id='word_1_865' title='bbox 1442 3136 1573 3182; x_wconf 90' lang='lat' dir='ltr'>ducta,</span> <span class='ocrx_word' id='word_1_866' title='bbox 1603 3136 1787 3184; x_wconf 87' lang='lat' dir='ltr'>potuisset</span> <span class='ocrx_word' id='word_1_867' title='bbox 1823 3137 1964 3173; x_wconf 91' lang='lat' dir='ltr'>habere</span> <span class='ocrx_word' id='word_1_868' title='bbox 1997 3137 2162 3186; x_wconf 89' lang='lat' dir='ltr'>aliquam</span> <span class='ocrx_word' id='word_1_869' title='bbox 2199 3139 2429 3188; x_wconf 85' lang='lat' dir='ltr'>aequitatem</span> <span class='ocrx_word' id='word_1_870' title='bbox 2462 3147 2504 3177; x_wconf 88' lang='lat' dir='ltr'>ut</span> 
     </span>
     <span class='ocr_line' id='line_1_133' title="bbox 1442 3189 2502 3239; baseline 0.005 -14"><span class='ocrx_word' id='word_1_871' title='bbox 1442 3189 1574 3225; x_wconf 89' lang='lat' dir='ltr'>saltem</span> <span class='ocrx_word' id='word_1_872' title='bbox 1598 3196 1744 3225; x_wconf 89' lang='lat' dir='ltr'>tantum</span> <span class='ocrx_word' id='word_1_873' title='bbox 1768 3189 1978 3226; x_wconf 89' lang='lat' dir='ltr'>restitueret</span> <span class='ocrx_word' id='word_1_874' title='bbox 2001 3199 2186 3239; x_wconf 89' lang='lat' dir='ltr'>quantum</span> <span class='ocrx_word' id='word_1_875' title='bbox 2212 3204 2304 3229; x_wconf 91' lang='lat' dir='ltr'>usus</span> <span class='ocrx_word' id='word_1_876' title='bbox 2332 3192 2502 3230; x_wconf 84' lang='lat' dir='ltr'>animalis</span> 
     </span>
     <span class='ocr_line' id='line_1_134' title="bbox 1442 3242 2292 3292; baseline 0.006 -15"><span class='ocrx_word' id='word_1_877' title='bbox 1442 3242 1581 3278; x_wconf 90' lang='lat' dir='ltr'>mortui</span> <span class='ocrx_word' id='word_1_878' title='bbox 1609 3243 1671 3278; x_wconf 86' lang='lat' dir='ltr'>vel</span> <span class='ocrx_word' id='word_1_879' title='bbox 1701 3242 1879 3279; x_wconf 88' lang='lat' dir='ltr'>debilitati</span> <span class='ocrx_word' id='word_1_880' title='bbox 1908 3243 2069 3281; x_wconf 91' lang='lat' dir='ltr'>conduci</span> <span class='ocrx_word' id='word_1_881' title='bbox 2097 3245 2292 3292; x_wconf 89' lang='lat' dir='ltr'>potuisset.</span> 
     </span>
    </p>
   </div>
   <div class='ocr_carea' id='block_1_19' title="bbox 1440 3364 2499 3539">
    <p class='ocr_par' dir='ltr' id='par_1_26' title="bbox 1440 3364 2499 3539">
     <span class='ocr_line' id='line_1_135' title="bbox 1494 3364 2499 3398; baseline 0.003 -9"><span class='ocrx_word' id='word_1_882' title='bbox 1494 3364 1520 3398; x_wconf 85' lang='lat' dir='ltr'>o)</span> <span class='ocrx_word' id='word_1_883' title='bbox 1539 3368 1741 3390; x_wconf 77' lang='lat' dir='ltr'>construuntur.</span> <span class='ocrx_word' id='word_1_884' title='bbox 1752 3380 1770 3385; x_wconf 93' lang='lat'>—</span> <span class='ocrx_word' id='word_1_885' title='bbox 1782 3366 1954 3391; x_wconf 80' lang='lat' dir='ltr'>constituitur</span> <span class='ocrx_word' id='word_1_886' title='bbox 1968 3367 1999 3397; x_wconf 82' lang='lat' dir='ltr'>A,</span> <span class='ocrx_word' id='word_1_887' title='bbox 2017 3367 2218 3392; x_wconf 77' lang='lat' dir='ltr'>constituuntur</span> <span class='ocrx_word' id='word_1_888' title='bbox 2236 3367 2308 3392; x_wconf 85' lang='lat' dir='ltr'>PHa.</span> <span class='ocrx_word' id='word_1_889' title='bbox 2322 3381 2338 3385; x_wconf 99' lang='lat'>-</span> <span class='ocrx_word' id='word_1_890' title='bbox 2352 3366 2389 3391; x_wconf 83' lang='lat' dir='ltr'>ad</span> <span class='ocrx_word' id='word_1_891' title='bbox 2401 3367 2499 3392; x_wconf 85' lang='lat' dir='ltr'>cultum</span> 
     </span>
     <span class='ocr_line' id='line_1_136' title="bbox 1440 3401 2441 3469; baseline 0.001 -9"><span class='ocrx_word' id='word_1_892' title='bbox 1440 3404 1467 3425; x_wconf 61' lang='lat' dir='ltr'>et</span> <span class='ocrx_word' id='word_1_893' title='bbox 1484 3401 1653 3469; x_wconf 36' lang='lat' dir='ltr'>‘&#39;gazm—</span> <span class='ocrx_word' id='word_1_894' title='bbox 1672 3436 1732 3461; x_wconf 91' lang='lat' dir='ltr'>Om.</span> <span class='ocrx_word' id='word_1_895' title='bbox 1752 3436 1779 3461; x_wconf 81' lang='lat' dir='ltr'>P.</span> <span class='ocrx_word' id='word_1_896' title='bbox 1792 3450 1811 3455; x_wconf 91' lang='lat'>-</span> <span class='ocrx_word' id='word_1_897' title='bbox 1830 3437 1880 3461; x_wconf 81' lang='lat' dir='ltr'>Pro</span> <span class='ocrx_word' id='word_1_898' title='bbox 1900 3440 2048 3469; x_wconf 76' lang='lat' dir='ltr'>utrumque,</span> <span class='ocrx_word' id='word_1_899' title='bbox 2069 3440 2208 3469; x_wconf 79' lang='lat' dir='ltr'>utramque</span> <span class='ocrx_word' id='word_1_900' title='bbox 2226 3436 2441 3461; x_wconf 83' lang='lat' dir='ltr'>ABCDEFGHL.</span> 
     </span>
     <span class='ocr_line' id='line_1_137' title="bbox 1494 3471 2231 3539; baseline 0 -8"><span class='ocrx_word' id='word_1_901' title='bbox 1494 3471 1520 3539; x_wconf 49' lang='grc' dir='ltr'>τῳ)</span> <span class='ocrx_word' id='word_1_902' title='bbox 1539 3471 1747 3531; x_wconf 42' lang='grc' dir='ltr'>ἵιὲἰιῑαῗιαιεξιῗζ</span> <span class='ocrx_word' id='word_1_903' title='bbox 1764 3509 1988 3532; x_wconf 75' lang='lat' dir='ltr'>commutuantem</span> <span class='ocrx_word' id='word_1_904' title='bbox 2007 3506 2231 3531; x_wconf 77' lang='lat' dir='ltr'>ABCDEFGHIL.</span> 
     </span>
    </p>
   </div>
   <div class='ocr_carea' id='block_1_20' title="bbox 2541 776 2726 806">
    <p class='ocr_par' dir='ltr' id='par_1_27' title="bbox 2541 776 2726 806">
     <span class='ocr_line' id='line_1_138' title="bbox 2541 776 2726 806; baseline 0.013 -9.327"><span class='ocrx_word' id='word_1_905' title='bbox 2541 776 2633 798; x_wconf 76' lang='lat' dir='ltr'>*Vei-s.</span> <span class='ocrx_word' id='word_1_906' title='bbox 2648 783 2660 804; x_wconf 92' lang='lat'>7</span> <span class='ocrx_word' id='word_1_907' title='bbox 2675 784 2726 806; x_wconf 81' lang='lat' dir='ltr'>sqq.</span> 
     </span>
    </p>
   </div>
   <div class='ocr_carea' id='block_1_21' title="bbox 2562 986 2676 1015">
    <p class='ocr_par' dir='ltr' id='par_1_28' title="bbox 2562 986 2676 1015">
     <span class='ocr_line' id='line_1_139' title="bbox 2562 986 2676 1015; baseline 0.018 -7"><span class='ocrx_word' id='word_1_908' title='bbox 2562 986 2628 1009; x_wconf 66' lang='lat' dir='ltr'>Vero.</span> <span class='ocrx_word' id='word_1_909' title='bbox 2644 993 2676 1015; x_wconf 83' lang='lat'>¹9·</span> 
     </span>
    </p>
   </div>
   <div class='ocr_carea' id='block_1_22' title="bbox 2535 1144 2677 1168">
    <p class='ocr_par' dir='ltr' id='par_1_29' title="bbox 2535 1144 2677 1168">
     <span class='ocr_line' id='line_1_140' title="bbox 2535 1144 2677 1168; baseline 0.021 -3"><span class='ocrx_word' id='word_1_910' title='bbox 2535 1146 2544 1154; x_wconf 84' lang='grc'><em>·</em></span> <span class='ocrx_word' id='word_1_911' title='bbox 2561 1144 2628 1167; x_wconf 75' lang='lat' dir='ltr'>Vei-s.</span> <span class='ocrx_word' id='word_1_912' title='bbox 2641 1144 2677 1168; x_wconf 86' lang='lat'>26.</span> 
     </span>
    </p>
   </div>
   <div class='ocr_carea' id='block_1_23' title="bbox 2560 1303 2675 1332">
    <p class='ocr_par' dir='ltr' id='par_1_30' title="bbox 2560 1303 2675 1332">
     <span class='ocr_line' id='line_1_141' title="bbox 2560 1303 2675 1332; baseline 0.017 -8"><span class='ocrx_word' id='word_1_913' title='bbox 2560 1303 2626 1325; x_wconf 77' lang='lat' dir='ltr'>Vei-s.</span> <span class='ocrx_word' id='word_1_914' title='bbox 2642 1309 2675 1332; x_wconf 83' lang='lat'>²⁵·</span> 
     </span>
    </p>
   </div>
   <div class='ocr_carea' id='block_1_24' title="bbox 2562 1460 2718 1490">
    <p class='ocr_par' dir='ltr' id='par_1_31' title="bbox 2562 1460 2718 1490">
     <span class='ocr_line' id='line_1_142' title="bbox 2562 1460 2718 1490; baseline 0.013 -9"><span class='ocrx_word' id='word_1_915' title='bbox 2562 1460 2628 1483; x_wconf 75' lang='lat' dir='ltr'>Vei-s.</span> <span class='ocrx_word' id='word_1_916' title='bbox 2644 1467 2668 1483; x_wconf 84' lang='grc' dir='ltr'>ιο</span> <span class='ocrx_word' id='word_1_917' title='bbox 2683 1468 2718 1490; x_wconf 71' lang='lat' dir='ltr'>sq.</span> 
     </span>
    </p>
   </div>
   <div class='ocr_carea' id='block_1_25' title="bbox 2532 1960 2744 2039">
    <p class='ocr_par' dir='ltr' id='par_1_32' title="bbox 2532 1960 2744 2039">
     <span class='ocr_line' id='line_1_143' title="bbox 2532 1960 2744 2039; baseline 0 -33"><span class='ocrx_word' id='word_1_918' title='bbox 2532 1983 2626 2031; x_wconf 61' lang='lat' dir='ltr'>veDeut.</span> <span class='ocrx_word' id='word_1_919' title='bbox 2605 1960 2733 2039; x_wconf 31' lang='lat' dir='ltr'>thum·</span> <span class='ocrx_word' id='word_1_920' title='bbox 2705 1990 2744 2010; x_wconf 76' lang='lat' dir='ltr'>xv,</span> 
     </span>
    </p>
   </div>
   <div class='ocr_carea' id='block_1_26' title="bbox 2529 2353 2744 2382">
    <p class='ocr_par' dir='ltr' id='par_1_33' title="bbox 2529 2353 2744 2382">
     <span class='ocr_line' id='line_1_144' title="bbox 2529 2353 2744 2382; baseline 0.005 -7.114"><span class='ocrx_word' id='word_1_921' title='bbox 2529 2353 2629 2376; x_wconf 64' lang='grc' dir='ltr'>Ἐτοώ</span> <span class='ocrx_word' id='word_1_922' title='bbox 2631 2359 2683 2382; x_wconf 77' lang='grc' dir='ltr'><strong>οιρ.</strong></span> <span class='ocrx_word' id='word_1_923' title='bbox 2686 2360 2744 2381; x_wconf 81' lang='lat' dir='ltr'>xxn,</span> 
     </span>
    </p>
   </div>
   <div class='ocr_carea' id='block_1_27' title="bbox 2532 2385 2681 2408">
    <p class='ocr_par' dir='ltr' id='par_1_34' title="bbox 2532 2385 2681 2408">
     <span class='ocr_line' id='line_1_145' title="bbox 2532 2385 2681 2408; baseline 0 -6"><span class='ocrx_word' id='word_1_924' title='bbox 2532 2385 2681 2408; x_wconf 33' lang='lat' dir='ltr'>mereusq</span> 
     </span>
    </p>
   </div>
   <div class='ocr_carea' id='block_1_28' title="bbox 2834 2291 2840 2436">
    <p class='ocr_par' dir='ltr' id='par_1_35' title="bbox 2834 2291 2840 2436">
     <span class='ocr_line' id='line_1_146' title="bbox 2834 2291 2840 2326; baseline 0 -7"><span class='ocrx_word' id='word_1_925' title='bbox 2834 2291 2840 2326; x_wconf 62' lang='lat' dir='ltr'>t]</span> 
     </span>
     <span class='ocr_line' id='line_1_147' title="bbox 2837 2349 2840 2388; baseline 0 0"><span class='ocrx_word' id='word_1_926' title='bbox 2837 2349 2840 2388; x_wconf 68' lang='grc' dir='ltr'>ἔ</span> 
     </span>
     <span class='ocr_line' id='line_1_148' title="bbox 2836 2389 2840 2436; baseline 0 0"><span class='ocrx_word' id='word_1_927' title='bbox 2836 2389 2840 2436; x_wconf 73' lang='lat' dir='ltr'>l</span> 
     </span>
    </p>
   </div>
  </div>
 </body>
</html>
