2840 4010
336 147 412 193 264

1044 145 1308 192 QUAESTIO
1339 144 1418 190 cv,
1447 143 1742 180 ARTICULUS
1772 145 1802 180 11

1098 260 1415 303 ARTICULUS
1445 260 1743 303 SECUNDUS

560 357 714 388 UTRUM
739 354 1077 387 CONVENIENTER
1099 352 1288 384 FUERINT
1311 352 1507 384 TRADITA
1529 352 1785 384 PRAECEPTA
1810 351 2045 384 IUDICIALIA
2069 353 2287 390 QUANTUM

1102 397 1160 427 AD
1184 396 1464 427 POPULARIUM
1488 396 1747 428 CONVICTUM

475 513 501 537 ς
522 506 540 520 v
552 499 572 523 o
592 498 781 523 SECUNDUM
795 497 848 522 sm
865 496 1103 522 PROCEDrrUR.
1120 484 1279 521 Videtur
1293 485 1398 532 quod

475 536 527 604 ζζῗῖ»,
552 539 862 575 inconvenienter
889 538 1026 574 fuerint
1043 537 1178 574 tradita
1196 545 1399 587 praecepta

371 623 380 638 Α
374 570 414 634 V
498 588 736 632 (iudicialia
755 597 940 639 quantum
955 590 1004 627 ad
1017 590 1260 639 popularium
1271 596 1289 612 α
1309 603 1398 628 con-

374 594 519 675 c⁶⁴3³)
506 634 538 678 Χ
551 643 707 680 victum.
728 644 820 680 Non
840 643 941 679 enirn
961 650 1121 692 possunt
1137 643 1314 680 homines
1333 655 1399 692 pa-

341 696 446 733 cifice
465 695 594 732 vivere
613 697 661 732 ad
681 696 859 743 invicem,
880 696 911 732 si
929 707 1029 732 unus
1048 696 1207 745 accipiat
1235 708 1280 732 ea
1299 708 1398 745 quae

340 755 426 785 sunt
453 748 612 785 alterius.
635 749 711 785 Sed
740 750 814 785 hoc
841 748 991 786 videtur
1019 761 1102 786 esse
1134 749 1332 786 inductum
1359 749 1398 786 in

339 801 439 848 lege:
463 801 596 838 dicitur
615 802 717 838 enim
737 803 845 838 Deut.
866 813 951 839 xxm
972 803 1008 839 *ε
1030 800 1230 852 Ingressus
1249 802 1398 839 vineam

335 853 508 901 proximi
533 854 596 900 tui,
617 855 768 892 comede
796 866 889 892 uvas
907 860 1088 903 quantum
1108 855 1182 891 *tibi
1202 854 1398 902 placuerit.

342 906 443 958 Ergo
471 907 530 942 lex
558 914 668 944 vetus
686 919 765 945 non
794 907 1067 945 convenienter
1086 907 1313 956 providebat
1330 908 1399 944 ho-

339 970 487 995 minum
515 970 609 1008 paci.

394 1023 429 1048 2.
449 1013 681 1060 PRAETEREA,
704 1025 748 1049 ex
775 1013 850 1050 hoc
878 1013 1041 1050 maxime
1063 1014 1203 1050 multae
1232 1013 1399 1050 civitates

342 1071 378 1100 et
405 1076 520 1112 regna
549 1065 802 1124 destruuntur,
824 1066 930 1114 quod
952 1066 1212 1115 possessiones
1241 1066 1289 1103 ad
1316 1078 1399 1102 mu-

341 1116 449 1154 lieres
477 1118 712 1166 perveniunt,
739 1126 780 1155 ut
807 1118 1061 1167 Philosophus
1089 1119 1189 1166 dicit,
1210 1119 1247 1155 in
1276 1120 1399 1155 11P0-

104 1177 287 1225 ὲςῑιιῗῇ-Ιναιαιι-ιι
264 1207 295 1223 x
304 1170 391 1206 -lz't.
412 1170 431 1191 ²¹⁶
460 1171 537 1207 Sed
569 1172 644 1207 hoc
675 1171 743 1208 suit
779 1171 1036 1208 introductum
1073 1171 1112 1208 in
1142 1171 1262 1208 veteri
1295 1172 1398 1219 lege:

102 1231 113 1241 ⁸
129 1229 194 1251 Vers·
210 1229 231 1250 8·
307 1216 473 1259 dicitur
501 1223 602 1260 enim
629 1224 748 1261 Num.
769 1236 864 1261 xxvn
884 1223 923 1260 *ε
952 1225 1083 1261 Homo
1116 1236 1203 1261 cum
1230 1229 1400 1261 mortuus

335 1276 455 1322 fuerit
480 1277 619 1324 absque
634 1277 734 1325 filio,
768 1277 819 1314 ad
834 1276 962 1325 filiam
991 1277 1069 1314 eius
1100 1277 1272 1314 transibit
1296 1278 1399 1314 here-

340 1328 445 1365 ditas.
467 1329 568 1377 Ergo
599 1342 677 1366 non
707 1330 979 1367 convenienter
1011 1330 1177 1379 providit
1205 1330 1264 1366 lex
1291 1330 1400 1367 saluti

339 1381 482 1430 populi.

396 1435 430 1471 3.
460 1435 693 1484 PRAETEREA,
723 1435 881 1473 societas
909 1435 1111 1472 hominum
1139 1435 1304 1472 maxime
1332 1447 1401 1484 per

342 1487 417 1523 hoc
445 1496 701 1535 conservatur,
722 1488 828 1536 quod
851 1488 1026 1526 homines
1050 1489 1216 1525 emendo
1246 1496 1282 1525 et
1307 1500 1400 1525 ven-

343 1539 470 1577 dendo
498 1541 568 1577 sibi
595 1541 760 1578 invicem
789 1554 849 1579 res
877 1553 963 1579 suas
997 1549 1234 1578 commutant
1262 1541 1400 1591 quibus

106 1604 226 1652 wippam
199 1631 220 1651 1
221 1620 251 1651 ‚t
250 1609 315 1650 n.v1¹2¹;
342 1592 520 1652 indigent,
539 1602 581 1631 ut
608 1594 769 1631 dicitur
761 1607 800 1631 in
820 1596 833 1631 Ι
853 1595 960 1631 Polit.
979 1594 1001 1616 '¹‘
1030 1595 1108 1631 Sed
1126 1595 1185 1631 lex
1203 1602 1314 1632 vetus
1332 1595 1402 1632 ab-

105 1646 443 1708 -cf.Eth1·c1cn¹ib3stulit
469 1646 647 1684 virtutem
665 1647 916 1685 venditionis:
946 1647 1141 1685 mandavit
1169 1647 1272 1684 enim
1294 1648 1401 1707 quod

105 1689 243 1731 Th⁹1ci
341 1699 532 1747 possessio
560 1700 715 1738 vendita
743 1707 994 1738 reverteretur
1020 1700 1070 1737 ad
1093 1700 1334 1738 venditorem
1363 1701 1401 1738 in

342 1751 655 1800 quinquagesimo
676 1766 778 1791 anno
807 1753 974 1801 Iubilaei,
989 1761 1032 1790 ut
1053 1761 1156 1802 patet
1183 1754 1301 1791 Levit.
1317 1765 1400 1791 xxv.

342 1805 658 1844 Inconvenienter
676 1806 785 1855 igitur
799 1807 858 1843 lex
877 1807 1064 1855 populum
1085 1806 1190 1843 illurn
1212 1807 1310 1844 circa
1328 1807 1403 1844 hoc

341 1858 506 1895 instituit.
674 1889 676 1891 ,

393 1923 432 1958 4.
448 1912 679 1960 Pium-Exuit,
697 1912 980 1950 necessitatibus
1008 1911 1210 1950 hominum
1239 1910 1402 1950 maxime

343 1965 494 2013 expedit
509 1972 552 2002 ut
570 1965 746 2002 homines
771 1965 843 2003 sint
864 1965 1032 2015 prompti
1051 1966 1100 2002 ad
1118 1972 1295 2002 mutuum
1314 1978 1402 2003 con-

344 2018 572 2055 cedendum.
594 2019 704 2065 Quae
724 2018 880 2067 quidem
900 2018 1162 2067 promptitudo
1177 2018 1317 2056 tollitur
1334 2031 1403 2068 per

342 2071 417 2108 hoc
445 2072 548 2119 quod
577 2072 782 2110 creditores
810 2079 966 2120 accepta
985 2084 1064 2109 non
1093 2071 1270 2109 reddunt:
1298 2072 1403 2112 unde

103 810 114 820 ¹·
130 808 196 830 Vers.
211 813 246 834 24.

106 1683 135 1710 V,

107 2132 116 2141 ·
133 2130 198 2152 Vers-
213 2136 245 2152 ιο·
345 2123 478 2161 dicitur
503 2125 620 2162 Eccli.
643 2137 728 2162 xxix
746 2124 783 2162 *z
812 2125 931 2161 Multi
959 2137 1034 2162 non
1067 2136 1183 2162 causa
1219 2125 1426 2173 nequitiae.

344 2189 419 2214 non
435 2178 633 2225 faenerati
648 2184 744 2224 sunt,
763 2178 829 2215 sed
846 2178 1030 2225 fraudari
1046 2178 1166 2227 gratis
1189 2178 1401 2221 timuerunt.

345 2231 431 2267 Hoc
445 2238 573 2268 autem
593 2231 737 2268 induxit
759 2232 829 2267 lex.
851 2230 982 2268 Primo
1003 2231 1172 2279 quidem,
1187 2230 1277 2280 quia
1295 2242 1402 2269 man-

105 2290 115 2301 ·
134 2289 203 2311 Vers—
219 2295 238 2310 2-
346 2283 447 2320 davit
474 2285 584 2320 Deut.
610 2296 658 2320 xv
680 2283 721 2320 ⁸¹²:
756 2284 828 2320 Cui
853 2284 1006 2321 debetur
1035 2284 1179 2332 aliquid
1202 2285 1252 2321 ab
1279 2284 1401 2321 anu'co

343 2336 403 2373 vel
422 2337 604 2384 proximo
632 2349 678 2374 ac
701 2338 825 2384 fratre
850 2348 930 2383 suo,
955 2342 1120 2385 repetere
1146 2348 1220 2374 non
1243 2337 1403 2385 poterit.-

344 2390 432 2437 quia
451 2402 573 2427 annus
591 2390 817 2427 remissionis
836 2396 890 2426 est
910 2390 1084 2434 Domini‚·
1108 2397 1145 2426 et
1157 2390 1282 2427 Exod.
1297 2401 1369 2427 xxn
1383 2389 1403 2412 *

345 2442 479 2480 dicitur
498 2443 602 2492 quod
630 2443 662 2480 si
682 2450 882 2492 praesente
906 2442 1062 2480 domino
1083 2442 1222 2480 animal
1254 2450 1403 2480 mutua-

344 2503 427 2533 tum
460 2504 656 2533 mortuum
689 2495 818 2543 fuerit,
849 2495 1009 2533 reddere
1041 2508 1120 2532 non
1147 2503 1306 2533 tenetur.
1337 2496 1404 2533 Se-

346 2549 494 2597 eundo,
523 2549 612 2598 quia
638 2550 806 2587 aufertur
838 2549 873 2585 ei
905 2548 1084 2586 securitas
1117 2561 1216 2597 quae
1244 2549 1405 2586 habetur

109 2611 118 2619 ·
134 2609 199 2631 Vers-
215 2615 248 2631 10-
343 2614 414 2651 pet·
440 2603 594 2652 pignus:
623 2602 758 2640 dicitur
785 2601 889 2639 enim
916 2603 1026 2639 Deut.
1046 2613 1131 2639 xx1v
1149 2602 1189 2639 *ε
1223 2602 1319 2639 Cum
1346 2613 1403 2639 re-

340 2662 443 2705 petes
461 2667 485 2693 a
498 2656 679 2704 proximo
699 2661 761 2692 tuo
781 2667 861 2692 rem
884 2654 1051 2703 aliquam
1070 2666 1185 2703 quam
1204 2655 1311 2692 debet
1327 2654 1403 2701 tibi,

346 2720 420 2746 non
444 2709 665 2759 ingredieris
683 2709 836 2745 domum
855 2708 934 2744 eius
957 2708 1150 2757 ut-pignus
1169 2709 1347 2754 aufer-ax*
1366 2715 1405 2745 et

119 2767 127 2776 ·
142 2766 243 2788 vers-12
259 2773 293 2795 sq·
345 2761 482 2799 iterum
504 2761 545 2798 *ε
573 2762 664 2799 Non
691 2761 927 2810 pernoctabit
957 2761 1060 2809 apud
1090 2766 1124 2797 te
1150 2761 1313 2810 pignus,
1337 2761 1407 2799 sed

343 2815 466 2852 statim
499 2815 630 2852 reddes
655 2815 700 2851 ei.
731 2815 833 2862 Ergo
862 2813 1133 2851 insufficienter
1161 2814 1230 2851 fuit
1256 2813 1405 2851 ordina-

207 2862 221 2896 β
345 2875 426 2904 tum
445 2866 461 2898 β
488 2868 526 2905 in
554 2869 635 2916 lege
663 2868 711 2905 de
739 2867 892 2904 mutuis.

401 2921 434 2958 5.
453 2920 688 2967 Paxaraaax,
710 2932 755 2957 ex
783 2919 1068 2957 defraudatione
1097 2918 1265 2967 depositi.
1287 2918 1405 2956 maxi-

345 2985 452 3011 murn
472 2974 682 3023 periculum
700 2973 884 3019 imminet,
901 2981 937 3009 et
954 2971 1042 3010 ideo
1062 2979 1118 3009 est
1137 2971 1304 3009 maxima
1319 2983 1405 3010 cau·

344 3026 417 3063 tela
435 3027 672 3064 adhibenda:
700 3026 803 3063 unde
824 3025 937 3063 etiam
961 3025 1096 3063 dicitur
1115 3026 1147 3061 11
1165 3025 1298 3062 Maeli.
1319 3035 1355 3062 ιιι
1370 3025 1402 3072 ⁸5,

346 3079 451 3126 quod
478 3080 687 3116 sacerdotes
714 3079 941 3116 invocabant
957 3078 1003 3115 de
1028 3078 1133 3116 caelo
1161 3089 1247 3115 eum
1272 3077 1338 3126 qui
1357 3077 1404 3114 de

107 2395 117 2406 ·
132 2394 198 2416 Vers.
213 2400 242 2422 ¹5·

110 3034 121 3044 ⁴
136 3032 204 3055 vers.
220 3038 248 3061 ¹5·

346 3131 515 3179 depositis
542 3133 662 3182 legem
685 3133 821 3181 posuit,
843 3138 883 3168 ut
899 3132 956 3168 his
983 3132 1050 3180 qui
1070 3132 1318 3179 deposuerant
1344 3141 1414 3176 ea,

344 3183 450 3220 salva
482 3185 689 3222 custodiret.
724 3185 801 3222 Sed
829 3185 867 3221 in
899 3182 1109 3233 praeceptis
1141 3183 1280 3221 veteris
1310 3182 1402 3231 legis

345 3247 465 3284 parva
502 3237 645 3274 cautela
680 3237 777 3274 circa
811 3237 982 3286 deposita
1015 3236 1233 3274 adhibetur:
1267 3234 1403 3274 dicitur

107 3299 119 3311 ·
134 3299 200 3322 vm.
215 3306 239 3322 ιο
256 3305 291 3327 sq.
347 3288 448 3325 enim
463 3290 584 3325 Exod.
605 3302 675 3326 xxn
690 3290 710 3311 ’¹‘
729 3290 834 3339 quod
857 3290 895 3327 in
924 3289 1128 3327 amissione
1149 3289 1310 3338 depositi
1329 3296 1402 3326 sta-

398 3399 426 3434 α)
443 3400 624 3432 popularium.
636 3402 821 3432 -popularem
841 3402 892 3430 EF.
907 3403 1068 3433 populorum
1089 3402 1118 3426 K.

398 3434 424 3470 β)
444 3435 607 3460 ordinatum.
621 3449 639 3454 —
657 3436 793 3460 ordinatio
811 3436 959 3462 ABCGHL.

397 3471 424 3505 γ)
443 3470 550 3496 scilicet.
563 3483 583 3489 —
601 3470 661 3495 Om.
681 3471 790 3495 codices.

1453 492 1512 521 tur
1539 484 1753 522 iuramento
1783 485 1863 522 eius
1895 484 1999 533 apud
2035 495 2151 532 quem
2183 483 2252 520 fuit
2284 484 2510 533 depositum.

1453 538 1554 585 Ergo
1583 550 1662 574 non
1688 538 1757 574 fuit
1788 538 1887 575 circa
1920 538 1994 574 hoc
2026 537 2116 585 legis
2155 536 2342 573 ordinatio
2372 549 2512 575 conve-

1453 601 1571 627 niens.

1506 644 1542 679 6.
1573 644 1810 690 Pmaranux,
1840 643 1934 680 sicut
1961 643 2095 691 aliquis
2129 641 2386 679 mercenarius
2414 642 2513 679 locat

1453 708 1589 744 operas
1618 708 1716 741 suaS‚
1737 695 1788 732 ita
1816 696 1929 732 etiam
1957 695 2072 745 aliqui
2098 696 2225 732 locant
2251 696 2426 742 domum,
2449 695 2513 732 vel

1452 760 1717 796 quaecumque
1740 748 1813 784 alia
1839 748 2072 786 huiusmodi.
2094 748 2172 785 Sed
2190 760 2270 785 non
2299 755 2356 784 est
2381 760 2512 784 neces-

1453 801 1593 838 sarium
1625 809 1667 837 ut
1694 800 1817 837 statim
1845 801 2008 849 pretium
2036 802 2182 838 locatae
2203 801 2342 838 domus
2371 801 2513 838 condu-

1453 861 1534 890 ctor
1552 854 1736 891 exhibeat.
1758 854 1860 901 Ergo
1880 854 1994 891 etiarn
2021 854 2135 891 nimis
2155 854 2295 891 durum
2322 853 2390 890 fuit
2409 853 2513 903 quod

1452 907 1680 955 praecipitur
1697 906 1815 943 Levit.
1830 918 1892 943 xix
1904 906 1944 943 *z
1964 907 2055 944 Non
2075 908 2286 944 morabitur
2304 918 2397 955 opus
2415 918 2513 944 mer-
2541 921 2550 933 ·

1453 960 1597 996 cenarii
1621 960 1676 995 tui
1700 959 1803 1007 apud
1827 964 1862 995 te
1888 971 2004 1008 usque
2027 970 2153 997 mane.

1507 1025 1543 1060 7.
1570 1013 1802 1058 Paxaraaax,
1832 1023 1920 1048 cum
1948 1012 2164 1060 frequenter
2190 1012 2389 1049 immineat
2418 1011 2514 1049 iudi-

1454 1065 1599 1102 ciorum
1629 1065 1843 1111 necessitas,
1865 1064 1980 1102 facilis
2009 1065 2123 1102 debet
2149 1077 2232 1102 esse
2261 1077 2436 1102 accessus
2464 1065 2513 1103 ad

1453 1117 1629 1155 iudicem.
1664 1117 1980 1155 Inconvenienter
2011 1116 2123 1164 igitur
2149 1117 2273 1154 statuit
2300 1119 2371 1166 lex,
2400 1119 2510 1155 Deut.

1453 1182 1525 1207 xvn
1552 1171 1589 1218 ²⁸,
1618 1178 1659 1207 ut
1686 1170 1781 1207 irent
1809 1170 1858 1207 ad
1885 1181 2005 1207 unum
2034 1171 2163 1207 locum
2192 1171 2388 1218 expetituri
2420 1171 2514 1208 iudi-

1454 1224 1554 1260 cium
1583 1224 1630 1260 de
1659 1223 1734 1260 suis
1763 1222 1898 1260 dubiis.

1508 1278 1543 1314 8.
1573 1278 1809 1323 PRAETEREA,
1838 1275 2017 1324 possibile
2047 1282 2102 1312 est
2129 1287 2208 1312 non
2235 1275 2362 1312 solum
2394 1276 2512 1324 duos,

1454 1330 1522 1366 sed
1555 1329 1667 1366 etiarn
1699 1337 1773 1366 tres
1801 1329 1862 1366 vel
1899 1328 2026 1378 plures
2063 1328 2297 1365 concordare
2330 1327 2380 1365 ad
2407 1340 2516 1366 men·-

2543 1186 2550 1196 ·
2566 1183 2634 1207 Vei-s.
2648 1185 2663 1207 8
2678 1189 2730 1213 sqq.

1453 1382 1635 1419 tiendum.
1662 1381 1976 1419 Inconvenienter
1994 1381 2104 1429 igitur
2123 1381 2258 1418 dicitur
2279 1381 2514 1419 Deut.x1x*':
2541 1395 2551 1405 ·
2588 1401 2600 1417 e
2647 1400 2656 1416 ι

1453 1437 1499 1472 In
1537 1447 1603 1472 ore
1638 1436 1799 1472 duorum
1836 1434 1897 1471 vel
1929 1434 2042 1471 trium
2080 1434 2224 1471 testium
2258 1434 2370 1470 stabit
2404 1446 2515 1471 omne

1451 1489 1620 1525 verbum.

1507 1553 1543 1589 9.
1573 1542 1813 1587 PRAETEREA,
1841 1551 1968 1588 poena
2001 1540 2114 1577 debet
2150 1540 2267 1577 taxari
2302 1539 2515 1577 secundum

1453 1594 1698 1642 quantitatem
1715 1594 1866 1642 culpae:
1888 1593 1990 1630 unde
2005 1592 2138 1630 dicitur
2148 1592 2263 1630 etiam
2272 1594 2382 1630 Deut.
2394 1592 2512 1630 xxv*:

1452 1648 1528 1684 Pro
1547 1658 1724 1683 mensura
1737 1646 1885 1694 peccati
1901 1646 1971 1683 erit
1987 1651 2023 1682 et
2034 1645 2244 1695 plagarum
2267 1646 2412 1684 modus.
2436 1646 2515 1684 Sed

1453 1700 1683 1748 quibusdam
1711 1698 1932 1747 aequalibus
1960 1698 2081 1747 culpis
2103 1699 2163 1735 lex
2183 1698 2310 1736 statuit
2336 1698 2515 1748 inaequa-

1454 1753 1508 1789 les
1536 1765 1700 1802 poenas:
1731 1752 1864 1788 dicitur
1892 1751 1995 1788 enim
2021 1751 2145 1788 Exod.
2166 1751 2298 1798 xx11*,
2324 1751 2432 1799 quod
2459 1749 2516 1789 ω’-
2541 1764 2551 1774 ·

1455 1806 1581 1843 stituet
1607 1806 1666 1842 fur
1694 1805 1856 1853 quinque
1883 1805 1995 1842 boves
2015 1816 2091 1853 pro
2118 1816 2194 1841 uno
2223 1805 2334 1850 bove,
2362 1809 2400 1840 et
2423 1815 2516 1852 quaa

1455 1865 1540 1896 tuor
1567 1870 1654 1895 oves
1667 1869 1740 1906 pro
1761 1869 1836 1894 una
1855 1869 1936 1894 ove.
1965 1857 2169 1904 Quaedam
2190 1857 2304 1895 etiam
2323 1869 2404 1895 non
2418 1857 2516 1895 mul-

1455 1919 1538 1949 tum
1565 1912 1694 1959 gravia
1714 1918 1869 1959 peccata
1896 1910 2003 1958 gravi
2021 1922 2148 1959 poena
2166 1910 2391 1959 puniuntur:
2419 1909 2516 1948 sicut

2540 1605 2634 1628 *Vers-
2647 1611 2669 1628 2.

2566 1762 2633 1787 Vero.
2647 1769 2665 1786 ι.

1455 1965 1575 2002 Num.
1595 1976 1642 2001 xv
1660 1964 1696 2010 ³⁶,
1725 1963 1911 2012 lapidatus
1946 1970 2002 2000 est
2029 1962 2094 2012 qui
2123 1963 2323 2011 collegerat
2348 1962 2449 2011 ligna
2474 1962 2515 2000 in
2542 1976 2551 1985 ·
2590 1981 2626 1997 e.

1457 2018 1628 2054 sabbato.
1653 2016 1768 2053 Filius
1789 2016 1901 2053 etiam
1921 2023 2123 2064 protervus
2139 2023 2296 2065 propter
2313 2028 2434 2065 parva
2451 2015 2516 2054 den·

1457 2070 1553 2117 licta,
1570 2070 1658 2119 quia
1673 2069 1838 2108 scilicet*
1852 2069 2180 2106 comessationibus
2197 2070 2360 2107 vacabat
2375 2074 2414 2106 et
2429 2080 2516 2107 cone

1456 2123 1576 2169 viviis,
1596 2123 1798 2160 mandatur
1816 2122 1985 2171 lapidari,
1999 2123 2112 2159 Deut.
2127 2122 2232 2160 xx1*.
2254 2122 2368 2170 Igitur
2386 2122 2518 2160 incon,
2543 2139 2555 2151 ι

1457 2176 1654 2214 venienter
1681 2176 1719 2212 in
1747 2176 1828 2224 lege
1857 2183 1944 2212 sunt
1970 2175 2160 2213 institutae
2186 2187 2348 2224 poenae.

1517 2241 1574 2266 10.
1595 2230 1828 2276 PRAETEREA,
1857 2228 1951 2266 sicut
1978 2228 2211 2277 Augustinus
2239 2228 2339 2275 dicit,
2364 2228 2454 2265 XXI
2473 2227 2520 2267 de

1463 2283 1540 2319 Civ.
1561 2283 1637 2319 Dei
1652 2281 1683 2328 ²³⁶,
1712 2287 1793 2318 octo
1811 2293 1955 2331 genera
1973 2293 2188 2331 poenarum
2216 2282 2254 2319 in
2277 2281 2423 2331 tegibus
2441 2292 2520 2321 esse
2544 2292 2555 2307 ¹

1456 2335 1585 2372 scribit
1605 2335 1767 2372 Tullius:
1795 2335 1976 2372 damnum
1991 2333 2016 2382 δ,
2035 2334 2199 2382 vincula,
2218 2335 2391 2380 verbera,
2410 2333 2518 2371 talio*

1458 2400 1564 2434 nem,
1593 2388 1858 2438 ignominiam,
1886 2388 2062 2434 exilium,
2093 2393 2265 2433 mortem,
2291 2387 2517 2426 servitutem.

1458 2442 1516 2478 Ex
1544 2441 1681 2490 quibus
1710 2440 1833 2490 aliqua
1861 2449 1949 2478 sunt
1975 2440 2014 2478 in
2040 2441 2121 2488 lege
2141 2447 2289 2478 statuta.
2319 2441 2517 2477 Damnum

1457 2493 1626 2543 quidem,
1652 2494 1746 2531 sicut
1774 2506 1863 2531 cum
1891 2494 1951 2531 fur
1978 2493 2306 2532 condemnabatur
2333 2493 2383 2530 ad
2410 2491 2518 2541 quin-

1457 2547 1607 2595 tuplum
1639 2547 1700 2583 vel
1735 2547 1991 2596 quadruplum
2015 2546 2047 2583 ⁵².
2075 2546 2237 2584 Vincula
2270 2558 2387 2594 ver0,
2423 2545 2519 2583 sicut

1458 2665 1541 2690 rem
1560 2652 1771 2690 includatur
1789 2658 1814 2690 ⁸.
1843 2653 2012 2690 Verbera
2029 2664 2138 2699 vero,
2158 2651 2254 2689 sicut
2266 2652 2379 2690 Deut.
2398 2650 2516 2689 xxv*:

1458 2707 1501 2742 Si
1525 2717 1611 2742 eum
1640 2706 1705 2754 qui
1724 2706 1899 2754 peccavit
1922 2705 2080 2756 dignum
2099 2705 2261 2742 viderint
2270 2704 2411 2754 plagis,
2425 2716 2518 2753 pro·

1457 2764 1639 2804 sternent,
1669 2764 1704 2795 et
1730 2770 1861 2796 coram
1888 2770 1928 2796 se
1950 2759 2095 2806 facient
2119 2758 2325 2797 verberari.
2355 2757 2518 2806 Ignomi—

1459 2811 1563 2849 niam
1580 2811 1691 2848 etiam
1708 2812 1891 2848 inferebat
1909 2811 1958 2848 illi
1978 2811 2044 2860 qui
2063 2811 2217 2848 nolebat
2234 2810 2409 2860 accipere
2425 2821 2518 2848 uxo-

1458 2876 1542 2902 rem
1571 2864 1691 2901 fratris
1715 2865 1773 2902 sui
1793 2864 1970 2912 defuncti,
1991 2876 2090 2913 quae
2109 2864 2264 2902 tollebat
2283 2863 2518 2902 calceamen-

1458 2925 1541 2955 tum
1565 2917 1673 2964 illius,
1700 2925 1735 2954 et
1757 2917 1920 2966 spuebat
1945 2917 1985 2954 in
2010 2916 2146 2955 faciem
2174 2916 2270 2955 illius
2288 2916 2319 2954 ⁸.
2349 2916 2518 2954 Mortem
2544 2929 2556 2941 ·

1459 2970 1573 3008 etiarn
1601 2970 1798 3016 inferebat,
1817 2978 1859 3007 ut
1875 2977 1979 3019 patet
1996 2970 2116 3007 Levit.
2136 2981 2184 3007 xx
2201 2969 2242 3007 *t
2274 2969 2350 3012 Qui
2365 2968 2518 3008 maledi-

1457 3024 1559 3060 xer-it
1564 3024 1670 3071 patri
1681 3035 1749 3060 suo
1763 3028 1832 3060 aut
1847 3023 1972 3069 matri,
1987 3029 2109 3060 morte
2125 3023 2323 3061 moriatur.
2344 3022 2518 3060 Poenam

1458 3076 1572 3113 etiarn
1607 3076 1757 3113 talionis
1789 3077 1848 3113 lex
1879 3075 2043 3124 induxit,
2081 3075 2212 3114 dicens
2245 3075 2370 3114 Exod.
2394 3087 2454 3113 xxi
2477 3073 2518 3112 *ε

1463 3129 1620 3168 Oculum
1643 3141 1717 3178 pro
1745 3129 1874 3175 oculo,
1903 3129 2048 3166 dentem
2076 3140 2152 3178 pro
2180 3129 2298 3166 dente.
2332 3129 2518 3166 Inconve-

1458 3182 1565 3219 niens
1593 3182 1703 3230 igitur
1725 3181 1876 3219 videtur
1894 3182 2000 3230 quod
2027 3181 2119 3219 alias
2147 3181 2243 3219 duas
2270 3193 2428 3230 poenas,
2447 3179 2517 3218 sci-

1456 3235 1542 3272 licet
1571 3234 1722 3271 exilium
1752 3241 1788 3271 et
1817 3235 2050 3283 servitutem,
2069 3235 2130 3272 lex
2147 3241 2258 3272 vetus
2277 3245 2358 3272 non
2374 3231 2516 3271 inflixit.

1517 3300 1529 3324 1
1543 3300 1573 3325 1.
1594 3289 1826 3335 PRAETEREA,
1847 3300 1974 3336 poena
1993 3299 2071 3325 non
2091 3288 2250 3325 debetur
2273 3285 2344 3324 nisi
2371 3285 2514 3334 culpae.

1509 3400 1534 3434 ὃ)
1556 3402 1692 3426 damnum.
1705 3415 1723 3420 -
1742 3401 1842 3425 damna
1860 3400 1906 3424 Pa.

1511 3436 1534 3471 z)
1554 3437 1716 3462 includatur.
1729 3449 1748 3455 -—
1766 3435 1948 3461 includeretur
1966 3435 2067 3459 codices
2087 3439 2112 3459 et
2129 3442 2155 3459 a.

2547 2555 2556 2565 ·
2567 2554 2603 2577 Cf.
2617 2560 2679 2583 resp.
2693 2553 2722 2576 ud
2732 2559 2757 2582 9.

1457 2600 1577 2637 Num.
1597 2611 1644 2636 xv
1662 2599 1682 2622 ²¹²
1709 2600 1913 2638 mandatur
1932 2599 1979 2637 de
1999 2599 2170 2648 quodam
2195 2599 2301 2649 quod
2327 2599 2366 2636 in
2393 2610 2518 2636 carce·
2546 2614 2555 2623 ·

2570 2611 2639 2634 Vei-s.
2651 2617 2690 2642 ³4·

2546 2685 2555 2694 '
2569 2683 2637 2706 νει-ι.
2651 2689 2673 2706 2.

2569 2928 2629 2952 lbid.
2636 2945 2643 2957 ,
2657 2935 2718 2952 νει.
2732 2935 2756 2957 9.

2545 2983 2556 2995 ⁸
2570 2981 2638 3004 Ven-
2653 2987 2675 3010 9.

2544 3087 2556 3100 ⁸
2569 3086 2637 3110 Ven.
2651 3092 2687 3114 ²4-
