2840 4010
114 1853 208 1877 *vm-
222 1853 256 1876 ¹8.

117 2223 129 2234 ·
141 2222 212 2246 Vens
223 2228 259 2254 ²3·

118 2282 129 2293 ·
136 2281 222 2304 ordin.
229 2287 258 2304 en
266 2281 328 2309 Aug.

117 3283 214 3307 'Vers-
245 3300 252 3307 .

1016 122 1282 169 QUAESTIO
1312 123 1446 170 CXIV,
1473 123 1767 161 ARTICULUS
1796 125 1846 160 ΙΙΙ

347 208 394 239 est
415 201 456 232 de
478 199 620 241 potentia
643 200 803 231 meritoria
819 200 901 232 vitae
917 207 1069 237 aeternae,
1087 211 1126 231 an
1143 201 1183 231 sit
1196 200 1325 240 propria
1339 210 1406 240 gra-

345 245 420 283 tiae,
443 243 488 275 ita
510 244 599 285 quod
626 244 695 285 ipsa
727 244 794 275 sola
817 244 879 275 hoc
902 245 1002 285 possit
1031 245 1111 275 inter
1139 251 1255 275 creatas
1279 251 1406 274 naturas

347 287 422 330 (hoc
437 293 484 319 est
507 288 592 318 enim
607 297 771 329 quaerere:
787 290 840 319 An
863 288 929 319 sine
953 288 1051 329 gratia
1066 286 1153 331 etc.);
1178 287 1256 318 ratio
1276 297 1407 328 quoque

346 331 467 362 litterae
489 341 585 372 super
612 332 718 362 divina
741 332 954 373 providentia,
978 342 1060 373 quae
1082 331 1191 362 statuit
1212 338 1318 361 actum
1342 341 1406 361 non

347 375 486 406 ordinari
514 377 554 406 ad
584 375 703 417 aliquid
730 377 882 407 excedens
910 376 1154 416 proportionem
1175 374 1299 405 virtutis
1327 385 1408 415 quae

348 426 395 450 est
425 419 616 460 principium
640 426 747 456 actus,
771 420 938 452 fundatur:
963 420 1036 450 ideo
1060 429 1097 450 ex
1119 419 1181 449 hoc
1203 419 1277 448 loco
1301 419 1408 449 nullus

348 471 454 495 sumat
476 474 543 495 esse
572 463 748 495 doctrinam
778 464 927 495 Auctoris
957 463 1046 503 quod
1074 463 1174 493 homo
1198 462 1265 492 sine
1293 463 1409 501 gratiae

348 507 501 539 habituali
524 507 622 544 dono,
639 518 695 548 per
718 507 858 538 divinam
881 506 1065 548 potentiam,
1086 516 1152 536 non
1175 505 1276 546 possit
1298 506 1410 536 mereri

348 551 447 582 vitam
470 558 638 587 aeternam.
663 551 755 582 Dicet
769 551 850 582 forte
866 550 1025 592 quispiam
1043 560 1110 580 non
1129 560 1196 580 esse
1219 557 1328 580 contra
1343 552 1408 580 Au-

351 595 445 626 ctoris
469 595 646 626 doctrinam
665 595 755 636 quod
777 595 889 631 homo,
906 604 943 625 ex
965 594 1099 634 gratuita
1122 594 1181 625 Dei
1200 593 1408 629 ordinatione,

351 640 470 680 absque
493 638 646 670 habituali
668 640 766 675 dono,
782 645 939 669 mereatur
961 648 1018 678 per
1040 645 1147 669 actum
1168 637 1258 668 liberi
1281 637 1409 675 arbitrii,

350 690 428 724 puta
452 693 549 724 opera
571 683 704 724 pietatis,
728 682 827 713 vitam
850 688 1019 713 aeternam.

407 727 459 758 ΠΙ.
480 727 516 757 In
534 726 742 767 responsione
757 727 798 756 ad
819 726 948 757 tertium
967 724 1258 760 eiusdem-articuli,
1275 724 1410 755 dubium

353 771 488 802 occurrit
511 771 592 802 circa
613 770 702 806 illud,
727 769 844 800 scilicet
866 770 955 810 quod
977 771 1070 800 homo
1093 779 1155 800 non
1168 773 1276 809 potest
1293 770 1412 799 mereri

352 815 393 846 ab
414 815 480 846 alio
506 815 634 845 homine
655 823 748 854 quem
770 814 868 854 prius
897 813 1047 854 offendit,
1072 814 1135 844 nisi
1157 813 1186 844 ei
1206 812 1411 852 satisfaciens

353 858 587 890 reconcilietur.
611 855 744 888 Videtur
766 857 852 888 enim
875 857 936 888 hoc
959 857 1085 888 falsum.
1106 857 1190 888 Nam
1213 862 1319 896 potest
1340 856 1411 897 quis

354 901 477 943 operari
499 911 559 942 pro
583 910 622 932 eo
648 910 743 942 quern
758 901 898 938 offendit,
915 908 986 932 ante
1002 900 1300 936 reconciliationem,
1317 900 1361 930 sic
1376 908 1412 932 ut

354 945 526 977 constituat
554 945 693 976 eundem
715 945 775 975 sibi
805 945 980 976 debitorem
1007 946 1046 975 ad
1073 944 1271 976 reddendum
1294 953 1411 974 merce-

354 990 443 1020 dem:
459 995 496 1020 ut
510 995 597 1030 patet
614 988 640 1019 si
658 999 819 1029 ponamus
838 990 990 1020 loannem
1011 989 1178 1020 offendisse
1192 988 1323 1018 Petrum
1337 997 1412 1018 con-

353 1033 485 1064 tumelia
507 1033 557 1063 vel
585 1032 710 1073 rapina,
735 1039 766 1064 et
787 1034 1007 1073 postmodum,
1029 1033 1140 1064 videns
1167 1032 1310 1063 eiusdem
1331 1032 1414 1062 Petri

353 1076 457 1108 filium
474 1076 622 1108 invasum
644 1077 683 1107 ab
707 1077 842 1108 inimicis
867 1078 906 1107 ad
929 1084 1075 1114 mortem,
1090 1076 1200 1107 liberet
1213 1075 1315 1112 illum,
1332 1075 1413 1115 peri-

353 1120 427 1151 culo
451 1120 563 1151 mortis
586 1120 727 1161 seipsum
751 1131 912 1161 exponens
935 1131 994 1161 pro
1018 1121 1089 1151 hoc.
1119 1120 1253 1152 Constat
1276 1129 1414 1160 namque

353 1165 442 1206 quod
457 1171 534 1196 tunc
553 1165 685 1195 Ioannes
704 1172 843 1196 meretur
858 1175 877 1196 a
890 1165 995 1201 Petro,
1011 1175 1110 1206 quem
1123 1164 1210 1205 prius
1225 1159 1413 1194 offenderat:

353 1215 384 1240 et
406 1215 512 1240 tamen
536 1219 603 1247 non
628 1215 693 1240 erat
715 1209 774 1239 sibi
797 1209 1026 1240 reconciliatus.

2443 124 2515 172 347

1516 202 1688 238 Praeterea,
1712 202 1826 243 aliquis
1845 209 1949 243 potest
1972 202 2086 233 servire
2109 203 2245 234 locando
2269 213 2380 244 operas
2404 215 2474 234 suas
2490 204 2518 234 ei

1461 255 1559 285 quem
1582 245 1713 276 offendit
1735 246 1928 277 contumelia
1952 247 2002 277 vel
2032 246 2130 283 furto,
2160 254 2305 278 manente
2332 247 2462 278 offensa:
2489 255 2519 278 et

1462 296 1599 319 meretur
1622 290 1800 320 mercedem
1821 291 1860 320 ab
1884 300 1932 321 eo.
1957 290 2111 331 Alioquin
2135 291 2296 331 operarius
2318 291 2373 331 qui
2396 292 2519 322 servivit

1462 343 1519 373 pro
1544 339 1681 370 centum,
1697 340 1804 373 posset
1827 334 1941 374 privari
1964 335 2003 365 ab
2026 334 2083 365 illo
2102 342 2232 375 propter
2254 334 2375 365 furtum
2398 336 2515 371 decem,

1461 377 1511 407 vel
1534 383 1665 417 propter
1687 378 1923 409 contumeliam.

1517 420 1570 451 1V.
1594 421 1644 451 Ad
1668 421 1730 451 hoc
1753 421 1867 452 dicitur
1894 421 2026 452 breviter
2048 422 2137 462 quod
2159 421 2191 452 in
2215 422 2263 452 his
2292 429 2323 453 et
2349 422 2518 459 similibus,

1463 463 1534 494 licet
1561 474 1627 494 non
1657 465 1744 504 prius
1772 471 1932 505 ternpore,
1961 472 2066 496 tamen
2086 466 2173 506 prius
2201 460 2311 497 natura
2338 466 2520 507 intelligitur

1463 507 1632 538 satisfactio
1655 515 1686 538 et
1706 509 1918 540 reconciliatio
1940 509 2029 545 facta,
2050 520 2147 550 quam
2167 510 2325 541 meritum.
2344 511 2427 541 Nam
2446 511 2520 550 quia

1463 550 1495 580 in
1519 551 1638 581 maiore
1669 552 1824 583 clauditur
1847 553 1970 589 minus,
1998 554 2092 584 Petro
2123 554 2305 584 satisfecisse
2337 554 2520 592 intelligitur

1464 594 1606 631 loannes,
1630 595 1686 636 qui
1709 606 1767 636 pro
1791 606 1829 627 eo
1848 597 1945 627 vitam
1963 597 2134 627 discrimini
2157 597 2311 637 exposuit.
2330 598 2371 628 Et
2389 598 2432 628 sic
2455 608 2520 628 me-

1464 645 1550 712 riettur
1570 639 1696 669 veniam
1712 650 1748 670 ac
1762 640 1933 671 amicitiam
1949 651 1967 670 a
1981 641 2084 678 Petro,
2100 651 2118 671 a
2138 641 2254 682 quibus
2278 641 2396 672 offensa
2418 642 2520 672 exclu-

1487 692 1502 712 e
1526 689 1566 713 at.

1519 726 1570 756 Ad
1601 727 1777 757 secundum
1807 727 1921 758 dicitur
1950 728 2054 768 quod,
2088 728 2163 769 quia
2195 728 2313 759 offensa
2343 739 2401 768 pro
2432 735 2520 759 tanto

1465 770 1601 800 excludit
1624 771 1791 808 meritum,
1815 781 1873 811 pro
1897 779 2017 812 quanto
2046 772 2182 803 excludit
2205 773 2347 804 debitum
2370 772 2521 803 mercedis

1464 814 1503 843 ab
1520 813 1658 850 offenso;
1683 814 1708 844 si
1728 814 1847 845 offensa
1861 815 2050 854 praecedens
2069 826 2134 847 non
2151 823 2303 856 purgatur
2316 827 2373 857 per
2387 826 2521 857 sequens

1465 857 1643 894 servitium,
1668 868 1835 899 nunquam
1862 859 2032 890 merebitur
2059 860 2254 896 mercedem;
2280 861 2333 891 sed
2361 860 2521 890 servitium

1465 911 1571 937 suum,
1589 911 1645 941 per
1660 902 1795 932 modum
1818 902 1986 933 solutionis
2002 903 2107 939 debiti,
2126 903 2273 934 satisfacit
2288 903 2321 934 in
2336 911 2405 934 toto
2421 904 2471 934 vel
2489 903 2521 934 in

1465 952 1562 985 parte.
1587 945 1619 976 Si
1642 953 1748 976 autem
1776 952 1927 986 purgatur
1950 953 1980 976 et
2003 947 2155 983 abundat,
2179 947 2243 977 iarn
2266 948 2344 978 redit
2366 947 2459 988 primi
2475 957 2522 977 ar-

1466 989 1608 1028 gumenti
1631 989 1760 1020 solutio.
1777 990 1818 1020 Et
1840 990 1884 1020 sic
1907 990 2006 1020 homo
2029 991 2068 1021 ab
2091 990 2220 1021 homine
2240 991 2360 1021 offenso
2383 1001 2448 1021 non
2464 1001 2522 1031 po-

1466 1039 1526 1063 test
1549 1033 1661 1063 mereri
1685 1040 1855 1074 antequam
1877 1033 2052 1065 satisfaciat.

1521 1077 1633 1107 Posset
1655 1087 1786 1117 quoque
1810 1077 1870 1108 dici
1894 1078 1933 1107 ad
1955 1077 2018 1108 hoc
2040 1078 2174 1109 dubium
2197 1078 2293 1109 unico
2311 1079 2418 1115 verbo,
2436 1079 2523 1119 quod

1467 1122 1589 1150 Auctor
1610 1120 1752 1151 intendat
1775 1121 1813 1151 de
1827 1121 1939 1152 merito
1956 1122 2041 1162 apud
2057 1122 2196 1152 amicum
2212 1132 2267 1153 seu
2283 1129 2414 1162 patrem,
2431 1122 2524 1163 quale

1469 1171 1515 1194 est
1538 1165 1686 1195 meritum
1710 1172 1855 1196 nostrum
1879 1165 1964 1205 apud
1980 1166 2101 1196 Deum:
2122 1173 2157 1196 ut
2173 1166 2215 1196 sic
2231 1166 2332 1196 simile
2347 1166 2387 1197 sit
2402 1166 2440 1196 de
2455 1166 2523 1196 Deo

1469 1214 1500 1238 et
1522 1208 1652 1239 homine
1676 1208 1808 1240 offenso.
1832 1209 1936 1239 Prima
1959 1216 2066 1240 tamen
2089 1210 2252 1251 responsio
2276 1209 2416 1240 formalis
2439 1216 2494 1240 est.

1159 1366 1474 1408 ARTICULUS
1502 1367 1730 1408 TERTIUS

605 1469 762 1500 UTRUM
786 1469 915 1500 HOMO
940 1469 982 1500 IN
1005 1469 1169 1500 GRATIA
1193 1467 1668 1543 ΕΟέἒΤὲέΞξξὲΝὲΟδὸΙΤ
1691 1469 1853 1501 MERERI
1877 1469 2015 1500 VITAM
2039 1470 2277 1501 AETERNAM

585 1599 606 1624 11
625 1599 708 1628 Sent„
728 1599 788 1624 dist.
805 1606 880 1630 xxvxi,
899 1603 946 1624 art.
967 1598 995 1630 3;
1014 1599 1054 1628 111,
1073 1599 1132 1624 dist.
1150 1605 1221 1629 xvm,
1238 1603 1286 1623 art.
1307 1604 1335 1628 2;
1354 1598 1398 1622 Ad
1416 1598 1502 1628 Rom„
1523 1606 1578 1631 cap.
1597 1606 1631 1629 ιν,
1650 1599 1708 1623 lect.
1731 1606 1758 1630 13
1778 1606 1833 1631 cap.
1852 1607 1886 1629 vr,
1906 1600 1963 1624 lect.
1981 1607 2019 1630 1v;
2038 1607 2094 1632 cap.
2112 1607 2166 1630 vm,
2184 1601 2242 1625 lect.
2259 1608 2293 1625 rv.

475 1707 544 1753 μς(
567 1699 590 1724 ι)
609 1698 769 1724 marium
788 1698 841 1724 sm
865 1698 1104 1724 PROCEmTUR.
1128 1686 1287 1724 Videtur
1310 1686 1414 1734 quod

388 1749 410 1776 ,’
498 1736 538 1779 3
567 1741 687 1777 homo
715 1739 754 1777 in
781 1740 899 1788 gratia
932 1740 1154 1777 constitutus
1191 1751 1269 1776 non
1296 1739 1416 1788 possit

373 1792 421 1837 ‘1sp
436 1807 494 1835 v,
510 1788 707 1831 Υωετετί
742 1793 862 1830 vitam
899 1800 1092 1830 aeternam
1131 1804 1176 1829 ex
1212 1792 1413 1840 condigno.

413 1819 510 1874 (2233)
526 1835 668 1883 Dicit
696 1845 798 1883 enim
825 1846 1044 1894 Apostolus,
1073 1846 1125 1882 ad
1149 1846 1260 1883 Rom.
1290 1857 1351 1882 vui
1374 1845 1414 1881 *ε

334 1898 336 1900 ’
355 1899 448 1936 Νοη
475 1903 564 1934 sunt
587 1899 799 1948 condignae
820 1899 1016 1947 passiones
1041 1899 1152 1935 huius
1174 1899 1349 1947 temporis
1367 1899 1419 1935 ad

346 1953 526 2000 futuram
553 1952 719 2001 gloriam
753 1963 850 2000 quae
877 1952 1104 1989 revelabitur
1126 1951 1163 1988 in
1192 1951 1308 1988 nobis.
1339 1951 1415 1988 Sed

357 2005 454 2042 inter
482 2003 554 2040 alia
582 2017 699 2054 opera
727 2005 920 2042 meritoria
947 2004 1112 2042 maxime
1136 2003 1314 2042 videntur
1333 2016 1414 2040 esse

357 2056 572 2095 meritoriae
589 2065 808 2095 sanctorum
825 2063 842 2079 α
861 2057 1069 2107 passiones.
1091 2058 1193 2105 Ergo
1213 2057 1315 2094 nulla
1329 2070 1417 2106 ope-

357 2123 400 2149 ra
418 2110 619 2148 hominum
639 2118 726 2148 sunt
743 2111 937 2148 meritoria
949 2110 1051 2148 vitae
1071 2117 1246 2148 aeternae
1261 2122 1305 2147 ex
1327 2122 1416 2147 con-

358 2164 486 2212 dign0.

413 2228 448 2254 2.
471 2217 704 2264 ptumam,
722 2228 838 2265 super
856 2215 948 2253 illud
966 2217 1078 2252 Rom.
1094 2227 1130 2252 vi
1145 2215 1176 2263 ²⁸²,
1196 2216 1328 2253 Gratia
1343 2217 1419 2252 Dei

356 2269 433 2306 uita
461 2275 627 2316 aeterna,
658 2269 746 2306 dicit
775 2269 911 2307 Glossa
929 2268 969 2305 *τ
998 2270 1127 2305 Posset
1153 2275 1250 2306 recte
1271 2269 1415 2314 dicere,

360 2338 380 2355 ‹
402 2322 632 2371 Stipendium
661 2322 820 2360 iustitiae
846 2323 923 2359 vita
949 2327 1103 2359 aeterna
1125 2336 1170 2359 ».·
1196 2322 1262 2359 sed
1286 2322 1420 2359 maluit

356 2375 491 2421 dicere,
505 2390 524 2408 «
539 2375 672 2412 Gratia
681 2376 757 2412 Dei
772 2376 848 2412 vita
863 2380 1016 2412 aeterna
1028 2390 1062 2420 »,
1076 2380 1117 2411 ut
1128 2374 1417 2424 intelligeremus

356 2429 483 2466 Deum
502 2428 554 2465 ad
570 2434 763 2465 aeternam
783 2429 899 2465 vitam
912 2439 987 2476 pro
1005 2439 1075 2464 sua
1094 2428 1332 2464 miseratione
1351 2440 1417 2465 nos

351 2482 579 2530 perducere,
609 2493 684 2518 non
713 2482 854 2518 meritis
886 2481 1031 2517 nostris.
1066 2480 1143 2517 Sed
1170 2480 1209 2517 id
1237 2482 1343 2529 quod
1372 2494 1417 2517 ex

359 2534 548 2582 condigno
578 2534 663 2583 quis
690 2541 868 2581 meretur,
898 2546 976 2570 non
1006 2546 1050 2570 ex
1075 2533 1328 2581 miseratione,
1349 2535 1417 2571 sed

358 2599 404 2624 ex
431 2587 568 2624 merito
597 2587 742 2636 accipit.
772 2588 874 2635 Ergo
897 2587 1048 2624 videtur
1076 2586 1180 2635 quod
1198 2587 1317 2624 homo
1337 2600 1415 2624 non

356 2647 478 2689 possn
495 2652 565 2688 per
583 2648 742 2687 gratiam
763 2652 900 2677 meren
914 2648 1033 2676 Vitam
1050 2647 1243 2676 aeternam
1262 2652 1308 2677 ex
1328 2653 1417 2677 con-

359 2693 486 2741 digno.

414 2747 448 2783 3.
470 2747 702 2792 PRAETEREA,
724 2745 816 2783 illud
839 2745 1018 2782 meritum
1046 2744 1196 2782 videtur
1223 2758 1306 2782 esse
1327 2758 1417 2783 con-

360 2798 517 2847 dignum
539 2799 644 2846 quod
664 2807 848 2848 aequatur
867 2797 1045 2835 mercedi.
1069 2797 1146 2834 Sed
1166 2799 1291 2836 nullus
1311 2806 1416 2836 actus
1433 2812 1435 2814 ·

357 2851 567 2900 praesentis
602 2851 704 2888 vitae
740 2858 865 2900 potest
901 2850 1055 2900 aequari
1082 2850 1181 2888 vitae
1217 2859 1415 2899 aeternae,

359 2917 456 2953 quae
486 2904 742 2952 cognitionem
772 2912 808 2941 et
836 2904 1066 2941 desiderium
1099 2912 1270 2941 nostrum
1310 2917 1416 2941 exce-

360 2957 423 2994 dit.
450 2957 608 2994 Excedit
628 2957 742 2994 etiam
763 2957 955 2994 caritatem
970 2957 1033 2994 vel
1053 2957 1294 2994 dilectionem
1313 2958 1413 3005 viae,

359 3010 454 3047 sicut
483 3018 518 3047 et
547 3010 692 3047 excedit
719 3018 903 3047 naturam.
934 3011 1035 3057 Ergo
1055 3010 1175 3046 horno
1195 3022 1272 3047 non
1286 3018 1417 3059 *potest

358 3075 428 3111 per
447 3063 606 3111 gratiam
625 3063 764 3100 mereri
781 3064 900 3101 vitam
930 3070 1124 3099 aeternam
1145 3074 1190 3099 ex
1211 3063 1412 3111 condigno.

414 3117 489 3153 San
509 3127 666 3163 CONTRA,
688 3117 727 3153 id
742 3117 846 3165 quod
862 3115 1030 3153 redditur
1043 3115 1256 3153 secundnm
1274 3116 1416 3153 iustum

359 3169 554 3216 iudicium,
573 3169 725 3207 videtur
743 3182 826 3206 esse
845 3181 993 3206 merces
1013 3168 1213 3216 condigna.
1244 3169 1322 3206 Sed
1339 3170 1417 3206 vita

359 3230 515 3259 aeterna
534 3222 703 3260 redditur
721 3235 744 3259 a
762 3223 848 3259 Deo
867 3222 1080 3259 secundum
1109 3221 1291 3259 iudicium
1316 3222 1417 3259 iusti-

358 3275 450 3319 tiae;
479 3275 691 3312 secundum
720 3276 812 3312 illud
836 3277 868 3312 ΙΙ
894 3275 945 3312 ad
966 3275 1062 3311 Tim.
1083 3286 1118 3311 1v
1135 3273 1171 3310 *z
1200 3273 1246 3311 In
1275 3275 1417 3323 reliquo

358 3329 519 3377 reposita
557 3334 611 3366 est
642 3329 736 3366 mihi
765 3340 908 3365 corona
945 3328 1122 3373 iustitiae,
1151 3339 1265 3375 quam
1294 3329 1422 3365 reddet

411 3445 440 3480 a)
458 3450 622 3472 sanctorum.
640 3461 658 3465 -
677 3446 738 3471 Om.
757 3446 808 3471 EF.

1470 1686 1564 1722 mihi
1574 1687 1761 1723 Dominus
1780 1687 1817 1723 in
1838 1687 1901 1723 illa
1921 1687 1990 1733 die,
2007 1687 2122 1724 iustus
2142 1688 2266 1724 iudex.
2283 1689 2385 1736 Ergo
2406 1689 2524 1726 homo

1471 1746 1638 1776 meretur
1663 1739 1782 1775 vitam
1816 1747 2008 1776 aeternam
2039 1752 2084 1776 ex
2112 1740 2313 1788 condigno.

1524 1793 1749 1829 REsponnsso
1765 1804 1948 1829 mcaNDUM
1964 1793 2068 1841 quod
2088 1805 2185 1841 opus
2203 1793 2439 1831 meritorium
2457 1794 2526 1830 ho-

1470 1844 1581 1881 minis
1619 1845 1816 1893 dupliciter
1853 1845 2083 1890 considerari
2114 1853 2255 1894 potest:
2281 1858 2359 1883 uno
2393 1847 2524 1893 modo,

1472 1898 1684 1934 secundum
1714 1899 1818 1946 quod
1845 1898 2017 1946 procedit
2041 1910 2086 1935 ex
2109 1898 2227 1935 libero
2253 1899 2424 1945 arbitri0;
2454 1899 2527 1936 alio

1472 1951 1603 1998 modo,
1633 1951 1846 1988 secundum
1874 1951 1978 2000 quod
2005 1951 2177 2000 procedit
2205 1964 2249 1988 ex
2277 1952 2394 2000 gratia
2415 1952 2528 2000 Spiri-

1472 2010 1531 2040 tus
1553 2004 1691 2040 Sancti.
1714 2003 1754 2040 Si
1774 2003 2032 2040 consideretur
2046 2004 2257 2041 secundum
2279 2005 2526 2042 substantiam

1473 2057 1609 2105 operis,
1640 2064 1676 2093 et
1702 2057 1913 2094 secundum
1937 2057 2042 2105 quod
2061 2057 2233 2106 procedit
2261 2070 2306 2094 ex
2332 2058 2451 2094 libero
2472 2070 2528 2094 ar-

1472 2109 1596 2156 bitrio,
1618 2109 1671 2146 sic
1689 2122 1768 2146 non
1790 2117 1916 2158 potest
1934 2109 1986 2146 ibi
2007 2122 2088 2146 esse
2110 2110 2354 2158 condignitaS‚
2375 2119 2530 2159 propter

1473 2162 1680 2199 maximam
1706 2162 2025 2210 inaequalitatem.
2048 2163 2124 2199 Sed
2149 2170 2205 2199 est
2222 2163 2274 2199 ibi
2303 2164 2527 2211 congruitas,

1471 2223 1627 2264 propter
1649 2215 1845 2264 quandam
1875 2215 2140 2264 aequalitatem
2169 2216 2445 2264 proportionis:
2473 2216 2529 2253 vi-

1473 2268 1582 2305 detur
1610 2268 1711 2305 enim
1737 2280 1949 2316 congruum
1977 2276 2019 2305 ut
2036 2268 2184 2306 homini
2208 2269 2380 2318 operanti
2398 2281 2530 2306 secun-

1474 2322 1566 2358 dum
1583 2333 1692 2358 suam
1707 2321 1896 2368 virtutem,
1912 2322 2017 2358 Deus
2036 2330 2303 2370 recompenset
2318 2322 2528 2359 secundum

1473 2374 1730 2411 excellentiam
1749 2386 1841 2411 suae
1860 2374 2019 2411 virtutis.

1527 2427 1566 2464 Si
1586 2434 1713 2464 autem
1733 2428 1936 2475 loquamur
1960 2427 2008 2463 de
2028 2438 2145 2474 opere
2174 2426 2368 2463 meritorio
2397 2439 2530 2464 secun-

1473 2481 1565 2517 dum
1585 2481 1690 2530 quod
1712 2480 1884 2528 procedit
1907 2492 1952 2516 ex
1970 2480 2088 2527 gratia
2117 2479 2275 2528 Spiritus
2304 2479 2448 2527 Sancti,
2479 2480 2530 2516 sic

1474 2542 1529 2570 est
1556 2533 1791 2570 meritorium
1811 2533 1911 2569 vitae
1937 2540 2112 2569 aeternae
2133 2545 2178 2569 ex
2198 2532 2387 2580 condigno
2406 2532 2436 2569 ³¹².
2468 2533 2530 2569 Sic

1473 2586 1574 2623 enim
1601 2587 1711 2623 valor
1738 2586 1860 2622 meriti
1889 2585 2091 2623 attenditur
2118 2585 2328 2622 secundum
2356 2585 2531 2622 virtutem

1474 2639 1632 2688 Spiritus
1661 2638 1787 2675 Sancti
1810 2638 1999 2675 moventis
2018 2651 2088 2675 nos
2116 2639 2153 2674 in
2172 2638 2289 2675 vitam
2318 2646 2529 2684 aeternam;

1472 2692 1684 2729 secundum
1718 2692 1808 2728 illud
1837 2693 1941 2728 Ioan.
1963 2692 2051 2728 1v*:
2080 2692 2163 2727 Fiet
2176 2692 2212 2727 in
2229 2703 2272 2727 eo
2289 2692 2385 2739 fons
2408 2703 2531 2740 aquae

1470 2745 1633 2782 salientis
1652 2745 1688 2781 in
1705 2745 1819 2781 vitam
1842 2750 2046 2781 aeternam.
2070 2744 2283 2780 Attenditur
2311 2743 2423 2780 etiam
2446 2757 2530 2793 pre—

1471 2799 1566 2835 tium
1603 2798 1728 2846 operis
1764 2798 1975 2834 secundum
2014 2797 2230 2844 dignitatem
2270 2797 2428 2844 gratiae,
2462 2810 2531 2845 per

1473 2863 1588 2901 quam
1608 2852 1738 2897 homo,
1760 2863 1917 2887 consors
1937 2849 2056 2887 fac'tus
2077 2850 2226 2886 divinae
2249 2857 2416 2896 naturae,
2439 2850 2529 2887 ado—

1472 2912 1596 2953 ptatur
1614 2900 1652 2940 in
1671 2903 1791 2940 filium
1811 2903 1895 2950 Dei,
1916 2904 1976 2939 cui
1997 2903 2155 2940 debetur
2173 2902 2361 2939 hereditas
2382 2914 2426 2939 ex
2446 2902 2529 2952 ipso

1473 2958 1552 2994 iure
1581 2955 1815 3004 adoptionis,
1844 2956 2053 2993 secundum
2087 2956 2178 2992 illud
2205 2956 2316 2992 Rom.
2342 2967 2402 2992 vm
2426 2955 2461 2992 *ε
2491 2956 2533 2992 Si

1461 3011 1551 3058 filii,
1572 3015 1608 3046 et
1632 3010 1794 3046 heredes.

1526 3065 1584 3099 AD
1614 3073 1750 3099 emulum
1773 3073 1871 3098 ERGO
1897 3073 2080 3098 memnon
2107 3061 2213 3108 quod
2240 3061 2448 3109 Apostolus
2476 3061 2530 3097 lo-

1474 3116 1600 3164 quitur
1628 3115 1676 3151 de
1703 3114 1943 3163 passionibus
1972 3121 2190 3151 sanctorum
2219 3114 2431 3151 secundum
2467 3125 2531 3150 eo-

1474 3181 1559 3206 rum
1589 3167 1851 3204 substantiam.

1526 3224 1585 3258 An
1605 3232 1794 3257 SECUNDUM
1812 3231 1995 3257 mcENDuM
2015 3220 2120 3269 quod
2147 3219 2311 3256 verbum
2341 3220 2501 3256 Glossae
2516 3217 2532 3248 β

1474 3273 1756 3321 intelligendum
1795 3280 1851 3309 est
1879 3280 2064 3320 quantum
2099 3273 2146 3310 ad
2181 3272 2346 3321 primam
2376 3284 2531 3309 causam

1476 3326 1723 3376 perveniendi
1751 3326 1799 3363 ad
1826 3325 1945 3363 vitam
1975 3333 2179 3373 aeternam,
2209 3337 2308 3374 quae
2337 3320 2392 3362 est
2420 3325 2532 3362 mise—

1531 3444 1556 3479 β)
1579 3445 1698 3470 Glossae.
1715 3459 1733 3464 -
1752 3443 1822 3469 illius
1843 3444 1952 3469 Glossae
1970 3444 2016 3468 Pa.
2033 3457 2053 3463 -
2070 3446 2206 3468 aeternam
2224 3451 2277 3468 om.
2296 3443 2348 3468 EF.

2558 2548 2567 2557 ⁴
2582 2547 2610 2569 n.
2625 2547 2675 2576 ²³83·

2559 2706 2568 2714 ·
2583 2704 2649 2726 Vers.
2664 2711 2697 2731 ¹4·

2558 2970 2567 2978 ·
2582 2967 2650 2989 Vers.
2664 2973 2694 2995 ¹7·
