2840 4010
136 1613 262 1640 *Propter
266 1618 346 1639 Nquan

134 1639 211 1666 doque
225 1639 318 1660 om.1².

138 2508 146 2516 ·
158 2506 205 2533 Qu.
214 2511 296 2532 cxxxv,
306 2508 347 2526 art.

142 2814 150 2821 ·
162 2812 199 2834 Cf.
214 2818 277 2833 num.
292 2819 322 2833 vi.

143 2840 161 2848 ⁹·
171 2839 319 2860 Cf.num.1x.

1062 173 1327 221 QUAEs‘rio
1357 173 1458 218 cix,

372 258 426 306 gis
454 258 615 294 liberum
645 257 840 294 arbitrium
868 254 1034 292 hominis
1063 252 1203 289 infirmi
1231 259 1318 299 post
1341 262 1429 310 pec-

374 318 511 358 catum,
542 310 646 360 quod
665 308 678 331 δ
707 304 909 358 impeditur
938 319 959 343 a
988 307 1091 342 bono
1125 317 1194 354 per
1223 303 1431 352 corruptio-

374 375 462 400 nem
491 371 657 400 naturae.

426 417 484 452 AD
504 427 693 452 SECUNDUM
713 424 895 450 DICENDUM
916 411 1020 460 quod
1039 421 1198 459 peccare
1219 408 1310 446 nihil
1329 398 1432 447 aliud

375 476 429 505 est
456 480 572 516 quam
602 467 764 503 deficere
793 477 814 501 a
843 465 947 501 bono
977 463 1082 511 quod
1117 462 1296 499 convenit
1323 462 1432 499 alicui

373 520 583 557 secundum
605 531 713 556 suam
737 525 923 554 naturam.
945 517 1209 564 Unaquaeque
1224 523 1352 552 autem
1373 527 1432 552 res

374 580 508 617 creata,
538 572 634 608 sicut
661 583 743 607 esse
772 582 850 606 non
879 570 993 606 habet
1012 568 1083 606 nisi
1103 569 1150 605 ab
1171 568 1255 615 alio,
1278 575 1313 604 et
1333 568 1371 605 in
1391 581 1431 605 se

373 625 607 661 considerata
641 631 696 660 est
733 622 844 668 nihil,
883 622 933 659 ita
965 621 1106 669 indiget
1144 621 1362 658 conservari
1395 621 1432 658 in

373 678 475 714 bono
509 689 600 713 suae
629 684 784 713 naturae
821 675 1064 712 convenienti
1098 675 1146 711 ab
1179 674 1265 711 alio.
1304 675 1434 711 Potest

374 191 447 226 292

424 792 448 826 δ)
467 793 546 825 quod.
565 807 583 811 -
597 799 649 824 per
667 793 738 824 quod
757 793 803 817 Pa.
824 811 830 819 ,

1489 172 1785 210 ARTICULUS
1815 174 1847 210 II

1487 258 1614 287 autem
1629 256 1641 272 ⁸
1660 262 1729 299 per
1748 250 1912 300 seipsam
1939 251 2103 289 deficere
2122 265 2145 290 a
2164 254 2285 291 bono:
2311 253 2407 290 sicut
2427 260 2463 290 et
2482 265 2551 302 per

1487 303 1651 352 seipsam
1672 310 1798 352 potest
1816 303 1981 341 deficere
2002 304 2040 341 in
2059 315 2138 342 non
2158 317 2253 354 esse,
2275 306 2345 344 nisi
2370 305 2549 344 divinitus

1489 363 1785 393 conservaretur.
2020 398 2033 411 ⁸

1540 411 1598 446 AD
1627 421 1786 446 ”marium
1816 421 2000 447 DICENDUM
2028 410 2134 458 quod
2164 409 2277 447 etiam
2306 423 2444 448 verum
2469 424 2548 449 non

1486 470 1612 512 potest
1638 464 1758 499 homo
1779 474 2010 510 cognoscere
2030 462 2110 499 sine
2130 462 2269 500 auxilio
2291 463 2434 510 divino,
2454 464 2551 502 sicut

1487 527 1602 564 supra
1625 515 1645 537 ’¹‘
1674 516 1817 552 dictum
1846 523 1913 552 est.
1948 516 1996 552 Et
2024 522 2153 552 tamen
2182 515 2301 563 magis
2333 523 2389 552 est
2417 523 2551 555 natura

1486 569 1657 605 humana
1677 576 1853 617 corrupta
1880 581 1948 617 per
1975 575 2174 618 peccatum
2198 575 2385 617 quantum
2414 569 2463 606 ad
2485 580 2550 617 ap-

1487 621 1647 670 petitum
1682 621 1794 668 boni,
1831 634 1948 670 quarn
1984 629 2170 670 quantum
2208 621 2256 658 ad
2294 621 2550 669 cognitionem

1487 687 1580 711 ven.

1542 794 1563 825 ε)
1582 797 1681 818 autem.
1699 806 1716 811 ·-
1735 792 1804 817 enim
1824 792 1872 818 Pa.

1048 871 1379 904 Commentario„
1402 871 1651 904 Cardinalis
1673 871 1872 904 Caietam

401 961 420 981 N
441 950 577 981 articulis
601 950 751 986 secundo,
769 950 861 980 tertio
882 957 912 980 et
937 957 1050 991 quarto
1068 950 1211 980 eiusdem
1235 950 1436 980 centesimae-

375 963 507 1025 Inonae
525 994 729 1035 quaestionis,
754 994 888 1024 dubium
913 994 1049 1025 occurrit
1072 993 1197 1033 duplex.
1214 993 1358 1024 Primum
1381 1001 1435 1030 est,

371 1049 411 1069 an
434 1048 489 1079 per
512 1039 677 1069 hominem
701 1039 732 1068 in
752 1043 837 1069 statu
863 1043 1000 1069 naturae
1024 1039 1182 1079 integrae,
1198 1037 1352 1078 intelligat
1370 1040 1436 1068 Au-

372 1090 439 1114 ctor
451 1083 616 1113 hominem
633 1082 770 1122 praecise
782 1083 814 1112 in
831 1082 1037 1119 naturalibus,
1055 1082 1178 1112 secluso
1193 1081 1281 1112 omni
1298 1082 1434 1122 gratuito

372 1127 478 1162 dono,
504 1134 534 1157 et
558 1127 646 1157 omni
670 1133 799 1166 peccato
830 1126 977 1166 praevio:
1003 1136 1042 1156 an
1070 1126 1235 1156 hominem
1266 1126 1435 1156 habentem

372 1171 495 1201 donum
519 1171 655 1201 iustitiae
685 1170 853 1210 originalis,
879 1170 910 1200 Si
935 1170 1021 1200 enim
1044 1177 1091 1200 est
1114 1180 1218 1200 sermo
1243 1171 1281 1199 de
1304 1169 1435 1200 homine

372 1215 404 1244 in
428 1215 515 1254 puris
531 1215 736 1250 naturalibus,
754 1224 820 1253 quo
837 1214 937 1243 modo
955 1213 1172 1244 consideratur
1190 1223 1207 1243 a
1223 1213 1433 1254 philosophis,

372 1259 415 1289 sic
439 1259 516 1288 falsa
539 1265 585 1289 est
609 1258 750 1289 doctrina
765 1258 835 1288 ista.
852 1258 935 1288 Nam
957 1258 1057 1288 homo
1081 1257 1112 1287 in
1130 1257 1216 1297 puris
1240 1258 1434 1288 naturalibus

371 1310 418 1333 est
441 1302 638 1342 compositus
663 1313 699 1333 ex
723 1302 846 1332 duabus
870 1301 1003 1338 naturis,
1027 1301 1174 1332 sensitiva
1198 1301 1315 1332 scilicet
1338 1309 1368 1332 et
1390 1312 1435 1332 ra—

371 1347 490 1382 tionali,
511 1357 593 1387 quae
616 1347 675 1377 sibi
697 1346 834 1377 invicem
864 1346 1083 1383 adversantur,
1107 1345 1202 1376 altera
1227 1346 1266 1376 ad
1289 1346 1434 1377 sensibile

371 1392 507 1427 bonum,
538 1391 633 1421 altera
656 1391 696 1421 ad
718 1391 841 1421 bonum
863 1390 993 1421 rationis
1023 1390 1180 1421 tendente.
1196 1390 1328 1430 Propter
1346 1391 1435 1430 quod

372 1445 437 1465 non
461 1435 567 1465 solum
591 1435 737 1465 homines
769 1442 804 1465 ut
827 1434 859 1464 in
890 1434 1034 1475 pluribus
1057 1445 1075 1464 a
1098 1435 1186 1464 bono
1210 1434 1339 1464 rationis
1363 1433 1435 1465 defi-

372 1479 474 1515 ciunt;
499 1480 563 1515 sed,
590 1479 670 1510 sicut
693 1478 890 1519 impossibile
914 1485 960 1509 est
983 1485 1018 1509 ut
1041 1478 1073 1508 in
1098 1488 1231 1518 corpore
1254 1478 1434 1518 composito

373 1533 408 1553 ex
432 1523 594 1554 contrariis
618 1533 684 1554 non
707 1523 903 1563 quandoque
932 1523 1084 1553 exorbitet
1107 1522 1239 1562 aliquod
1263 1522 1434 1553 contrario-

372 1577 454 1604 rum,
470 1568 513 1598 ita
536 1567 731 1608 impossibile
748 1574 794 1598 est
817 1574 862 1603 ut,
880 1567 1070 1607 appetitibus
1088 1566 1434 1608 existentibuscontra·

372 1612 433 1648 riis,
452 1622 517 1642 non
534 1612 707 1642 declinetur
723 1611 828 1652 aliqua
844 1621 880 1642 ex
896 1618 983 1651 parte
998 1611 1193 1652 quandoque
1209 1610 1235 1640 *.
1249 1628 1269 1633 -
1279 1610 1311 1641 Si
1327 1618 1435 1642 autem

373 1663 418 1686 est
441 1666 545 1687 sermo
570 1657 608 1686 de
631 1656 762 1686 homine
785 1656 919 1686 habente
943 1656 1066 1686 donum
1088 1653 1254 1697 'originalis
1277 1654 1434 1692 iustitiae,

372 1701 453 1731 male
477 1700 590 1731 dicitur
604 1701 692 1741 quod
715 1700 815 1731 homo
831 1700 864 1730 in
888 1706 970 1731 statu
995 1707 1123 1730 naturae
1139 1699 1277 1739 integrae
1301 1709 1357 1739 per
1378 1709 1436 1730 sua

372 1744 524 1775 naturalia
547 1744 608 1775 hoc
622 1745 735 1784 possit:
761 1745 849 1786 quod
873 1744 958 1774 enim
981 1744 1081 1774 homo
1105 1750 1211 1783 potest
1233 1753 1289 1783 per
1312 1744 1435 1774 donum

372 1789 530 1829 originalis
553 1789 699 1825 iustitiae,
717 1799 782 1819 non
807 1795 911 1828 potest
934 1798 990 1828 per
1013 1798 1069 1818 sua
1093 1787 1255 1818 naturalia.

427 1834 463 1864 11.
481 1833 664 1864 Secundum
679 1833 814 1863 dubium
831 1833 991 1873 praedicto
1009 1831 1192 1872 proximum
1208 1839 1268 1862 est:
1287 1831 1365 1872 quid
1380 1842 1436 1872 per

373 1883 524 1908 naturam
549 1883 733 1917 corruptam
757 1877 998 1916 intelligendum
1022 1876 1069 1906 sit.
1087 1878 1154 1906 Aut
1173 1875 1259 1906 enim
1282 1875 1436 1916 significat

373 1929 519 1952 naturam
535 1922 593 1951 sibi
609 1922 669 1962 ipsi
682 1921 870 1958 derelictam,
889 1921 956 1951 sola
969 1920 1087 1951 iustitia
1104 1920 1248 1960 originali
1263 1920 1434 1960 privatam:

373 1973 427 1996 aut
450 1973 605 1997 naturam
630 1966 711 1997 ultra
739 1965 826 1995 illam
856 1965 1081 2006 privationem,
1106 1964 1246 2005 aliquem
1278 1965 1435 1996 defectum

372 2010 550 2040 habentem.
569 1998 602 2040 Si
625 2017 736 2041 natura
751 2020 826 2040 cum
844 2009 912 2040 sola
928 2009 1103 2050 privatione
1119 2008 1255 2039 iustitiae
1275 2009 1435 2050 originalis

372 2054 565 2094 intelligitur,
583 2065 657 2085 cum
680 2051 813 2094 privatio
838 2053 896 2084 ista
919 2063 985 2083 non
1010 2053 1049 2084 sit
1072 2052 1197 2093 negatio
1226 2053 1358 2084 alicuius
1382 2063 1435 2084 na-

372 2099 490 2135 turalis,
507 2100 561 2129 sed
584 2099 711 2139 gratuiti
734 2105 872 2134 tantum;
898 2105 928 2128 et
951 2097 1029 2127 nihil
1053 2104 1152 2138 ponat
1174 2097 1206 2127 in
1231 2097 1361 2128 homine
1377 2097 1436 2128 nisi

373 2150 518 2174 naturam
542 2142 790 2173 obedientialiter
813 2149 919 2182 aptam
936 2148 1043 2172 natam
1066 2142 1180 2172 habere
1202 2141 1307 2172 illam:
1332 2142 1435 2183 sequi-

373 2194 423 2218 tur
446 2187 535 2228 quod
558 2194 669 2218 natura
693 2193 849 2227 corrupta,
868 2194 898 2217 et
922 2193 1032 2217 natura
1055 2186 1086 2216 in
1111 2186 1199 2226 puris
1223 2186 1435 2223 naturalibus,

373 2228 713 2272 aequivaleant'quoad
725 2231 899 2261 naturalem
911 2230 1132 2261 sufficientiam
1145 2230 1297 2271 operandi
1313 2231 1436 2262 bonum

374 2283 502 2306 naturae
526 2276 823 2316 proportionatum,
850 2275 943 2316 quale
968 2281 1014 2305 est
1036 2275 1159 2305 bonum
1183 2274 1307 2305 virtutis
1330 2275 1436 2317 acqui-

373 2320 458 2350 sitae.
483 2320 524 2350 Et
547 2320 591 2350 sic
614 2319 692 2350 nihil
725 2320 831 2350 minus
863 2318 1037 2349 sufficimus
1061 2319 1100 2349 ad
1124 2319 1262 2355 bonum,
1287 2319 1437 2351 habentes

374 2370 519 2394 naturam
532 2364 662 2404 lapsam.
679 2381 700 2387 —
717 2364 749 2394 Si
764 2373 839 2394 vero
863 2363 1053 2403 intelligatur
1076 2369 1186 2394 natura
1203 2371 1278 2394 curn
1299 2363 1353 2394 illa
1371 2364 1436 2404 pri-

373 2408 500 2439 vatione
521 2416 552 2439 et
574 2409 682 2449 aliquo
708 2407 846 2443 defectu,
872 2414 949 2447 puta
973 2407 1129 2447 pronitate
1152 2407 1290 2447 partium
1314 2408 1437 2439 animae

374 2454 413 2483 ad
436 2452 579 2493 propria:
597 2459 672 2483 tunc
688 2459 718 2483 et
738 2452 925 2482 salvandum
948 2459 994 2482 est
1009 2452 1177 2492 quomodo
1194 2462 1250 2492 per
1272 2459 1438 2492 peccatum

375 2507 440 2528 non
456 2497 621 2537 personale
637 2497 670 2527 in
694 2496 888 2527 naturalibus
904 2495 1007 2536 puniti
1031 2506 1152 2532 sumus,
1174 2506 1248 2527 cum
1263 2497 1407 2537 superius
1418 2496 1437 2515 ⁴¹*

375 2541 499 2582 punitio
513 2541 546 2571 in
561 2541 714 2581 gratuitis,
735 2547 765 2571 et
781 2550 846 2571 non
862 2541 894 2570 in
911 2540 1116 2576 naturalibus,
1137 2540 1218 2571 dicta
1234 2540 1288 2577 sit;
1309 2547 1340 2572 et
1357 2551 1437 2583 quo·

375 2586 474 2616 modo
499 2591 609 2616 natura
631 2585 664 2615 in
688 2585 828 2625 partibus
847 2585 970 2615 animae
993 2584 1123 2615 incurrit
1146 2585 1205 2615 hos
1229 2583 1382 2622 defectus,
1408 2593 1438 2617 et

375 2631 407 2660 in
432 2640 563 2670 corpore
587 2629 723 2665 nullum,
748 2639 785 2659 ex
808 2639 871 2659 una
895 2635 926 2659 et
953 2629 1063 2659 eadem
1088 2639 1182 2659 causa
1205 2638 1262 2668 per
1284 2629 1436 2667 accidens,

376 2674 492 2705 scilicet
515 2673 691 2714 privatione
715 2673 874 2713 originalis
897 2673 1042 2703 iustitiae.

433 2719 484 2749 111.
501 2719 551 2749 Ad
575 2718 765 2748 evidentiam
788 2717 883 2748 huius
899 2717 953 2753 rei,
970 2717 1027 2748 tria
1047 2716 1147 2747 facere
1162 2724 1304 2757 oportet:
1322 2717 1436 2758 primo,

377 2763 454 2804 quid
473 2763 602 2798 clarum,
621 2769 651 2792 et
666 2762 743 2803 quid
760 2763 933 2793 obscurum
950 2761 1000 2792 hic
1016 2761 1071 2797 sit;
1097 2761 1248 2797 secundo,
1266 2761 1344 2802 quid
1360 2762 1436 2792 veri-

377 2813 422 2838 tas
438 2807 550 2837 habeat
561 2806 591 2842 *;
611 2805 714 2842 tertio,
731 2806 898 2847 quomodo
915 2805 1108 2836 obiectiones
1124 2805 1294 2836 solvendae
1310 2812 1384 2836 sunt
1393 2805 1436 2836 **.

378 2851 493 2888 Quoad
506 2851 655 2891 primum,
669 2858 781 2881 natura
797 2857 912 2886 nostra,
926 2857 1083 2890 quantum
1099 2850 1138 2879 ad
1151 2849 1353 2890 propositum
1369 2859 1437 2891 spe-

378 2902 458 2931 ctat,
485 2895 517 2925 in
541 2895 683 2935 quinque
706 2894 855 2930 statibus,
877 2904 932 2924 seu
957 2894 1074 2930 modis,
1101 2893 1291 2924 considerari
1314 2900 1436 2934 potest:

378 2939 491 2979 primo,
509 2939 541 2969 in
556 2939 643 2978 puris
660 2939 872 2974 naturalibus;
898 2939 1049 2975 secundo,
1066 2938 1097 2968 in
1122 2945 1205 2969 statu
1223 2947 1366 2968 consono
1383 2948 1437 2968 na-

378 2990 464 3013 turae
488 2983 648 3019 rationali,
675 2990 711 3013 ut
734 2982 849 3014 scilicet
872 2989 1011 3013 servetur
1043 2982 1198 3013 rectitudo
1222 2982 1382 3013 rationalis
1405 2982 1438 3012 in

379 3027 527 3057 omnibus
560 3027 699 3067 partibus
724 3027 865 3063 animae;
890 3027 1001 3063 tertio,
1026 3026 1058 3057 in
1090 3033 1171 3058 statu
1196 3026 1272 3057 doni
1302 3026 1438 3058 iustitiae

380 3071 548 3110 originaliS,
565 3071 685 3101 seclusa
704 3071 801 3111 gratia
818 3077 942 3111 gratum
958 3071 1088 3102 faciente
1109 3071 1284 3101 secundum
1307 3080 1375 3101 rem
1389 3070 1439 3102 vel

380 3115 549 3151 rationem;
575 3122 697 3155 quarto,
714 3115 746 3151 in
766 3122 847 3146 statu
864 3115 980 3155 gratiae
996 3122 1122 3156 gratum
1139 3112 1294 3151 facientis&
1315 3114 1438 3155 quinto,

381 3158 411 3188 in
437 3165 517 3188 statu
541 3166 669 3189 naturae
693 3160 807 3199 lapsae.
826 3160 865 3190 Et
888 3159 959 3190 licet
980 3159 1013 3190 in
1038 3159 1085 3190 his
1102 3159 1234 3190 statibus
1257 3159 1348 3199 plura
1371 3168 1440 3189 exa-

382 3202 530 3232 minanda
551 3203 658 3233 induci
681 3210 825 3243 possunt,
846 3204 878 3233 in
902 3204 1067 3244 proposito
1091 3210 1197 3234 tamen
1220 3210 1288 3234 tota
1310 3202 1441 3234 difficul-

383 3252 429 3275 tas
452 3246 592 3277 consistit
607 3247 639 3276 in
664 3247 833 3278 differentia
849 3247 929 3278 inter
945 3248 1121 3278 secundum
1141 3255 1171 3278 et
1195 3247 1332 3278 tertium·
1351 3247 1440 3278 Alio-

383 3299 455 3319 rum
478 3299 615 3330 namque
639 3290 827 3322 differentiae
861 3291 951 3322 facile
975 3298 1097 3331 patent:
1126 3302 1201 3322 nam
1223 3292 1255 3322 in
1287 3298 1440 3332 promptu

385 3339 467 3363 sunt.
484 3333 550 3363 Nisi
567 3334 637 3374 quis
661 3344 726 3364 non
749 3341 889 3375 penetret
912 3335 1117 3366 differentiam
1141 3336 1220 3366 inter
1243 3343 1388 3370 naturam
1408 3335 1441 3366 in

384 3376 470 3416 puris
489 3378 690 3413 naturalibus,
709 3386 738 3409 et
753 3386 897 3409 naturam
917 3379 1047 3418 lapsam.
1065 3379 1165 3416 Quae,
1183 3387 1218 3411 ut
1234 3380 1329 3411 unico
1345 3380 1441 3410 verbo

385 3420 524 3455 dicatur,
550 3427 635 3451 tanta
659 3429 704 3451 est
732 3430 850 3462 quanta
877 3430 922 3453 est
946 3423 1026 3454 inter
1053 3434 1222 3463 personam
1253 3425 1375 3455 nudam
1403 3425 1441 3454 ab

385 3463 485 3499 initio,
499 3471 529 3495 et
539 3474 706 3504 personam
723 3466 937 3506 exspoliatam.
951 3467 991 3498 Et
1002 3467 1063 3497 hoc
1078 3467 1149 3498 dico
1167 3469 1343 3498 secundum
1357 3477 1440 3498 rem:

386 3509 562 3538 secundum
585 3508 721 3538 rationes
744 3519 819 3539 vero
843 3519 957 3545 rerum,
976 3510 1075 3540 multa
1100 3511 1279 3542 adveniunt.

1546 951 1633 981 Sicut
1649 951 1733 980 enim
1750 959 1884 990 persona
1902 951 1997 986 nuda,
2011 957 2042 981 et
2057 960 2193 991 persona
2208 951 2389 991 exspoliata,
2406 960 2472 981 non
2493 951 2552 986 dis-

1491 995 1678 1036 tinguuntur
1705 994 1737 1024 in
1761 994 1823 1024 hoc
1850 994 1940 1034 quod
1964 1004 2027 1025 una
2051 995 2091 1026 sit
2113 995 2214 1035 magis
2238 1003 2293 1026 aut
2315 995 2423 1025 minus
2446 995 2550 1031 nuda;

1490 1040 1532 1070 ita
1555 1046 1666 1070 natura
1690 1038 1722 1068 in
1747 1037 1833 1077 puris
1858 1038 2061 1075 naturalibus,
2079 1045 2110 1069 et
2131 1046 2244 1070 natura
2259 1039 2432 1079 exspoliata
2455 1039 2552 1079 gratia

1490 1091 1520 1114 et
1543 1083 1660 1114 iustitia
1683 1082 1840 1122 originali,
1861 1092 1928 1112 non
1952 1081 2099 1113 differunt
2114 1093 2170 1124 per
2194 1083 2254 1114 hoc
2273 1084 2362 1124 quod
2386 1083 2480 1114 altera
2505 1093 2551 1113 ea-

1490 1138 1561 1158 rum
1585 1127 1624 1158 sit
1647 1126 1746 1166 magis
1765 1133 1820 1156 aut
1840 1126 1946 1156 minus
1970 1125 2002 1156 in
2022 1127 2216 1157 naturalibus
2240 1127 2398 1158 destituta.
2415 1127 2456 1158 Et
2471 1127 2550 1158 ratio

1489 1179 1535 1203 est
1549 1164 1623 1212 quia
1647 1170 1807 1201 destitutio
1831 1180 1967 1210 sequens
1983 1170 2245 1222 exspoliationem
2268 1172 2384 1211 gratiae
2407 1178 2438 1202 et
2460 1171 2547 1202 iusti—

1487 1216 1548 1247 tiae
1572 1215 1740 1265 originalis,
1757 1224 1822 1244 non
1846 1221 1893 1244 est
1916 1214 2043 1245 effectus
2066 1214 2150 1245 illius
2173 1215 2232 1245 nisi
2255 1224 2312 1254 per
2334 1215 2491 1252 accidens,
2516 1223 2552 1247 ut

1488 1260 1678 1291 removentis
1694 1258 1884 1299 prohibens:
1910 1258 2096 1298 exspoliatio
2113 1258 2199 1289 enim
2222 1259 2350 1290 abstulit
2363 1260 2497 1299 gratiam
2520 1267 2551 1292 et

1487 1304 1649 1339 iustitiam,
1666 1313 1747 1343 quae
1770 1302 1957 1343 prohibebat
1978 1303 2059 1333 vires
2083 1302 2206 1333 animae
2234 1302 2411 1334 secundum
2432 1303 2551 1345 seipas

1488 1348 1625 1388 disponi.
1649 1348 1695 1378 Ex
1726 1353 1908 1377 removente
1939 1356 2077 1388 namque
2108 1347 2280 1388 prohibens
2310 1356 2378 1378 non
2409 1347 2552 1389 sequitur

1488 1391 1590 1423 maior
1609 1399 1663 1422 aut
1685 1391 1791 1422 minor
1814 1391 1940 1422 effectus
1964 1391 2113 1422 naturalis
2133 1401 2231 1432 quam
2253 1401 2290 1422 ex
2310 1398 2422 1422 natura
2440 1398 2551 1433 sequa-

1488 1443 1557 1468 tur:
1583 1447 1647 1467 non
1672 1436 1756 1466 enim
1789 1435 1888 1475 magis
1912 1442 1967 1466 aut
1990 1435 2096 1466 minus
2126 1443 2275 1467 movetur
2301 1435 2400 1477 lapis,
2426 1442 2552 1468 remoto

1488 1481 1684 1522 prohibente,
1698 1490 1796 1520 quam
1811 1490 1828 1510 a
1842 1479 1992 1520 gravitate
2006 1479 2135 1520 propria
2149 1480 2294 1511 absolute
2308 1479 2419 1511 fuisset
2432 1486 2550 1512 motus.

1488 1526 1621 1565 Propter
1644 1525 1741 1565 quod,
1759 1533 1832 1554 curn
1849 1531 1960 1554 natura
1984 1533 2020 1554 ex
2039 1530 2168 1564 peccato
2189 1524 2335 1564 originali
2358 1524 2398 1555 sit
2416 1524 2475 1555 sibi
2490 1523 2552 1566 ipsi

1489 1569 1634 1600 derelicta
1656 1576 1721 1599 tam
1744 1567 1777 1598 in
1800 1567 1905 1598 anima
1933 1578 2031 1609 quam
2054 1568 2086 1598 in
2111 1578 2259 1612 corpore,
2285 1578 2351 1599 non
2374 1568 2478 1599 maior
2500 1569 2552 1599 de-

1489 1614 1610 1644 stitutio
1635 1620 1680 1643 est
1702 1612 1734 1642 in
1758 1618 1869 1642 natura
1883 1612 1976 1655 ‚lapsa
1997 1621 2096 1653 quam
2111 1612 2143 1643 in
2167 1619 2279 1643 natura
2296 1613 2329 1643 in
2346 1613 2434 1653 puris
2456 1618 2550 1644 natu·

1489 1658 1614 1688 ralibus.
1633 1657 1720 1687 Sicut
1742 1666 1808 1686 non
1832 1662 1878 1686 est
1901 1656 2000 1696 magis
2025 1656 2184 1688 redditum
2209 1656 2412 1697 corruptibile
2436 1664 2552 1698 corpus

1489 1709 1634 1732 nostrum
1654 1711 1690 1731 ex
1713 1707 1842 1741 peccato
1866 1700 2010 1740 originali
2029 1700 2088 1731 sibi
2111 1700 2307 1737 derelictum,
2322 1710 2422 1742 quam
2445 1711 2483 1732 ex
2496 1711 2552 1732 na-

1488 1753 1559 1777 tura
1582 1745 1690 1776 fuisset
1713 1745 1904 1785 simpliciter.

1544 1790 1606 1820 Sed
1628 1795 1784 1839 quantum
1808 1789 1847 1819 ad
1871 1788 2008 1819 rationes
2027 1799 2143 1826 rerum,
2159 1798 2275 1829 magna
2297 1787 2472 1820 differentia
2493 1795 2550 1821 est.

1489 1834 1572 1872 Quia
1596 1834 1676 1864 sicut
1697 1833 1729 1863 in
1757 1842 1892 1873 persona
1923 1833 2010 1863 nuda
2032 1832 2157 1864 nuditas
2188 1832 2364 1873 negationis
2385 1832 2553 1864 rationem

1489 1878 1616 1914 habet‚'
1609 1888 1641 1908 in
1666 1877 1838 1917 exspoliata
1860 1887 1936 1907 vero
1955 1877 2050 1909 habet
2073 1877 2228 1908 rationem
2251 1877 2436 1917 privationis
2458 1877 2553 1908 vestis

1490 1922 1611 1953 debitae
1631 1921 1817 1958 conservari,
1834 1927 1907 1958 etc.;
1924 1921 1966 1952 ita
1990 1921 2130 1953 defectus
2147 1921 2271 1952 animae
2288 1929 2318 1953 et
2340 1922 2483 1962 corporis
2498 1930 2552 1953 na*

1489 1974 1577 1997 turae
1599 1966 1632 1996 in
1656 1965 1742 2006 puris
1758 1965 1952 1996 naturalibus
1977 1975 2034 1997 nec
2057 1966 2169 2006 culpae
2185 1965 2387 2007 ‘nec‘poenae
2413 1975 2471 1997 nec
2485 1965 2553 1997 vul-

1489 2021 1612 2047 nerum,
1629 2017 1697 2047 etc„
1715 2010 1870 2040 rationem
1886 2009 2013 2046 habent,
2029 2010 2084 2040 sed
2101 2009 2295 2040 naturalium
2309 2009 2551 2048 conditionum:

1489 2055 1522 2085 in
1554 2061 1665 2085 natura
1696 2061 1803 2085 autern
1832 2054 1920 2094 lapsa
1951 2054 2067 2084 habent
2105 2054 2551 2095 rationemNcorruptionum,

1488 2099 1667 2135 vulnerum,
1681 2108 1813 2138 poenae,
1831 2105 1861 2129 et
1878 2098 1989 2139 culpae
2005 2098 2037 2128 in
2054 2105 2141 2138 parte
2157 2098 2334 2139 susceptiva
2348 2097 2442 2129 illius.
2459 2097 2553 2130 Unde

1489 2150 1574 2184 patet
1597 2143 1694 2184 quod,
1710 2149 1867 2183 quantum
1882 2142 1922 2172 ad
1945 2142 2164 2173 sufficientiam
2188 2149 2318 2173 naturae
2339 2143 2500 2173 humanae
2513 2142 2554 2173 ad

1489 2198 1586 2228 opera
1609 2195 1737 2218 naturae
1760 2187 2010 2227 proportionata,
2027 2187 2113 2217 idem
2130 2194 2183 2218 est
2201 2186 2357 2218 iudicium
2379 2187 2418 2218 de
2441 2186 2554 2219 natust

1488 2231 1522 2262 in
1546 2232 1632 2272 puris
1655 2229 1864 2267 naturalibus,
1890 2238 1920 2262 et
1943 2232 1982 2261 de
2014 2238 2124 2262 natura
2148 2231 2254 2271 lapsa:
2279 2231 2355 2272 quia
2382 2230 2554 2284 utrobique

1489 2276 1569 2307 vires
1594 2282 1667 2306 sunt
1685 2285 1785 2316 aeque
1809 2274 1988 2315 dispositae.
2007 2275 2095 2306 Licet
2118 2285 2183 2306 non
2203 2275 2242 2306 sit
2265 2275 2350 2306 idem
2374 2275 2412 2307 de
2436 2275 2480 2307 eis
2501 2272 2552 2309 iu·

1490 2321 1609 2351 dicium
1628 2326 1783 2360 quantum
1801 2320 1840 2350 ad
1852 2319 2002 2351 meritum
2016 2320 2066 2350 vel
2079 2319 2278 2356 demeritum,
2296 2326 2362 2350 tam
2377 2319 2410 2349 in
2429 2315 2552 2364 agendo
2568 2324 2569 2327 ’

1490 2375 1588 2406 quam
1611 2364 1643 2394 in
1667 2364 1827 2404 patiendo,
1844 2370 1974 2404 propter
1997 2364 2153 2394 rationem
2176 2364 2298 2404 culpae,
2315 2370 2374 2394 etc.

1547 2409 1700 2439 lV.1nter
1722 2415 1867 2438 naturam
1890 2414 1997 2439 autem
2020 2408 2053 2438 in
2077 2407 2166 2448 puris
2187 2407 2394 2444 naturalibus,
2410 2414 2441 2439 et
2463 2412 2555 2438 natu·

1491 2463 1559 2484 ram
1582 2453 1614 2483 in
1631 2459 1711 2484 statu
1730 2462 1873 2483 consono
1889 2459 2019 2483 naturae
2037 2451 2192 2488 rationali,
2208 2451 2381 2482 differentia
2396 2452 2478 2483 clara
2490 2457 2552 2482 est:

1492 2498 1580 2538 quod
1603 2497 1636 2526 in
1652 2497 1738 2537 puris
1762 2496 1957 2527 naturalibus
1974 2496 2204 2527 contrariantur
2222 2495 2381 2536 appetitus
2399 2495 2554 2527 sensibilis

1492 2549 1523 2572 et
1546 2540 1715 2577 rationalis,
1734 2541 1811 2571 dum
1836 2550 1901 2571 non
1925 2540 2018 2581 plene
2041 2539 2186 2571 rationali
2202 2538 2366 2571 subiicitur
2389 2539 2554 2576 sensibilis,

1492 2586 1546 2616 sed
1563 2585 1602 2616 sit
1624 2585 1712 2623 liber,
1728 2585 1859 2615 tendens
1878 2584 2072 2626 quandoque
2095 2584 2128 2614 in
2144 2584 2312 2625 proprium
2327 2584 2451 2614 bonurn
2465 2593 2555 2625 prae-

1491 2637 1538 2660 ter
1561 2629 1689 2660 rationis
1713 2629 1874 2664 ordinem;
1898 2628 1930 2658 in
1955 2635 2036 2659 statu
2060 2635 2167 2659 autem
2191 2638 2335 2659 consono
2359 2634 2488 2659 naturae
2505 2637 2555 2658 ra-

1492 2674 1620 2709 tionali,
1645 2683 1715 2713 pars
1739 2672 1884 2714 superior
1905 2679 1988 2703 recte
2011 2683 2043 2703 se
2074 2673 2168 2703 habet
2191 2673 2230 2703 ad
2257 2673 2363 2703 Deum
2385 2679 2423 2703 ut
2444 2671 2557 2712 princi-

1492 2718 1583 2758 pium
1607 2717 1752 2748 omnium
1785 2717 1967 2748 naturaliter
1990 2723 2124 2753 notum,
2151 2723 2181 2747 et
2212 2716 2361 2747 inferiora
2383 2726 2402 2747 a
2425 2716 2556 2748 rationis

1493 2762 1613 2798 ordine,
1638 2762 1694 2792 etsi
1726 2761 1898 2792 exorbitare
1928 2761 2067 2802 possint,
2093 2771 2158 2791 non
2182 2767 2288 2791 tamen
2319 2760 2554 2801 permittuntur.

1493 2806 1689 2836 Huiusmodi
1722 2815 1861 2847 namque
1890 2805 1953 2836 vita
1978 2805 2127 2836 naturalis
2157 2811 2204 2836 est
2228 2805 2351 2836 homini
2379 2805 2556 2836 secundum

1492 2850 1676 2880 rationalem
1701 2857 1856 2885 naturam,
1873 2849 2028 2890 quoniam
2052 2850 2192 2880 naturale
2207 2849 2332 2880 bonum
2355 2848 2422 2879 eius
2446 2855 2493 2880 est
2506 2858 2555 2880 se-

1493 2894 1634 2925 cundum
1658 2894 1813 2924 rationem
1830 2902 1912 2924 esse:
1938 2893 2087 2924 naturalis
2112 2901 2218 2924 autem
2234 2903 2300 2924 non
2323 2899 2360 2924 ut
2382 2903 2419 2923 ex
2441 2892 2556 2933 princi*

1492 2938 1552 2979 piis
1575 2945 1703 2968 naturae
1727 2938 1839 2974 fluens,
1856 2938 1910 2968 sed
1934 2945 1970 2969 ut
1993 2938 2170 2969 secundum
2193 2944 2339 2968 naturam
2362 2937 2496 2968 existens
2509 2946 2556 2969 ra-

1493 2982 1654 3013 tionalem.

1551 3027 1654 3067 Super
1685 3026 1770 3057 hunc
1801 3033 1919 3057 statum
1945 3026 2031 3057 addit
2054 3026 2172 3057 iustitia
2204 3025 2363 3067 originalis
2395 3024 2556 3057 indefecti·-

1493 3071 1590 3101 bilem
1614 3070 1759 3101 ordinem
1783 3076 1813 3101 et
1837 3069 1977 3111 corporis
2001 3071 2060 3101 sub
2089 3069 2210 3107 anima,
2235 3076 2266 3100 et
2287 3068 2475 3101 inferiorum
2497 3068 2557 3101 sub

1494 3115 1659 3166 superiori,
1684 3114 1825 3156 quandiu
1850 3114 1994 3155 superius
2019 3121 2065 3145 est
2088 3115 2146 3145 sub
2171 3123 2332 3154 supremo,
2350 3113 2418 3144 Deo
2441 3113 2559 3144 scilicet

1494 3159 1648 3200 principio
1673 3165 1811 3189 naturae.
1838 3158 1942 3189 Gratia
1967 3165 2074 3189 autem
2104 3158 2191 3189 addit
2218 3157 2410 3199 principium
2433 3156 2559 3188 merito-

1494 3203 1576 3233 rium
1599 3203 1681 3234 vitae
1704 3203 1826 3233 divinae
1843 3203 1876 3233 in
1900 3203 2091 3234 aeternitate.

1550 3248 1588 3278 V.
1605 3247 1663 3278 His
1679 3247 1786 3288 itaque
1805 3247 1849 3278 sic
1864 3257 1898 3278 se
1917 3247 2115 3284 habentibus,
2139 3253 2206 3278 tota
2221 3245 2387 3278 difficultas
2410 3250 2477 3281 est,
2475 3243 2558 3286 quia

1496 3292 1653 3322 secundus
1676 3298 1776 3323 status
1800 3301 1866 3322 non
1890 3297 1936 3322 est
1949 3290 2097 3322 inventus
2114 3300 2264 3342 unquam
2286 3290 2320 3321 in
2338 3289 2447 3331 seipso
2468 3298 2558 3328 aepa-

1496 3342 1595 3372 ratus‚
1620 3336 1674 3366 sed
1697 3342 1751 3366 aut
1773 3335 1806 3365 in
1830 3341 1911 3366 statu
1931 3334 2090 3375 originalis
2113 3334 2250 3366 iustitiae
2273 3339 2450 3369 contentus,
2467 3338 2503 3363 ut
2525 3331 2557 3362 in

1497 3359 1610 3415 Adarri,
1627 3386 1682 3410 aut
1703 3379 1736 3409 in
1752 3385 1834 3410 statu
1851 3379 2027 3410 excellentis
2051 3378 2176 3418 gratiae,
2193 3385 2230 3409 ut
2251 3377 2284 3408 in
2299 3376 2395 3408 Beata
2409 3376 2556 3416 Virgine:

1497 3434 1536 3454 an
1560 3424 1690 3455 nomine
1714 3430 1842 3454 naturae
1866 3423 2002 3463 integrae
2026 3422 2219 3462 intelligatur
2241 3427 2353 3452 natura
2375 3420 2408 3450 in
2431 3420 2487 3450 illo
2511 3430 2557 3450 se-

1498 3469 1603 3499 cundo
1616 3475 1708 3504 statu,
1722 3478 1761 3498 an
1777 3467 1810 3497 in
1826 3473 1907 3498 statu
1923 3466 2057 3497 iustitiae
2070 3465 2239 3506 originalia
2249 3482 2271 3488 -
2282 3465 2370 3495 Haec
2385 3465 2424 3495 de
2441 3464 2556 3505 primo.

1555 3513 1605 3542 VI.
1623 3512 1739 3549 Quoad
1755 3511 1932 3542 secundum
1945 3509 1973 3547 *ἢ
1990 3510 2154 3540 sciendum
2169 3515 2217 3539 est
2237 3509 2327 3550 quod
2341 3508 2405 3539 vita
2419 3509 2559 3539 humana

2579 528 2588 536 '
2601 527 2654 549 Art.
2671 526 2776 554 praeced.

2585 3515 2592 3524 ·
2610 3512 2647 3535 ef.
2660 3518 2725 3536 num.
2739 3517 2772 3535 ιιι.
