2840 4010
104 533 113 543 '
127 532 194 555 Vero.
209 539 243 555 αι.

190 1534 222 1568 ββ

344 133 418 170 238

342 213 406 249 vel
426 213 559 250 saltem
579 213 623 249 de
643 213 824 261 lapidibus
843 223 916 247 non
936 211 1061 254 sectis,·
1086 218 1122 246 et
1140 210 1277 245 iterum
1298 209 1403 257 quod

345 278 423 302 non
451 266 617 303 facerent
636 267 749 302 altare
779 265 982 305 excelsum,
1005 263 1053 298 ad
1082 262 1186 311 quod
1211 269 1404 309 oporteret

338 329 412 366 per
446 319 590 368 gradus
624 317 832 354 ascendere.
855 317 903 351 Et
939 316 1024 360 hoc,
1053 315 1100 351 ad
1138 315 1403 351 detestandum

344 371 576 408 idololatriae
598 371 757 406 cultum:
778 368 931 415 gentiles
953 367 1053 403 enim
1081 367 1191 404 idolis
1211 375 1403 404 construe-

345 424 436 460 bant
464 423 589 460 altaria
614 430 744 458 ornata
774 428 808 456 et
830 419 1017 466 sublimia,
1038 420 1076 456 in
1105 420 1244 468 quibus
1273 420 1402 457 crede—

345 477 436 512 bant
464 475 603 523 aliquid
631 473 834 510 sanctitatis
864 480 899 508 et
928 472 1093 509 numinis
1120 485 1214 510 esse.
1243 474 1403 522 Propter

345 528 450 575 quod
493 528 604 564 etiarn
641 525 828 562 Dominus
866 525 1088 572 mandavit,
1126 527 1238 563 Deut.
1273 526 1400 564 XV1*:

343 581 433 617 Non
458 580 646 627 plantabis
673 579 820 623 lucum,
847 583 882 614 et
909 590 1058 615 omnem
1087 580 1276 626 arborem,
1296 580 1402 616 iuxta

342 633 462 669 altare
480 632 637 668 Domini
654 631 728 667 Dei
741 631 795 667 tui
800 644 811 667 .-
831 630 1054 667 idololatrae
1070 632 1171 669 enim
1193 645 1402 669 consueve-

343 692 429 721 runt
457 686 527 720 sub
548 684 746 721 arboribus
766 683 991 731 sacrificare,
1010 693 1167 734 propter
1195 686 1402 723 amoenita-

342 745 420 774 tem
451 745 486 774 et
513 736 811 773 umbrositatem.
832 757 855 764 -
878 737 1055 783 Quorum
1094 738 1206 775 etiam
1249 750 1401 786 praece-

340 798 495 839 ptorum
526 790 618 827 ratio
647 789 813 837 figuralis
832 789 911 826 fuit.
940 790 1041 836 Quia
1068 790 1106 827 in
1137 791 1307 839 Christo,
1337 792 1402 841 qui

342 851 396 879 est
419 851 592 880 nostrum
614 843 739 889 altare,
762 842 949 879 debemus
978 844 1149 880 confiteri
1169 856 1302 882 veram
1323 857 1403 882 car-

341 896 400 932 nis
420 904 605 942 naturam,
628 902 812 944 quantum
834 895 881 932 ad
901 896 1189 944 humanitatem,
1221 898 1327 946 quod
1347 907 1403 936 est

340 949 455 985 altare
485 950 536 986 de>
559 957 657 985 terra
698 949 841 985 facere:
873 956 908 984 et
937 956 1121 997 quantum
1151 950 1199 987 ad
1229 951 1402 988 divinita-

340 1009 430 1049 tem,
449 1002 634 1039 debemus
652 1001 692 1038 in
717 1013 764 1037 eo
785 1001 956 1038 confiteri
977 1002 1096 1039 Patris
1116 1004 1401 1052 aequalitatem,

339 1055 445 1103 quod
461 1063 516 1092 est
534 1067 612 1091 non
633 1054 838 1091 ascendere
856 1067 925 1102 per
948 1055 1086 1102 gradus
1106 1056 1155 1092 ad
1174 1057 1301 1094 altare.
1318 1058 1403 1095 Nec

341 1108 453 1144 etiam
473 1108 575 1144 iuxta
604 1107 796 1143 Christum
818 1107 1005 1144 debemus
1033 1109 1231 1146 admittere
1265 1110 1403 1147 doctri-

340 1173 430 1197 nam
459 1160 665 1208 gentilium,
690 1160 738 1197 ad
766 1160 962 1197 lasciviam
990 1171 1280 1209 provocantem.

393 1214 469 1250 Sed
499 1214 597 1249 facto
625 1213 871 1249 tabernaculo
900 1213 950 1250 ad
982 1214 1170 1251 honorem
1201 1215 1294 1263 Dei,
1323 1228 1402 1254 non

339 1273 445 1303 erant
466 1266 656 1303 timendae
677 1265 897 1303 huiusmodi
918 1267 1138 1304 occasiones
1156 1268 1401 1307 idololatriae.

339 1320 388 1356 Et
414 1319 501 1356 ideo
540 1319 731 1356 Dominus
765 1319 962 1356 mandavit
1000 1321 1106 1368 quod
1142 1321 1251 1358 fieret
1287 1323 1402 1360 altare

338 1372 650 1409 holocaustorum
676 1372 722 1408 de
743 1383 841 1417 aere,
863 1373 966 1420 quod
996 1381 1094 1410 esset
1123 1374 1229 1410 omni
1257 1377 1401 1424 populo

340 1425 610 1474 conspicuum3
632 1432 668 1461 et
688 1425 801 1461 altare
821 1425 1077 1473 thymiamatis
1098 1426 1144 1463 de
1165 1439 1270 1474 aur0,
1292 1429 1398 1476 quod

338 1478 408 1515 soli
428 1480 642 1516 sacerdotes
660 1477 852 1514 videbant.
870 1479 954 1515 Nec
973 1487 1052 1516 erat
1070 1487 1175 1516 tanta
1190 1480 1403 1528 pretiositas

339 1532 434 1568 aeris
462 1539 504 1568 ut
532 1544 600 1580 per
627 1531 702 1567 hoc
725 1529 756 1560 ββ
781 1532 946 1580 populus
975 1532 1024 1569 ad
1053 1532 1220 1581 aliquam
1245 1533 1402 1572 idolola—

337 1585 448 1622 triam
475 1590 760 1634 provocaretur.

392 1639 468 1675 Sed
497 1638 586 1686 quia
613 1637 736 1673 Exod.
763 1648 810 1672 xx
838 1637 991 1684 ponitur
1017 1650 1087 1686 pro
1117 1639 1261 1677 ratione
1290 1640 1401 1678 huius

337 1690 551 1739 praecepti,
584 1690 675 1727 Non
705 1690 882 1726 ascendes
907 1702 981 1738 per
1014 1691 1160 1740 gradus
1196 1694 1249 1730 ad
1281 1694 1402 1731 altare

337 1756 479 1790 meum,
509 1744 547 1780 id
575 1742 681 1791 quod
710 1742 898 1791 subditur,
929 1755 975 1779 ne
1003 1745 1187 1782 reveletur
1214 1747 1401 1795 turpitudo

337 1803 420 1842 tua,·
446 1795 769 1834 considerandum
791 1803 845 1832 est
870 1796 975 1844 quod
994 1797 1069 1833 hoc
1089 1798 1201 1835 etiam
1218 1799 1287 1836 fuit
1299 1799 1400 1837 insti-

335 1858 458 1887 tutum
480 1851 528 1887 ad
549 1848 824 1886 excludendam
853 1848 1121 1888 idololatriam:
1152 1864 1242 1889 nam
1270 1852 1308 1890 in
1343 1865 1399 1890 sa-

337 1903 408 1940 cris
432 1902 558 1951 Priapi
586 1914 656 1939 sua
683 1901 864 1950 pudenda
883 1902 1038 1949 gentiles
1066 1905 1211 1953 populo
1233 1905 1400 1943 denuda-

336 1957 438 1993 bant.
456 1955 710 1993 Postmodum
731 1962 858 1991 autem
883 1955 1044 1992 indictus
1065 1965 1121 1994 est
1139 1958 1400 1996 sacerdotibus

335 2009 572 2046 feminalium
592 2020 683 2045 usus
702 2008 751 2045 ad
766 2008 931 2056 tegimen
950 2009 1232 2057 pudendorum.
1250 2012 1299 2048 Et
1312 2012 1399 2049 ideo

336 2062 416 2099 sine
443 2062 613 2110 periculo
641 2061 782 2098 institui
808 2061 931 2109 potuit
957 2068 1060 2099 tanta
1093 2063 1216 2101 altaris
1244 2065 1400 2102 altitudo

335 2122 378 2152 ut
413 2128 483 2164 per
511 2114 657 2164 aliquos
694 2114 834 2162 gradus
862 2114 1027 2162 ligneos,
1057 2128 1135 2153 non
1164 2125 1304 2155 stantes
1332 2118 1399 2156 sed

335 2168 540 2217 portatiles,
565 2168 604 2204 in
630 2168 727 2204 hora
755 2167 938 2214 sacrificii,
959 2170 1176 2207 sacerdotes
1204 2170 1252 2208 ad
1282 2171 1399 2208 altare

336 2221 583 2258 ascenderent
611 2219 795 2257 sacrificia
823 2220 1038 2258 offerentes.

389 2276 449 2311 AD
478 2285 650 2311 OCTAVUM
670 2285 854 2310 DiCENDuM
874 2274 980 2322 quod
1005 2287 1142 2323 corpus
1166 2277 1397 2313 tabernaculi

336 2327 533 2364 constabat
562 2338 606 2363 ex
635 2326 865 2374 quibusdam
892 2327 1030 2364 tabulis
1058 2327 1096 2364 in
1125 2327 1397 2377 longitudinem

336 2380 479 2427 erectis,
501 2391 600 2428 quae
628 2379 786 2428 quidem
813 2379 969 2416 interius
993 2381 1217 2428 tegebantur
1245 2383 1399 2431 quibus-

335 2433 425 2470 dam
446 2432 598 2469 cortinis
619 2444 664 2468 ex
684 2440 847 2480 quatuor
866 2433 1056 2470 coloribus
1074 2434 1239 2482 variatis,
1260 2435 1400 2472 scilicet

335 2486 383 2523 de
403 2486 518 2534 bysso
540 2492 690 2531 retorta,
712 2492 748 2521 et
766 2485 984 2533 hyacintho,
1001 2499 1045 2523 ac
1063 2499 1243 2536 purpura,
1265 2500 1399 2526 cocco-

334 2551 409 2587 que
435 2539 493 2576 bis
520 2538 648 2575 tincto.
672 2538 750 2575 Sed
777 2538 996 2576 huiusmodi
1027 2540 1194 2577 cortinae
1222 2542 1399 2589 tegebant

334 2593 460 2629 solum
479 2592 597 2628 latera
615 2591 866 2628 tabernaculi:
895 2591 934 2628 in
951 2599 1051 2629 tecto
1078 2601 1204 2630 autem
1225 2595 1398 2631 taberna—

335 2645 408 2682 culi
438 2652 516 2681 erat
536 2644 819 2693 operimentum
838 2656 959 2681 unum
989 2645 1036 2682 de
1064 2646 1224 2693 pellibus
1242 2647 1395 2695 hyacin-

335 2697 467 2743 thinis;
490 2705 526 2734 et
553 2710 668 2746 super
686 2698 762 2734 hoc
781 2696 883 2734 aliud
912 2697 959 2734 de
978 2698 1140 2746 pellibus
1159 2700 1318 2737 arietum
1338 2713 1398 2737 ru·

333 2751 504 2797 bricatis;
535 2758 571 2787 et
600 2750 766 2798 desuper
792 2750 944 2787 tertium
973 2751 1020 2787 de
1040 2752 1272 2800 quibusdam
1300 2753 1406 2801 sagis-

335 2803 499 2850 cilicinis,
520 2815 619 2852 quae
645 2816 723 2840 non
755 2810 903 2840 tantum
924 2804 1147 2852 operiebant
1174 2812 1316 2842 tectum
1343 2813 1396 2843 ta-

334 2856 562 2903 abernaculi,
579 2856 647 2893 sed
667 2856 782 2893 etiam
808 2856 1091 2894 descendebant
1105 2870 1225 2906 usque
1245 2866 1396 2907 terram,

334 2918 370 2946 et
384 2910 561 2957 tegebant
574 2910 722 2946 tabulas
731 2910 963 2946 tabernaculi
978 2910 1151 2947 exterius.
1165 2912 1316 2949 Horum
1332 2923 1397 2948 au-

332 2970 410 2999 tem
423 2963 750 3011 operimentorum
766 2963 861 2999 ratio
877 2963 1042 3000 litteralis
1057 2963 1096 3000 in
1111 2964 1308 3001 communi
1320 2972 1399 3002 erat

334 3023 487 3052 ornatus
517 3024 552 3053 et
574 3016 757 3064 protectio
785 3015 1030 3063 tabernaculi,
1050 3023 1092 3053 ut
1118 3016 1157 3053 in
1186 3017 1397 3055 reverentia

334 3069 547 3106 haberetur.
569 3070 611 3106 In
640 3069 791 3118 speciali
822 3081 930 3116 vero,
960 3069 1173 3106 secundum
1194 3071 1395 3119 quosdam,

333 3133 402 3169 per
422 3122 583 3159 cortinas
599 3122 866 3169 designabatur
885 3123 1033 3159 caelum
1059 3123 1275 3170 sydereum,
1293 3124 1396 3172 quod

336 3181 390 3209 est
411 3174 567 3211 diversis
587 3175 699 3211 stellis
718 3175 928 3221 variatum;
948 3188 1018 3223 per
1037 3187 1138 3223 saga,
1155 3188 1277 3225 aquae
1297 3189 1395 3225 quae

336 3234 422 3262 sunt
449 3224 562 3274 supra
589 3228 892 3274 firmamentum;
921 3240 991 3277 per
1017 3229 1133 3276 pelles
1166 3229 1396 3277 rubricatas,

336 3279 483 3315 caelum
504 3291 740 3327 empyreum,
762 3281 800 3317 in
820 3293 897 3329 quo
918 3288 1004 3317 sunt
1024 3282 1162 3329 angeli3
1189 3294 1256 3330 per
1279 3283 1396 3332 pelles

334 3331 614 3379 hyacinthinas,
643 3334 790 3370 caelum
819 3340 971 3370 sanetae
1000 3334 1206 3372 Trinitatis.

390 3436 430 3470 ββ)
451 3437 506 3462 hoc.
524 3450 543 3456 —
562 3437 638 3461 huius
657 3438 758 3468 copiam
780 3439 824 3462 Ρα.

387 3472 431 3505 γγ)
451 3472 688 3504 quadricoloribus.
707 3486 724 3490 -
744 3480 780 3497 ex
799 3474 863 3504 (om.
877 3474 907 3505 P)
928 3477 1045 3505 quatuor
1063 3475 1193 3499 coloribus
1213 3476 1277 3500 PsB.

1037 132 1302 178 QUAESTIO
1333 131 1417 177 CII,
1446 131 1742 167 ARTICULUS
1772 131 1822 167 IV

1512 209 1541 245 F
1545 209 1693 256 iguralis
1722 216 1849 246 autem
1878 210 1971 246 ratio
1999 211 2138 249 horum
2169 221 2223 250 est
2251 213 2339 263 quia
2366 226 2436 262 per
2463 221 2516 251 ta-

1459 261 1567 298 bulas
1597 275 1641 298 ex
1670 262 1808 310 quibus
1830 264 2118 300 construebatur
2144 267 2446 315 tabernaculum,
2470 267 2516 304 si-

1458 314 1684 361 gnificantur
1713 315 1850 351 Christi
1878 315 2022 363 fideles,
2054 328 2098 352 ex
2127 318 2263 365 quibus
2292 319 2517 357 construitur

1459 367 1639 405 Ecclesia.
1661 369 1905 415 Tegebantur
1932 377 2059 405 autem
2078 369 2234 407 interius
2256 372 2407 409 tabulae
2436 385 2516 410 cor-

1458 420 1543 457 tinis
1571 421 1901 469 quadricoloribus
1926 427 1974 458 W:
2005 422 2094 470 quia
2113 423 2247 459 fideles
2275 423 2429 461 interius
2457 438 2516 462 or-

1458 477 1596 510 nantur
1623 482 1787 522 quatuor
1803 475 2019 521 virtutibus;
2049 476 2196 512 namin
2225 476 2336 523 bysso
2363 483 2515 524 retorta,

1457 533 1499 562 ut
1527 527 1664 563 Glossa
1682 528 1702 548 ’¹‘
1730 527 1828 574 dicit,
1848 528 2086 576 significatur
2108 540 2198 565 caro
2228 529 2394 565 castitate
2420 531 2517 567 reni-

1458 584 1558 622 tens,·
1586 579 1622 615 in
1642 580 1856 626 hyacintho,
1877 593 1982 617 mens
1999 593 2163 629 superna
2183 581 2352 629 cupiens,-
2371 582 2408 618 in
2427 594 2516 630 pur-

1452 642 1572 679 pura,
1606 643 1697 668 caro
1723 633 1962 680 passionibus
1997 635 2213 679 subiacens;
2245 634 2282 670 in
2316 645 2427 671 cocco
2462 635 2517 672 bis

1457 684 1580 730 tincto,
1604 696 1709 721 mens
1737 685 1833 721 inter
1853 687 2048 733 passiones
2075 688 2150 724 Dei
2175 693 2212 724 et
2229 687 2404 734 proximi
2429 688 2517 725 dile-

1457 737 1576 773 ctione
1597 737 1856 786 praefulgens.
1877 739 1952 775 Per
1971 740 2210 788 operimenta
2233 752 2327 776 vero
2347 740 2433 777 tecti
2453 742 2517 778 de-

1457 789 1649 837 signantur
1684 790 1839 838 praelati
1869 799 1904 827 et
1932 792 2127 830 doctores:
2156 793 2195 830 in
2228 793 2365 842 quibus
2403 793 2516 831 debet

1457 843 1615 879 renitere
1632 843 1800 879 caelestis
1817 845 2066 892 conversatiO,
2083 847 2188 895 quod
2203 846 2434 894 significatur
2448 858 2518 895 per

1457 896 1574 943 pelles
1602 895 1881 943 hyacinthinas;
1910 899 2172 946 promptitudo
2201 899 2250 936 ad
2278 899 2515 947 martyrium,

1457 948 1562 996 quod
1591 948 1801 996 significant
1829 950 1945 997 pelles
1978 951 2206 998 rubricatae;
2235 952 2432 989 austeritas
2459 953 2515 990 vi-

1456 1008 1516 1038 tae
1546 1009 1582 1038 et
1609 1001 1806 1038 tolerantia
1834 1002 2102 1051 adversorum,
2129 1017 2227 1054 quae
2261 1005 2516 1053 significantur

1457 1066 1526 1102 per
1553 1066 1642 1102 saga
1671 1054 1834 1101 cilicina,
1864 1067 1963 1103 quae
1991 1064 2098 1094 erant
2131 1059 2300 1106 exposita
2326 1059 2451 1096 ventis
2481 1067 2517 1096 et

1456 1107 1606 1155 pluviis,
1627 1115 1668 1144 ut
1696 1108 1832 1144 Glossa
1859 1107 1879 1129 ’¹‘
1907 1108 2005 1147 dicit.

1510 1161 1568 1196 AD
1597 1172 1724 1197 NONUM
1751 1172 1935 1197 DlCENDUM
1967 1162 2073 1210 quod
2111 1163 2356 1201 sanctificatio
2394 1166 2516 1203 taber—

1457 1213 1581 1249 naculi
1610 1221 1645 1249 et
1671 1225 1853 1250 vasorum
1885 1214 1965 1251 eius
1993 1215 2159 1252 habebat
2197 1228 2353 1254 causam
2381 1217 2515 1256 littera—

1456 1265 1533 1302 lem
1562 1274 1602 1302 ut
1630 1266 1667 1302 in
1688 1266 1822 1302 maiori
1849 1268 2060 1304 reverentia
2084 1269 2299 1316 haberetur,
2320 1270 2428 1318 quasi
2446 1282 2516 1319 per

1456 1319 1677 1356 huiusmodi
1706 1320 2029 1357 consecrationem
2055 1321 2185 1358 divino
2215 1322 2329 1358 cultui
2357 1323 2516 1371 deputa-

1457 1380 1548 1409 tum.
1570 1395 1593 1400 -
1615 1372 1796 1419 Figuralis
1824 1381 1951 1410 autem
1980 1374 2073 1411 ratio
2103 1382 2161 1411 est
2186 1374 2275 1423 quia
2301 1387 2370 1423 per
2387 1376 2516 1414 huius-

1458 1425 1564 1462 modi
1593 1425 1929 1463 sanctificationem
1949 1426 2180 1475 significatur
2207 1427 2409 1476 spiritualis
2431 1442 2515 1468 san-

1457 1477 1632 1515 ctificatio
1652 1478 1814 1515 viventis
1838 1479 2081 1527 tabernaculi,
2102 1480 2242 1517 scilicet
2263 1481 2448 1531 fidelium,
2470 1494 2515 1520 ex

1457 1531 1594 1579 quibus
1623 1531 1857 1568 constituitur
1884 1533 2054 1570 Ecclesia
2082 1533 2232 1571 Christi.

1508 1586 1568 1621 AD
1595 1596 1756 1621 DECIMUM
1777 1597 1960 1622 DICENDUM
1981 1586 2086 1635 quod
2105 1586 2290 1624 in·veteri
2307 1588 2389 1636 lege
2409 1596 2516 1626 erant

1456 1645 1602 1685 septem
1631 1638 1885 1675 solemnitates
1904 1640 2146 1687 temporales,
2168 1647 2204 1676 et
2225 1652 2302 1677 una
2322 1641 2512 1689 continua,

1456 1698 1497 1726 ut
1523 1698 1647 1739 potest
1675 1690 1795 1738 colligi
1815 1692 1934 1728 Num.
1954 1704 2064 1729 xxvm
2093 1699 2129 1729 et
2146 1704 2231 1729 xxix
2246 1692 2279 1730 *.
2301 1694 2393 1730 Erat
2410 1695 2512 1732 enim

1456 1743 1565 1791 quasi
1593 1744 1816 1781 continuum
1845 1745 1996 1792 festum,
2022 1745 2111 1794 quia
2138 1745 2306 1794 quotidie
2334 1758 2449 1783 mane
2477 1754 2516 1784 et

1454 1808 1616 1845 vespere
1644 1797 1914 1834 immolabatur
1941 1810 2072 1846 agnus.
2094 1799 2143 1835 Et
2170 1811 2239 1847 per
2266 1799 2357 1836 illud
2368 1797 2405 1825 <⁸⁶
2424 1800 2517 1838 eon·

1455 1849 1603 1887 tinuum
1632 1851 1769 1887 festum
1807 1851 1907 1900 iugis
1943 1851 2122 1900 sacrificii
2160 1853 2515 1900 repraesentabatur

1455 1903 1684 1951 perpetuitas
1713 1903 1864 1940 divinae
1893 1904 2146 1941 beatitudinis.

1516 1956 1715 1993 Festorum
1753 1964 1879 1994 autem
1922 1957 2191 2006 temporalium
2228 1957 2395 2007 primum
2434 1967 2514 1996 erat

2543 540 2554 550 ⁸
2572 539 2652 561 Ordin.
2672 539 2757 561 Bedae,

2544 1176 2553 1186 ·
2560 1175 2617 1197 Ord.
2624 1178 2646 1197 et
2652 1174 2756 1197 Interlln.

2541 1697 2551 1708 ·
2557 1696 2595 1719 Cf.
2603 1697 2672 1720 etium
2678 1698 2753 1720 Levit.

2539 1729 2598 1746 nm
2601 1740 2607 1746 .

2631 1795 2661 1821 ὃὸ

1456 2009 1561 2058 quod
1579 2009 1783 2046 iterabatur
1811 2010 1977 2058 qualibet
1996 2011 2220 2060 septimana.
2242 2011 2292 2048 Et
2319 2011 2415 2048 haec
2435 2010 2514 2049 erat
2555 2031 2558 2033 ,

1455 2062 1674 2099 solemnitas
1703 2064 1867 2109 Sabbati‚
1888 2063 1993 2112 quod
2014 2064 2276 2101 celebrabatur
2298 2064 2337 2101 in
2365 2076 2513 2102 memo-

1455 2115 1550 2152 riam
1579 2115 1775 2152 creationis
1804 2129 1944 2163 rerum,
1971 2124 2012 2153 ut
2039 2129 2154 2165 supra
2181 2117 2201 2139 *
2229 2117 2372 2154 dictum
2402 2125 2470 2155 est.
2480 2130 2513 2149 ‘-

1454 2168 1536 2205 Alia
1557 2176 1684 2205 autem
1704 2169 1924 2206 solemnitas
1944 2170 2147 2207 iterabatur
2174 2170 2344 2219 quolibet
2366 2180 2521 2218 menseg

1453 2221 1592 2258 scilicet
1619 2222 1755 2258 festum
1779 2223 2031 2260 Neomeniae:
2051 2223 2163 2272 quod
2180 2224 2446 2261 celebrabatur
2465 2225 2514 2262 ad

1454 2275 1838 2312 commemorandum
1881 2288 1978 2324 opus
2025 2276 2176 2313 divinae
2217 2277 2518 2324 gubernationis..

1453 2328 1555 2364 Nam
1585 2329 1681 2364 haec
1706 2328 1883 2365 inferiora
1915 2329 2120 2378 praecipue
2153 2329 2348 2366 variantur
2380 2340 2514 2367 secun*

1453 2381 1546 2418 dum
1575 2389 1722 2417 motum
1748 2382 1877 2418 lunae:
1905 2389 1941 2418 et
1966 2381 2054 2419 ideo
2082 2382 2343 2419 celebrabatur
2368 2383 2443 2420 hoc
2461 2383 2523 2420 fe-v

1453 2441 1553 2470 stum
1573 2434 1611 2470 in
1630 2434 1798 2471 novitate
1818 2435 1942 2471 lunae.
1963 2435 2054 2472 Non
2082 2442 2210 2471 autem
2228 2435 2267 2472 in
2286 2435 2367 2471 eius
2393 2436 2512 2484 pleni-

1452 2487 1592 2534 tudine,
1614 2487 1659 2524 ad
1683 2487 1903 2524 evitandum
1922 2487 2207 2525 idololatrarum
2226 2492 2252 2509 ¹²
2272 2488 2426 2535 cultum,
2447 2489 2512 2537 qui

1452 2539 1491 2576 in
1510 2539 1573 2576 tali
1592 2547 1766 2588 tempore
1785 2541 1897 2578 lunae
1917 2540 2192 2578 sacrificabant.
2213 2561 2237 2568 -
2258 2541 2365 2577 Haec
2384 2549 2512 2579 autem

1453 2592 1531 2629 duo
1561 2593 1746 2630 beneficia
1783 2601 1870 2630 sunt
1897 2593 2119 2630 communia
2153 2593 2221 2630 toti
2249 2594 2421 2631 humano
2450 2607 2513 2642 ge-

1452 2645 1552 2682 neri:
1583 2653 1619 2682 et
1646 2646 1732 2682 ideo
1762 2646 1995 2694 frequentius
2024 2646 2265 2683 iterabantur.

1505 2698 1588 2735 Alia
1614 2711 1708 2735 vero
1747 2699 1915 2747 quinque
1944 2699 2039 2736 festa
2071 2700 2361 2736 celebrabantur
2393 2699 2512 2737 semel

1452 2751 1490 2788 in
1519 2764 1642 2788 anno:
1672 2759 1707 2788 et
1736 2753 1998 2789 recolebantur
2015 2753 2052 2789 in
2073 2752 2136 2789 *eis
2157 2752 2343 2789 beneficia
2370 2752 2522 2801 specia-

1451 2804 1533 2841 liter
1559 2804 1609 2840 illi
1637 2806 1781 2853 populo
1816 2805 1990 2842 exhibita.
2022 2805 2295 2842 Celebrabatur
2327 2805 2428 2842 enim
2459 2806 2512 2842 fe-

1452 2865 1552 2894 stum
1581 2858 1702 2894 Phase
1720 2858 1845 2906 primo
1875 2870 2019 2905 mense,
2049 2859 2097 2895 ad
2125 2859 2511 2896 commemorandum

1451 2910 1683 2947 beneficium
1712 2910 1941 2947 liberationis
1962 2923 2007 2947 ex
2030 2914 2262 2963 Aegyptos·
2284 2911 2511 2949 Celebrabaa

1451 2971 1511 3000 tur
1539 2970 1666 3000 autern
1698 2964 1837 3000 festum
1865 2965 2096 3001 Pentecostes
2125 2972 2214 3013 post
2240 2963 2522 3013 quinquaginta>

1453 3016 1554 3063 dies,
1588 3016 1636 3053 ad
1670 3017 1917 3053 recolendum
1956 3017 2187 3054 beneficium
2220 3016 2311 3064 legis
2345 3018 2523 3055 datam-m

1451 3069 1535 3106 Alia
1563 3081 1656 3106 vero
1689 3069 1759 3106 tria
1791 3070 1884 3106 festa
1913 3070 2202 3108 celebrabantur
2228 3070 2267 3107 in
2295 3080 2521 3108 mense-sen

1451 3122 1592 3170 ptimo,
1622 3121 1686 3170 qui
1715 3122 1822 3171 quasi
1849 3130 1950 3160 totus
1978 3124 2082 3172 apud
2109 3135 2177 3160 eos
2206 3130 2285 3160 erat
2311 3122 2510 3169 solemnius

1452 3175 1546 3211 sicut
1566 3182 1601 3212 et
1621 3175 1805 3223 septimus
1830 3176 1921 3213 dies.
1953 3177 1995 3212 In
2022 3176 2146 3225 prima
2163 3176 2267 3213 enim
2287 3175 2347 3213 die
2368 3174 2509 3213 mensis

1452 3228 1602 3276 septimi
1638 3235 1717 3265 erat
1743 3229 1881 3266 festum
1914 3229 1950 3266 T
1946 3230 2128 3275 uharum,
2145 3229 2194 3266 in
2223 3227 2450 3267 memoriam
2469 3227 2511 3264 li·-

1452 3281 1656 3318 berationis
1685 3283 1806 3328 Isaac,
1837 3282 1990 3330 quando
2020 3282 2216 3319 Abraham
2244 3280 2389 3318 invenit
2415 3279 2510 3316 arie-

1451 3341 1528 3372 tem
1558 3334 1778 3371 haerentem
1808 3335 2003 3382 cornibus,
2033 3346 2149 3398 quem
2178 3333 2511 3382 repraesentabant

1505 3441 1543 3473 δδ)
1565 3443 1600 3466 Et
1615 3449 1666 3474 per
1685 3443 1758 3466 illud.
1777 3456 1794 3461 -
1813 3440 1864 3467 Per
1883 3442 1949 3467 illud
1967 3444 2054 3466 autem
2074 3441 2102 3470 F,
2122 3440 2174 3467 Per
2193 3440 2260 3466 illud
2279 3439 2363 3464 ceteri.

1503 3477 1537 3508 εε)
1558 3477 1769 3502 idololatrarum.
1787 3491 1807 3496 -
1824 3477 1994 3502 idololatriae
2012 3476 2121 3501 codices.

2540 2124 2551 2136 ·
2567 2124 2615 2152 Qu.
2630 2130 2652 2152 c,
2671 2128 2713 2147 art.
2732 2131 2755 2153 5.

2634 2491 2657 2508 ts

2835 2038 2840 2070 Ξ

2832 2071 2840 2131 l
