2840 4010
128 2406 260 2450 &iuml-'31¹5

0 2436 4 2450 r
47 2427 120 2456 uto,

962 158 1226 219 QuAEST1o
1257 175 1412 220 Lxxn,
1442 175 1736 212 ARTICULUS
1767 176 1779 210 1

2412 173 2456 208 13

962 294 1291 328 Commentario.
1308 295 1561 329 Car-dinalis
1583 296 1780 329 Caietani

319 393 339 414 n
356 382 487 414 articulo
506 382 609 422 primo
626 383 819 423 quaestionis
842 382 1255 423 septuagesimaesecundae,
1273 388 1346 412 sunt

292 396 420 459 Imulta
435 426 530 457 dubia
546 426 641 457 simul
659 427 827 457 tractanda.
847 426 990 457 Primum
1013 432 1059 456 est
1082 426 1120 455 de
1144 425 1345 455 conclusione

289 472 366 511 ipsa,
383 480 420 501 ex
436 470 542 506 Scoto,
564 470 597 500 in
612 471 638 500 II
661 471 760 508 Sent„
782 470 852 501 dist.
867 480 956 505 xxxv,
973 469 1098 499 volente
1115 468 1204 508 quod
1220 474 1346 507 peccata

290 514 525 554 distinguuntur
555 514 657 555 specie
681 525 718 545 ex
740 521 827 554 parte
850 512 1029 543 aversionis.
1060 512 1100 542 Et
1123 512 1201 542 ratio
1225 521 1282 542 sua
1301 518 1347 541 est

290 558 365 600 quia
379 558 498 589 aversio
514 565 561 589 est
570 559 639 599 ipsa
655 557 794 588 formalis
809 556 888 587 ratio
903 556 1037 595 peccati:
1058 555 1222 585 conversio
1240 562 1346 585 autem

290 609 409 643 spectat
425 603 464 632 ad
480 603 648 633 materiale.
674 601 807 632 Constat
822 599 906 630 enim
930 599 1019 639 quod
1035 598 1223 638 specificatio
1248 605 1295 629 est
1309 609 1346 629 ex

291 646 426 683 formali,
444 653 475 677 et
490 656 556 676 non
571 656 608 677 ex
630 644 790 676 materiali.

345 691 517 727 Praeterea,
541 696 706 730 peccatum
729 694 775 718 est
797 687 830 716 in
853 686 971 726 duplici
995 696 1116 726 genere,
1141 686 1258 717 scilicet
1272 687 1348 717 mali

291 735 430 771 moralis,
446 741 477 765 et
497 733 571 764 mali
595 730 790 771 simpliciter;
815 737 845 760 et
868 736 1003 770 utroque
1021 731 1121 760 modo
1141 730 1346 770 specificatur.

291 780 376 819 Ergo
400 788 467 808 non
490 783 536 807 est
557 776 653 806 altera
675 781 799 805 tantum
822 773 1011 813 specificatio
1035 774 1204 810 afferenda,
1228 774 1348 814 reliqua

292 822 418 853 omissa.
435 839 456 844 —
468 821 509 851 Et
531 819 557 850 si
580 819 701 850 dicatur
723 818 812 859 quod
826 828 891 848 una
907 826 953 849 est
968 818 1119 858 privativa
1133 825 1163 849 et
1178 818 1274 848 altera
1289 828 1347 858 po-

291 866 391 902 sitiva,
414 865 476 895 hoc
498 869 643 893 neutram
667 862 881 893 exclusionem
905 870 1020 894 causat.
1045 862 1128 899 Quia
1151 862 1269 902 species
1293 862 1348 892 ali-

291 910 384 942 cuius
405 907 602 947 assignantur
631 906 717 937 iuxta
747 913 892 936 naturam
915 906 998 936 eius:
1027 907 1111 936 unde
1135 906 1160 936 si
1184 913 1348 946 peccatum

290 959 336 984 est
360 952 495 981 duarum
518 957 712 986 naturarum,
737 951 846 980 ambae
861 958 935 981 sunt
948 950 1170 990 assignandae;
1194 949 1219 979 si
1243 949 1348 985 unius,

289 1006 353 1027 una
375 1002 508 1025 tantum.

345 1039 377 1070 Si
401 1039 521 1069 dicatur
544 1038 633 1078 quod
656 1048 719 1068 una
743 1045 789 1068 est
812 1048 867 1078 per
890 1048 933 1076 se,
958 1045 988 1068 et
1011 1038 1104 1068 altera
1120 1047 1176 1076 per
1195 1037 1348 1075 accidens,

289 1090 326 1115 ut
347 1083 380 1113 in
403 1082 642 1118 littera-dicitur,
659 1083 738 1112 bene
758 1083 980 1122 respondetur:
1004 1082 1059 1111 sed
1075 1088 1120 1111 est
1135 1081 1347 1121 probandum,

290 1134 321 1158 et
343 1127 477 1166 insurgit
499 1127 675 1156 secundum
699 1126 832 1156 dubium
856 1127 895 1156 de
917 1125 1036 1156 ratione
1059 1125 1092 1154 in
1114 1124 1216 1155 littera
1235 1125 1347 1165 posita,

291 1171 424 1202 scilicet:
450 1170 535 1207 Quia
551 1170 725 1206 conversio,
742 1179 798 1200 seu
818 1170 887 1200 talis
911 1176 1006 1205 actus,
1024 1179 1079 1209 per
1095 1178 1127 1199 se
1143 1168 1315 1199 intenditur
1330 1179 1347 1198 a

290 1221 453 1256 peccante,
477 1214 668 1244 inordinatio
692 1220 799 1244 autem
815 1223 870 1254 per
885 1213 1044 1249 accidens,
1067 1212 1140 1242 ideo
1156 1212 1346 1252 specificatio

256 1289 266 1292 ,
290 1265 338 1291 est
358 1268 397 1289 ex
419 1264 506 1298 parte
530 1258 754 1293 conversionis,
775 1265 832 1289 etc.
856 1258 967 1288 Peccat
989 1257 1074 1287 enim
1092 1256 1168 1286 haec
1192 1256 1270 1287 ratio
1295 1258 1348 1287 de-

291 1303 410 1334 clinans
433 1312 451 1332 a
469 1311 531 1342 per
552 1311 586 1332 se
609 1308 751 1342 respectu
775 1301 958 1332 intentionis
977 1300 1147 1342 peccantis,
1171 1301 1211 1330 ad
1228 1310 1291 1342 per
1313 1311 1347 1331 se

291 1353 434 1388 respectu
458 1346 593 1386 peccati:
618 1345 760 1386 quaestio
784 1355 923 1386 namque
942 1351 988 1376 est
1002 1345 1040 1374 de
1055 1344 1157 1384 specie
1172 1344 1301 1384 peccati,
1317 1352 1348 1375 et

290 1401 357 1421 non
375 1390 415 1420 de
430 1389 532 1430 specie
543 1389 730 1420 intentionis
749 1389 919 1429 peccantis3
939 1388 1072 1420 intentio
1088 1388 1174 1419 enirn
1189 1389 1345 1428 peccantis

291 1441 338 1466 est
358 1440 448 1465 actus
466 1433 646 1469 voluntatis,
664 1440 828 1473 peccatum
852 1440 898 1464 est
920 1433 1038 1463 offensa
1059 1432 1128 1463 Dei.
1146 1433 1238 1463 Unde
1261 1433 1345 1463 vide-

291 1485 342 1510 tur
356 1477 519 1518 sophisma
533 1477 665 1516 Figurae
685 1477 840 1513 dictionis,
857 1488 875 1508 a
895 1477 997 1518 specie
1016 1477 1198 1507 intentionis
1217 1477 1257 1506 ad
1277 1487 1345 1517 spe-

290 1521 372 1554 ciem
394 1518 531 1562 peccati3
554 1521 635 1552 sicut
659 1522 696 1551 ab
721 1528 791 1551 actu
815 1522 854 1551 ad
877 1528 983 1552 actum
1006 1521 1109 1560 talem.

346 1565 388 1596 Et
400 1563 604 1596 confirmatur
619 1565 762 1596 dubium.
781 1565 864 1602 Quia
880 1565 1093 1596 consideratur
1107 1571 1272 1605 peccatum
1289 1565 1345 1595 du-

287 1608 425 1650 pliciter:
449 1607 566 1639 scilicet
581 1610 757 1639 secundum
776 1618 822 1645 se;
839 1616 869 1640 et
884 1609 916 1639 in
932 1609 1040 1639 ordine
1059 1609 1098 1638 ad
1114 1609 1176 1639 hoc
1191 1609 1241 1639 vel
1256 1609 1344 1639 illud.

288 1653 331 1684 Et
352 1652 529 1684 secundum
551 1662 584 1683 se
607 1653 737 1693 quidem
761 1653 896 1684 sumitur
917 1653 949 1683 in
973 1653 1174 1694 quaestione:
1200 1660 1230 1683 et
1248 1653 1291 1683 sic
1307 1653 1346 1683 de

289 1707 329 1728 eo
350 1695 551 1727 verificantur
573 1697 650 1733 duo,
674 1696 791 1727 scilicet
806 1698 894 1738 quod
909 1704 955 1728 est
969 1697 1194 1733 voluntarium,
1212 1703 1242 1727 et
1257 1697 1346 1737 quod

288 1747 336 1772 est
352 1740 580 1771 inordinatum.
598 1741 633 1770 In
649 1740 759 1771 ordine
775 1748 881 1772 autem
897 1742 935 1771 ad
952 1741 1108 1782 peccantis
1126 1741 1345 1776 intentionem,

289 1784 418 1816 sortitur
441 1784 530 1825 quod
553 1794 656 1815 unum
679 1785 809 1821 horum,
834 1785 951 1816 scilicet
972 1785 1197 1821 voluntarium,
1222 1795 1278 1824 per
1301 1795 1344 1823 se,

288 1829 432 1864 alterum,
448 1827 563 1859 scilicet
577 1828 803 1865 inordinatum,
817 1840 871 1869 per
886 1829 1028 1860 accidens
1043 1829 1165 1860 habeat.
1177 1829 1261 1869 Ergo
1274 1839 1346 1869 pro-

288 1881 394 1904 cessus
417 1872 539 1912 primus
555 1882 573 1902 a
587 1873 761 1903 secundum
785 1874 862 1914 quid
884 1874 924 1903 ad
941 1873 1126 1914 simpliciter
1141 1880 1196 1908 est,
1213 1873 1291 1903 dum
1310 1883 1347 1903 ex

287 1916 533 1958 praeeminentia
543 1916 713 1947 voluntarii
729 1917 760 1947 in
777 1917 886 1948 ordine
902 1918 941 1947 ad
957 1917 1164 1948 intentionem
1178 1917 1346 1957 peccantis,

287 1960 409 1992 intulit:
433 1961 518 2000 Ergo
541 1967 709 2001 peccatum
731 1962 907 1992 secundum
930 1971 963 1992 se
978 1961 1115 2002 speciem
1130 1961 1223 1991 habet
1239 1970 1275 1991 ex
1290 1961 1345 1991 illo

287 2014 365 2036 une.
390 2004 548 2036 Potuisset
570 2014 710 2045 namque
732 2005 894 2036 subsumi:
919 2005 981 2036 Sed
996 2005 1130 2036 alterum
1144 2006 1270 2041 horum,
1287 2004 1345 2035 sci-

286 2048 360 2080 licet
385 2048 594 2086 inordinatio,
617 2058 674 2089 per
701 2059 734 2079 se
757 2049 904 2080 convenit
926 2056 1055 2090 peccato
1079 2056 1115 2080 ut
1138 2056 1184 2079 est
1206 2049 1344 2085 malum;

286 2091 448 2133 reliquum
469 2102 545 2123 vero
573 2102 628 2133 per
651 2093 803 2130 accidens,
828 2103 884 2124 seu
907 2093 1115 2124 materialiter.
1140 2093 1181 2124 Et
1203 2093 1247 2124 sic
1270 2103 1344 2123 con-

288 2135 440 2167 cluditur:
459 2136 544 2176 Ergo
560 2136 679 2176 species
691 2137 809 2177 peccati
824 2145 870 2168 est
886 2147 922 2168 ex
937 2137 1179 2168 inordinatione.
1195 2137 1237 2167 Et
1254 2137 1280 2167 si
1294 2137 1345 2167 hic

287 2187 333 2211 est
355 2180 519 2221 sophisma
542 2190 560 2210 a
582 2181 755 2212 secundum
779 2182 855 2222 quid
877 2182 917 2212 ad
939 2182 1134 2222 simpliciter,
1159 2191 1256 2222 quare
1279 2191 1345 2211 non

285 2221 347 2254 ibi?
371 2234 446 2255 cum
468 2224 639 2265 utrobique
661 2226 849 2265 procedatur
865 2226 904 2255 ad
920 2233 1085 2265 peccatum
1106 2226 1281 2256 secundum
1301 2235 1344 2261 se,

285 2278 304 2298 a
326 2274 456 2308 peccato
480 2274 516 2298 ut
538 2269 577 2298 ab
600 2268 672 2304 hoc,
697 2269 815 2300 scilicet
836 2276 1000 2309 peccante,
1024 2270 1074 2300 vel
1091 2270 1125 2300 in
1141 2270 1212 2306 hoc,
1230 2269 1346 2300 scilicet

285 2321 398 2352 genere
421 2311 507 2342 mali.

342 2356 380 2387 11.
403 2356 455 2386 Ad
479 2355 669 2387 evidentiam
698 2356 794 2387 huius
818 2356 1023 2394 difficultatis,
1048 2368 1113 2388 non
1138 2364 1264 2398 oportet
1286 2357 1346 2387 alia

286 2399 492 2430 fundamenta
506 2399 614 2436 iacere,
629 2401 682 2430 sed
699 2401 852 2431 declarare
868 2401 998 2432 fundata
1009 2402 1034 2432 *.
1052 2402 1100 2432 De
1115 2408 1254 2442 peccato,
1272 2411 1346 2432 curn

286 2443 378 2484 plura
399 2444 433 2474 in
457 2454 489 2474 se
513 2444 638 2475 claudat
666 2454 702 2474 ex
726 2445 841 2485 quibus
864 2455 931 2476 non
953 2445 988 2476 fit
1011 2455 1112 2476 unum
1135 2456 1192 2486 per
1217 2455 1259 2482 se,
1279 2455 1345 2476 uno

287 2487 436 2519 existente
457 2487 622 2528 privativo,
647 2489 744 2519 altero
767 2489 914 2529 positivo,
938 2499 1104 2530 nunquam
1127 2490 1243 2530 poterit
1265 2489 1346 2520 iudi-

287 2532 374 2563 cium
396 2531 580 2572 simpliciter
602 2532 677 2568 dari,
701 2532 762 2563 nisi
784 2540 983 2573 supponatur
997 2534 1104 2574 ipsum
1119 2534 1302 2574 simpliciter
1317 2539 1347 2564 et

287 2576 432 2607 absolute
455 2586 522 2606 esse
545 2575 665 2617 aliquid
683 2586 739 2617 per
762 2587 794 2607 se
818 2587 930 2608 unum.
955 2577 1005 2608 Sic
1020 2578 1106 2608 enim
1121 2579 1160 2608 de
1174 2578 1245 2618 ipso
1262 2588 1347 2608 nunc

286 2619 461 2661 loquimur.
485 2620 526 2650 Et
549 2619 574 2650 si
597 2620 728 2661 quidem
751 2628 915 2661 peccatum
939 2628 985 2652 est
1007 2621 1151 2662 privatio,
1175 2629 1211 2653 ut
1233 2622 1346 2652 Scotus

287 2664 321 2694 in
332 2673 412 2694 xxxv
427 2663 627 2694 distinctione
640 2664 776 2695 Secundi
791 2671 885 2701 tenet,
899 2672 1021 2696 constat
1040 2667 1129 2706 quod
1144 2665 1262 2707 species
1279 2665 1345 2696 eius

288 2714 460 2739 sumuntur
474 2718 511 2738 ex
534 2714 622 2747 parte
644 2709 824 2745 aversionis,
841 2719 896 2739 seu
920 2709 1171 2740 inordinationis.
1192 2710 1223 2741 Si
1240 2717 1346 2740 autern

289 2758 336 2782 est
346 2758 434 2783 actus
449 2752 622 2782 contrarius
634 2752 751 2788 virtuti,
768 2760 890 2784 constat
904 2754 992 2794 quod
1005 2754 1124 2793 species
1135 2754 1202 2784 eius
1214 2764 1346 2784 sumun-

289 2802 340 2826 tur
354 2805 392 2826 ex
413 2802 500 2836 parte
524 2796 751 2834 conversionis,
776 2807 831 2827 seu
855 2797 977 2829 obiecti.
1002 2798 1043 2828 Et
1062 2807 1099 2828 ex
1121 2798 1182 2828 hoc
1206 2798 1347 2839 sequitur

289 2839 388 2880 quod,
404 2839 430 2869 si
445 2838 479 2869 in
493 2839 552 2870 hac
567 2841 751 2880 quaestione
767 2841 898 2871 vertitur
912 2841 945 2871 in
962 2842 1096 2872 dubium
1108 2852 1156 2872 res
1171 2843 1249 2882 ipsa,
1263 2849 1348 2883 patet

289 2883 471 2924 responsio:
489 2882 605 2914 scilicet
620 2885 708 2925 quod
724 2895 772 2915 res
789 2895 871 2926 quae
893 2892 1024 2916 vocatur
1038 2886 1228 2917 inordinatio
1246 2886 1348 2926 priva-

289 2927 361 2964 tive,
386 2925 586 2967 specificatur·
605 2937 642 2958 ex
662 2928 772 2960 habitu
793 2929 942 2969 opposito
955 2953 962 2966 ‚
987 2929 1067 2960 sicut
1090 2930 1220 2961 caecitas
1236 2937 1267 2961 et
1282 2936 1347 2960 sur-

290 2970 370 3001 ditas
381 2971 618 3011 distinguuntur
629 2973 732 3012 specie
748 2983 784 3003 ex
795 2974 865 3004 visu
881 2980 912 3004 et
926 2974 1046 3010 auditu,
1059 2974 1174 3014 quibus
1187 2974 1349 3014 privantur

291 3014 444 3050 subiecta;
465 3022 496 3047 et
510 3025 558 3046 res
572 3025 653 3056 quae
668 3023 799 3048 vocatur
814 3018 1006 3048 contrarium
1020 3018 1138 3054 virtuti,
1155 3017 1349 3058 specificatur

291 3068 329 3088 ex
344 3058 469 3088 obiecto
489 3068 545 3089 seu
560 3058 633 3096 fine,
649 3060 729 3092 sicut
744 3061 874 3093 virtutes
888 3062 984 3102 ipsae.
1000 3062 1033 3093 Si
1048 3069 1154 3093 autem
1172 3062 1302 3093 vertitur
1315 3062 1348 3092 in

291 3101 427 3132 dubium
442 3111 491 3132 res
506 3102 677 3141 significata
692 3112 895 3144 peccatorum
910 3106 1108 3136 nominibus:
1125 3124 1145 3128 -
1157 3113 1193 3137 ut
1213 3106 1251 3136 de
1267 3106 1349 3136 facto

291 3146 422 3176 vertitur
443 3145 476 3175 in
501 3146 648 3183 dubium,
673 3148 748 3188 quia
770 3156 916 3189 putantes
939 3149 1206 3181 inordinationem
1231 3149 1348 3190 signifi-

292 3189 353 3220 cari
378 3189 564 3226 formaliter,
589 3190 698 3221 dicunt
719 3193 808 3231 quod
835 3199 1000 3232 peccatum
1024 3194 1225 3234 distinguitur
1247 3193 1350 3234 specie

292 3234 469 3264 secundum
486 3234 710 3274 oppositorum
725 3235 974 3272 distinctionem3
991 3243 1138 3277 putantes
1154 3245 1260 3268 autem
1276 3247 1350 3268 con-

293 3278 424 3308 trarium
438 3277 604 3318 significari
620 3278 801 3315 formaliter,
818 3279 928 3310 dicunt
942 3286 1109 3319 peccatum
1119 3281 1268 3321 distingui
1283 3291 1352 3321 spe·

293 3322 339 3352 cie
353 3322 530 3352 secundum
548 3322 685 3354 obiecta:
702 3341 722 3345 -
736 3333 802 3353 non
819 3330 865 3354 est
879 3323 1012 3354 omnino
1029 3323 1109 3354 clara
1132 3324 1218 3363 apud
1238 3334 1350 3355 omnes

291 3366 414 3403 veritas,
431 3376 504 3397 cum
528 3375 564 3396 ex
587 3377 647 3398 usu
671 3368 849 3398 Doctorum
872 3367 1015 3398 absolute
1035 3367 1217 3398 vocantium
1241 3377 1350 3407 pecca-

292 3416 363 3440 tum
379 3411 468 3448 nihil,
487 3417 517 3441 et
533 3419 594 3442 non
615 3422 635 3441 a
651 3411 730 3449 Deo,
747 3418 777 3442 et
798 3411 920 3447 similia,
938 3411 1152 3451 apparentiam
1169 3411 1350 3451 oppositam

292 3454 437 3495 patiatur.

351 3499 501 3530 Dicemus
521 3504 626 3530 tamen
642 3500 803 3531 veritatem
819 3499 937 3530 ratione
957 3498 1121 3529 firmatam.
1143 3499 1183 3529 Et
1200 3505 1246 3529 est
1262 3498 1349 3539 quod

1399 390 1563 422 peccatum
1587 392 1632 415 est
1655 395 1758 415 unum
1780 395 1836 425 per
1858 395 1900 422 se,
1918 391 1948 416 et
1971 392 2016 416 est
2039 395 2094 416 ens
2118 385 2310 415 contrarium
2328 385 2451 420 virtuti;

1399 433 1428 457 et
1451 427 1641 459 inordinatio
1666 429 1817 468 privativa
1839 436 1885 460 est
1907 429 2082 460 necessario
2105 429 2321 459 concomitans
2345 429 2451 469 ipsum

1400 476 1435 499 ut
1457 470 1629 501 informans
1652 472 1741 503 illud.
1758 473 1799 503 Et
1821 480 1986 513 propterea
2001 473 2155 504 Doctores
2178 473 2296 512 peccati
2325 473 2452 503 nomine

1400 523 1491 552 saepe
1516 522 1646 545 utuntur
1661 517 1700 545 ad
1723 516 1964 556 significandum
1986 517 2073 547 illam
2092 517 2286 547 adiacentem
2305 517 2452 556 privatio-

1400 565 1490 586 nem:
1517 557 1597 588 sicut
1619 566 1751 589 utuntur
1774 560 1867 590 etiam
1890 561 2019 591 nomine
2043 560 2243 591 beatitudinis
2267 561 2306 590 ad
2337 560 2452 600 signifi—

1400 601 1537 630 candum
1560 611 1719 632 summam
1743 604 1991 635 delectationem.
2006 622 2026 627 -
2041 605 2174 635 Declaro
2197 604 2329 644 singula.
2355 605 2452 641 Quod

1400 651 1564 683 peccatum
1592 646 1630 675 sit
1658 656 1759 676 unum
1783 657 1837 686 per
1864 658 1909 683 se,
1938 658 1975 678 ex
1997 648 2058 679 hoc
2086 655 2171 688 patet
2193 648 2283 688 quod
2309 649 2452 679 absolute

1400 687 1520 718 definiri
1537 689 1749 729 distinguique
1772 691 1914 730 specifice
1930 692 2107 723 consuevit:
2131 692 2207 722 haec
2231 692 2316 722 enim
2331 693 2370 722 de
2385 702 2451 722 uno

1400 741 1456 771 per
1478 732 1620 763 accidens
1635 743 1700 763 non
1724 741 1926 774 quaeruntur.
1944 753 1963 757 -
1978 736 2075 772 Quod
2096 746 2170 766 vero
2193 736 2233 766 sit
2260 736 2452 767 contrarium

1400 775 1516 811 virtuti,
1542 786 1579 806 ex
1602 777 1663 807 hoc
1691 784 1776 817 patet
1803 778 1891 819 quod
1914 779 2000 809 aliter
2030 789 2095 809 non
2126 780 2262 810 salvatur
2292 780 2450 810 distinctio

1401 819 1543 859 specifica
1566 827 1778 860 peccatorum.
1795 821 1975 852 Declaratur
1994 823 2119 862 sequela
2142 823 2174 853 in
2198 823 2330 863 peccatis
2354 830 2452 854 extre-

1401 863 1461 893 mis
1477 865 1639 894 contrariis
1661 865 1741 895 inter
1757 875 1788 895 se
1812 872 1842 895 et
1860 866 1981 896 mediae
1997 866 2112 896 virtuti.
2130 866 2162 896 Si
2184 867 2269 896 enim
2287 874 2452 907 peccatum

1401 907 1658 947 intemperantiae
1681 915 1711 938 et
1734 916 1897 948 peccatum
1920 909 2162 940 insensibilitatis
2185 918 2259 940 sunt
2280 911 2452 941 formaliter

1400 951 1647 982 inordinationes
1663 952 1848 992 privativae;
1866 963 1939 984 cum
1958 953 2157 993 privationes,
2174 961 2209 984 ut
2231 954 2363 993 ipsemet
2377 955 2451 985 Sco-

1402 1002 1452 1025 tus
1474 995 1491 1014 *
1512 996 1544 1025 in
1569 997 1733 1037 proposito
1757 997 1879 1033 fatetur,
1901 997 2130 1036 distinguantur
2152 997 2254 1038 specie
2277 999 2451 1028 secundum

1401 1039 1567 1079 oppositos
1596 1047 1699 1078 actus;
1723 1048 1848 1080 oportet
1871 1041 1958 1081 quod
1981 1047 2106 1080 peccata
2136 1041 2193 1071 ista
2222 1041 2283 1071 sint
2311 1042 2451 1072 eiusdem

1400 1083 1514 1123 speciei
1529 1084 1784 1124 specialissimae:
1808 1085 1882 1124 quia
1898 1085 2044 1124 opposita
2060 1084 2222 1121 rectitudo,
2239 1095 2302 1125 qua
2319 1085 2451 1125 privant,

1401 1134 1447 1158 est
1462 1128 1556 1158 unius
1579 1128 1692 1167 speciei
1711 1128 1961 1168 specialissimae,
1978 1129 2093 1158 scilicet
2112 1129 2263 1159 rectitudo
2280 1135 2453 1169 temperan-

1399 1171 1460 1202 tiae
1485 1172 1535 1202 vel
1557 1172 1780 1212 temperantiae
1802 1172 1882 1203 talis.
1907 1173 1947 1203 Et
1970 1172 2070 1202 simile
2095 1179 2141 1202 est
2171 1172 2323 1203 iudicium
2347 1173 2384 1203 de
2407 1173 2452 1202 vi-

1399 1215 1448 1245 tiis
1472 1223 1502 1246 et
1520 1216 1654 1256 peccatis
1678 1216 1832 1256 oppositis
1860 1216 1927 1246 aliis
1951 1216 2115 1246 virtutibus
2146 1216 2317 1247 moralibus
2340 1217 2451 1246 mediis

1399 1259 1479 1290 inter
1502 1260 1579 1290 duas
1603 1260 1745 1291 malitias.
1764 1260 1970 1300 Consequens
1993 1260 2054 1290 hoc
2077 1266 2123 1290 est
2146 1267 2253 1290 contra
2279 1260 2449 1296 veritatem,

1400 1310 1429 1334 et
1452 1303 1652 1334 Aristotelem
1679 1304 1712 1334 in
1740 1304 1860 1334 Ethicis
1881 1304 1916 1342 *,
1937 1311 1992 1334 etc.
2017 1304 2101 1344 Ergo
2124 1311 2289 1344 peccatum
2313 1314 2379 1335 non
2406 1311 2452 1335 est

1399 1347 1531 1386 privatio
1551 1348 1762 1383 essentialiter,
1782 1348 1836 1378 sed
1860 1348 2064 1378 contrarium:
2090 1354 2119 1378 et
2135 1347 2278 1388 specifica
2293 1348 2449 1379 distinctio

1399 1401 1511 1421 eorum
1535 1397 1580 1422 est
1603 1401 1640 1421 ex
1663 1391 1823 1422 contrariis
1840 1391 1969 1422 obiectis
1991 1391 2023 1421 in
2048 1401 2113 1421 esse
2137 1392 2258 1428 morali,
2277 1399 2307 1422 et
2329 1402 2394 1423 non
2414 1402 2451 1422 ex

1399 1435 1625 1474 privationibus
1639 1435 1879 1466 inordinationis
1895 1442 1926 1465 et
1939 1435 2118 1466 aversionis.
2129 1453 2146 1458 -
2156 1436 2196 1466 Et
2210 1435 2363 1476 quoniam
2374 1436 2450 1467 haec

1399 1479 1488 1514 ratio,
1505 1486 1631 1520 sumpta
1647 1489 1684 1509 ex
1706 1486 1793 1519 parte
1817 1478 1983 1509 distinctivi
1998 1478 2133 1518 specifici
2152 1486 2364 1519 peccatorum,
2379 1489 2450 1510 con-

1398 1523 1494 1554 vincit
1508 1530 1688 1563 utrumque,
1706 1523 1821 1553 scilicet
1836 1523 2068 1553 distinctionem
2083 1530 2286 1563 peccatorum
2309 1533 2346 1553 ex
2364 1531 2450 1563 parte

1399 1567 1620 1603 conversionis,
1641 1574 1671 1598 et
1694 1566 1902 1607 significatum
1922 1566 2053 1596 formale
2072 1567 2205 1607 peccati,
2230 1567 2383 1607 quoniam
2405 1567 2450 1597 di-

1399 1610 1540 1641 stinctiva
1563 1610 1705 1651 specifice
1733 1621 1789 1651 per
1812 1620 1843 1640 se
1867 1617 1940 1640 sunt
1971 1610 2204 1641 diversificativa
2231 1610 2358 1641 rationis
2388 1610 2450 1642 for-

1399 1654 1488 1684 malis
1513 1655 1578 1684 eius
1603 1655 1690 1695 quod
1708 1654 1922 1694 distinguitur:
1947 1654 2019 1684 ideo
2043 1654 2110 1684 sola
2126 1664 2183 1694 pro
2203 1665 2288 1685 nunc
2307 1653 2449 1686 sufficiat.

1454 1698 1505 1729 111.
1521 1699 1572 1728 Ad
1595 1699 1748 1730 rationem
1772 1705 1878 1729 autem
1901 1698 1986 1729 Scoti
2001 1698 2018 1717 *
2032 1699 2121 1738 quod
2143 1705 2308 1738 peccatum
2331 1698 2370 1729 sit
2392 1699 2451 1738 pri-

1398 1742 1492 1778 vatio,
1510 1742 1626 1773 scilicet
1639 1742 1714 1783 quia
1737 1752 1869 1783 peccans
1893 1752 1930 1772 ex
1947 1742 2009 1773 hoc
2032 1749 2140 1782 peccat
2158 1743 2246 1783 quod
2269 1749 2374 1773 actum
2395 1753 2450 1773 vo-

1398 1786 1571 1816 luntarium
1593 1786 1666 1817 facit
1688 1787 1806 1827 absque
1833 1786 2002 1816 concordia
2024 1787 2063 1816 ad
2086 1787 2198 1826 legem,
2222 1793 2252 1816 et
2274 1793 2361 1817 actus
2383 1787 2450 1826 ipse

1399 1830 1595 1861 voluntarius
1618 1830 1689 1860 ideo
1718 1837 1764 1861 est
1793 1837 1970 1870 peccatum,
1997 1830 2071 1870 quia
2095 1837 2199 1870 potest
2226 1840 2292 1860 esse
2319 1840 2450 1861 concors

1399 1874 1538 1914 regulae;
1563 1884 1637 1914 ergo
1653 1874 1791 1914 praecisa
1814 1874 1893 1904 ratio
1908 1874 2027 1914 peccati
2051 1881 2096 1904 est
2113 1874 2246 1914 privatio
2266 1872 2450 1904 concordiae

1398 1918 1438 1948 ad
1460 1918 1576 1958 legem:
1592 1936 1612 1941 —
1628 1918 1717 1948 facile
1739 1918 1947 1958 respondetur
1970 1917 2102 1960 dicendo
2119 1918 2207 1958 quod
2230 1917 2452 1948 insufficienter

1398 1962 1525 1993 resolvit
1543 1968 1724 2002 peccatum:
1747 1962 1847 1992 tribus
1862 1971 1999 2002 namque
2014 1962 2214 1992 existentibus
2237 1961 2270 1991 in
2284 1961 2365 2001 ipso,
2385 1962 2450 1992 duo

1397 2013 1521 2036 tantum
1545 2006 1761 2037 consideravit.
1786 2006 1843 2036 Est
1871 2006 1957 2036 enim
1979 2005 2011 2035 in
2040 2012 2168 2046 peccato
2182 2005 2451 2046 ‘intemperantiae

1398 2057 1484 2080 actus
1506 2050 1713 2086 voluntarius,
1729 2050 1786 2091 qui
1801 2056 1847 2080 est
1869 2049 1997 2080 materia
2012 2049 2159 2080 bonitatis
2178 2056 2208 2080 et
2230 2049 2366 2080 malitiae
2382 2059 2450 2079 mo-

1398 2094 1484 2124 ralis:
1509 2102 1554 2124 est
1577 2101 1607 2124 et
1629 2093 1747 2124 malitia
1775 2093 1903 2124 moralis
1931 2094 2083 2124 contraria
2109 2093 2349 2133 temperantiae,
2374 2101 2451 2133 puta

1398 2137 1654 2178 intemperantiae
1677 2137 1795 2168 forma:
1820 2144 1866 2168 est
1889 2143 1919 2167 et
1943 2147 2139 2178 consequens
2162 2137 2294 2177 privatio
2325 2137 2450 2168 rectitu-

1399 2182 1479 2212 dinis
1509 2182 1732 2222 temperantiae
1762 2181 1883 2212 debitae
1910 2181 1955 2211 illi
1985 2181 2066 2211 actui
2093 2181 2283 2212 voluntario.
2310 2181 2351 2212 Et
2379 2181 2451 2211 licet

1399 2226 1537 2266 primum
1568 2236 1633 2256 non
1660 2226 1700 2256 sit
1730 2225 1862 2255 formale
1891 2231 2072 2264 peccatum,
2098 2235 2164 2255 non
2194 2225 2343 2266 sequitur,
2366 2225 2450 2265 Ergo

1400 2270 1536 2300 tertium.
1559 2270 1625 2300 Stat
1651 2269 1736 2300 enim
1764 2269 1853 2310 quod
1877 2269 1916 2299 sit
1945 2269 2134 2300 secundum:
2160 2269 2241 2300 sicut
2269 2269 2302 2299 in
2324 2269 2450 2300 veritate

1399 2314 1569 2354 probatum
1592 2313 1665 2344 est*
1681 2323 1757 2344 esse.
1773 2331 1793 2336 -
1806 2313 1846 2343 Et
1864 2313 1941 2343 haec
1964 2323 2022 2353 pro
2038 2313 2241 2354 praecedente
2264 2313 2406 2349 articulo,
2423 2319 2453 2343 et

1399 2358 1502 2398 primo
1527 2357 1635 2388 dubio.
2084 2392 2097 2403 ⁴

1455 2402 1494 2432 Et
1511 2402 1549 2431 ad
1566 2402 1741 2432 secundum
1752 2401 1769 2420 *
1781 2401 2018 2439 descendamus,
2036 2401 2168 2432 dicendo
2185 2401 2273 2441 quod
2288 2410 2452 2440 processus

1398 2446 1516 2476 litterae
1546 2456 1610 2476 non
1643 2452 1689 2476 est
1712 2445 1825 2476 directe
1849 2445 1887 2475 ab
1910 2444 2083 2475 intentione
2114 2445 2153 2474 ad
2176 2451 2355 2484 peccatum:
2379 2444 2450 2479 sed,

1399 2485 1678 2520 iuxta'secundum
1697 2490 1832 2520 modum
1853 2496 1974 2520 tactum
1989 2489 2022 2518 in
2046 2489 2217 2528 arguendo,
2234 2499 2252 2518 a
2274 2495 2402 2528 peccato
2421 2488 2453 2517 in

1400 2534 1509 2564 ordine
1533 2534 1572 2563 ad
1595 2540 1786 2574 peccantem,
1807 2533 1846 2563 ad
1869 2539 2034 2573 peccatum
2057 2533 2232 2563 secundum
2255 2542 2297 2563 se.
2321 2533 2386 2562 Nec
2409 2538 2455 2562 est

1399 2588 1564 2618 processus
1588 2588 1606 2607 a
1627 2577 1802 2608 secundum
1825 2577 1902 2618 quid
1918 2577 1957 2606 ad
1979 2577 2180 2616 simpliciter:
2203 2576 2284 2606 sicut
2307 2583 2386 2607 esset
2405 2585 2452 2605 ar-

1399 2632 1493 2662 guere
1516 2632 1534 2652 a
1556 2628 1685 2662 peccato
1720 2628 1756 2652 ut
1784 2628 1829 2652 est
1852 2621 1974 2651 malurn
1997 2620 2196 2660 simpliciter,
2221 2621 2261 2650 ad
2288 2626 2451 2660 peccatum

1400 2666 1575 2696 secundum
1603 2675 1645 2696 se.
1671 2665 1712 2696 Et
1735 2665 1814 2696 ratio
1838 2671 1884 2695 est
1905 2664 1980 2705 quia
2009 2671 2189 2704 peccatum,
2224 2664 2398 2694 secundum
2421 2673 2453 2693 se

1400 2718 1504 2741 totum
1525 2715 1555 2740 et
1577 2710 1685 2739 ambas
1709 2709 1776 2739 eius
1799 2716 1911 2749 partes,
1932 2708 2048 2739 scilicet
2068 2707 2255 2738 contrariam
2279 2714 2308 2737 et
2330 2707 2454 2747 privati-

1399 2764 1488 2789 vam,
1515 2754 1673 2784 intantum
1703 2753 1796 2783 habet
1818 2753 1973 2783 rationem
1996 2752 2132 2792 peccati,
2155 2752 2344 2792 inquantum
2368 2757 2414 2781 est
2435 2761 2454 2780 a

1400 2804 1564 2838 peccante:
1586 2796 1826 2837 intemperantia
1849 2796 1934 2827 enim
1958 2806 2061 2836 neque
2085 2795 2237 2826 contraria
2260 2801 2306 2825 est
2327 2794 2450 2830 rationi,

1401 2852 1504 2883 neque
1527 2841 1628 2882 privat
1651 2841 1869 2871 rectitudinem
1887 2840 2027 2876 rationis,
2043 2839 2103 2869 nisi
2126 2846 2161 2870 ut
2180 2846 2225 2869 est
2248 2849 2265 2868 a
2287 2845 2452 2878 peccante;

1401 2896 1466 2916 non
1491 2885 1575 2916 enim
1599 2892 1645 2916 est
1667 2891 1832 2925 peccatum
1855 2883 1914 2914 nisi
1938 2883 2103 2924 peccantis.
2120 2884 2160 2913 Et
2183 2892 2282 2923 usque
2306 2882 2384 2912 adeo
2409 2889 2454 2912 est

1400 2940 1511 2960 verum
1535 2929 1605 2960 hoc.
1622 2929 1711 2969 quod
1735 2929 1760 2958 si
1784 2928 1901 2959 nullius
1917 2927 2074 2968 peccantis
2097 2933 2185 2962 esset,
2202 2932 2365 2966 peccatum
2389 2935 2455 2955 non

1402 2981 1491 3004 esset.
1518 2973 1610 3004 Unde
1633 2971 1871 3013 intemperantia
1894 2971 2055 3006 contrarie,
2080 2970 2111 3000 in
2135 2969 2243 3000 ordine
2267 2969 2306 2999 ad
2334 2969 2453 3004 Deum,

1402 3029 1420 3048 a
1443 3027 1509 3058 quo
1534 3024 1593 3053 est,
1617 3026 1683 3047 non
1709 3023 1755 3047 est
1777 3022 1955 3056 peccatum;
1981 3021 2011 3045 et
2039 3014 2215 3044 inordinate
2238 3013 2455 3053 concomitans

1403 3072 1468 3092 non
1491 3060 1723 3092 concomitatur
1737 3060 1840 3100 ipsam
1862 3059 1921 3089 nisi
1941 3066 2095 3099 quatenus
2115 3064 2161 3087 est
2183 3067 2201 3087 a
2217 3063 2374 3097 peccante.
2392 3058 2456 3087 Lo-

1403 3105 1458 3147 qui
1482 3115 1556 3145 ergo
1580 3105 1619 3135 de
1641 3111 1769 3145 peccato
1793 3110 1829 3134 ut
1851 3110 1897 3133 est
1919 3113 1937 3132 a
1960 3108 2116 3142 peccante,
2142 3107 2172 3131 et
2195 3101 2234 3131 de
2257 3107 2385 3140 peccato
2408 3110 2455 3130 se-

1403 3150 1545 3180 cundum
1569 3158 1610 3185 se,
1627 3148 1712 3178 idem
1735 3154 1796 3178 est:
1820 3147 1895 3187 quia
1918 3146 2092 3176 secundum
2115 3154 2148 3174 se
2171 3151 2345 3185 sumptum,
2372 3144 2455 3175 clau-

1404 3194 1450 3224 dit
1471 3193 1503 3223 in
1527 3202 1583 3223 sua
1606 3192 1727 3222 ratione
1751 3201 1816 3221 esse
1841 3201 1858 3220 a
1881 3195 2043 3229 peccante,
2068 3188 2111 3218 sic
2134 3188 2223 3229 quod
2245 3198 2282 3218 ex
2304 3188 2366 3219 hoc
2389 3197 2456 3218 sor-

1403 3237 1479 3268 titur
1494 3236 1612 3276 peccati
1626 3235 1790 3265 rationem.
1806 3233 1847 3264 Et
1862 3233 2015 3273 quoniam
2031 3239 2196 3272 peccatum
2211 3238 2258 3263 est
2272 3242 2290 3262 a
2308 3238 2456 3272 peccante

1404 3291 1439 3311 ex
1463 3280 1525 3310 hoc
1552 3279 1641 3319 quod
1670 3278 1736 3308 eius
1769 3277 1931 3307 voluntate
1954 3283 2000 3307 est
2021 3276 2257 3312 voluntarium,
2283 3276 2372 3316 quod
2401 3286 2457 3316 per

1404 3323 1621 3358 intentionem,
1638 3331 1719 3362 quae
1735 3328 1782 3352 est
1799 3328 1940 3361 respectu
1956 3319 2036 3357 finis,
2053 3320 2109 3361 qui
2125 3327 2171 3351 est
2189 3319 2355 3361 proprium
2371 3320 2456 3350 obie-

1405 3374 1491 3398 ctum
1506 3365 1686 3401 voluntatis,
1703 3365 1898 3404 exprimitur;
1916 3374 2112 3405 consequens
2128 3371 2174 3395 est
2188 3364 2277 3404 quod
2292 3370 2457 3404 peccatum

1403 3411 1436 3440 in
1463 3410 1574 3440 ordine
1601 3410 1640 3439 ad
1663 3416 1853 3449 peccantem,
1880 3415 1911 3439 et
1933 3409 1973 3439 ad
2000 3408 2208 3439 intentionem
2232 3407 2402 3447 peccantis,
2427 3413 2457 3438 et

1405 3461 1440 3484 ut
1462 3453 1687 3489 voluntarium,
1710 3460 1739 3483 et
1762 3453 1938 3483 secundum
1961 3462 2003 3488 se,
2024 3452 2109 3482 idem
2132 3452 2203 3483 sint.
2227 3452 2267 3482 Et
2291 3461 2455 3492 processus

1405 3498 1531 3533 litterae,
1549 3507 1585 3527 ex
1608 3497 1669 3527 hoc
1686 3497 1773 3537 quod
1797 3503 1970 3537 peccatum,
1991 3503 2026 3527 ut
2049 3502 2223 3536 peccatum,
2245 3502 2290 3526 est
2313 3495 2456 3526 volunta-

2480 1005 2488 1014 ·
2503 1004 2559 1026 Loc.
2575 1005 2612 1026 cit.

2479 1310 2487 1319 ’
2494 1309 2545 1331 Lib.
2553 1310 2580 1336 11,
2589 1315 2639 1337 cap.
2646 1316 2687 1332 vn.

2478 1346 2489 1351 ·
2497 1335 2633 1358 S.Th.1ect.
2641 1342 2686 1362 vm,

2480 1705 2487 1712 ·
2502 1703 2537 1724 Cf.
2553 1709 2616 1725 num.
2631 1710 2647 1725 1.

2479 2319 2487 2326 ·
2503 2316 2572 2337 Num.
2588 2321 2663 2344 praec.

2481 2405 2489 2413 ⁶
2505 2403 2539 2425 ef.
2555 2409 2618 2424 num.
2632 2409 2649 2423 ι.
