2840 4010
121 1091 131 1101 ·
145 1090 182 1112 De
202 1090 275 1117 Tn‘n..
290 1090 332 1112 lib.

120 1115 162 1142 VI,
177 1122 227 1144 up.
242 1123 292 1139 vm.

111 2943 121 2954 '¹
135 2942 193 2970 Cap.
209 2949 227 2964 11
244 2949 296 2971 sqq.
312 2955 322 2960 -

110 2968 149 2991 cf.
164 2969 194 2990 de
213 2969 322 2998 Corrept.

110 2997 137 3017 et
146 2994 223 3023 Grat„
234 3001 285 3024 cap.
292 3002 323 3017 vi.

1027 151 1293 198 QUAESTIO
1323 151 1463 199 cx1v,
1492 151 1787 190 ARTICULUS
1817 153 1869 189 lx

358 229 444 267 licet
476 228 522 266 sit
556 241 670 278 supra
705 230 950 278 quantitatem
986 228 1124 279 ipsius:
1154 229 1249 266 sicut
1283 229 1417 277 arbor,

359 281 427 319 etsi
447 281 493 318 sit
520 294 635 330 supra
655 282 904 330 quantitatem
933 282 1098 330 seminis,
1119 294 1198 319 non
1213 288 1269 318 est
1287 289 1418 319 tamen

360 346 474 382 supra
502 335 680 372 virtutem
707 335 836 384 ipsius.

411 388 472 423 An
498 399 659 424 TERTlUM
686 399 870 425 mmmmm
899 387 1004 436 quod
1032 386 1202 435 quolibet
1228 393 1314 422 actu
1337 397 1417 422 me-

360 438 490 477 ritorio
518 447 687 477 meretur
713 441 833 477 homo
862 446 1110 488 augmentum
1138 437 1293 486 gratiae,
1324 437 1419 474 sicut

2455 153 2529 190 353

1475 237 1510 268 et
1523 230 1662 278 gratiae
1684 232 2071 279 consummationem,
2087 245 2186 280 quae
2203 240 2258 270 est
2270 232 2347 270 vita
2367 239 2529 269 aeterna.

1474 283 1552 320 Sed
1579 283 1675 320 sicut
1700 284 1778 321 vita
1807 291 1959 322 aeterna
1988 297 2067 322 non
2095 285 2219 322 statim
2248 285 2434 332 redditur,
2464 285 2531 322 sed

1473 348 1547 377 suo.
1571 343 1761 384 tempore;
1790 336 1840 373 ita
1867 349 1938 374 nec
1965 338 2082 385 gratia
2110 338 2234 375 statim
2263 346 2437 386 augetur,
2464 338 2531 375 sed

1472 400 1542 424 suo
1558 388 1778 437 tempore*;
1799 401 1888 427 curn
1908 390 2046 427 scilicet
2063 390 2196 440 aliquis
2211 391 2439 428 sufficienter
2453 391 2532 427 fue-

1471 440 1517 477 rit
1545 440 1747 489 dispositus
1775 441 1824 479 ad
1851 442 1990 491 grafiae
2017 451 2278 491 augmentum.

1035 525 1365 558 Commentario.
1388 523 1636 559 Cardinalis
1658 527 1856 560 Caietam

389 614 410 634 n
433 604 566 635 articulo
586 611 699 636 octavo
718 604 861 635 eiusdem
880 603 1082 644 quaestionis,
1102 609 1181 634 nota
1198 602 1287 643 quod
1301 603 1423 633 Auctor

363 615 436 678 luti
454 648 579 679 videtur
591 649 687 688 gratia
705 648 796 690 quasi
815 654 949 684 motore,
968 647 1002 678 in
1019 647 1176 688 principio
1191 645 1332 686 corporis
1351 646 1422 676 arti-

361 692 433 728 culi,
446 692 521 733 quia
536 692 633 732 gratia
647 699 694 723 est
708 692 796 723 velut
809 701 965 732 organum
981 701 1036 722 seu
1051 691 1195 722 medium
1205 700 1271 732 quo
1287 690 1421 731 Spiritus

360 736 492 767 Sanctus
515 743 623 767 movet
647 745 723 767 nos:
748 746 784 766 ac
808 746 864 777 per
886 735 959 773 hoc,
983 736 1094 766 eadem
1117 734 1218 766 motio
1242 734 1421 765 attribuitur

360 779 489 820 Spiritui
513 780 627 811 Sancto
644 786 675 810 et
693 780 818 820 gratiae,
836 786 867 810 et
881 779 920 809 ad
945 779 1031 810 idem
1053 789 1086 810 se
1110 778 1272 810 extendere
1296 778 1418 810 dicitur.

415 823 453 854 Π.
466 824 502 854 In
517 823 724 864 responsione
739 824 779 853 ad
795 824 970 854 secundum
986 823 1129 854 eiusdem
1142 821 1273 858 articuli,
1285 822 1419 853 dubium

361 868 497 898 occurrit
523 868 655 907 duplex:
683 867 804 907 primo,
836 867 916 898 circa
938 867 971 897 id
995 868 1083 908 quod
1110 866 1239 902 dicitur;
1262 867 1418 903 secundo,

361 911 441 942 circa
463 911 496 941 id
518 911 607 951 quod
630 911 831 951 supponitur.
860 911 991 942 Falsum
1017 911 1149 952 quidem
1177 910 1301 951 videtur
1328 911 1418 951 quod

361 961 568 995 augmentum
585 955 701 995 gratiae
716 955 756 985 sit
775 965 870 995 supra
884 955 1102 996 quantitatem,
1119 961 1150 986 et
1164 963 1231 985 non
1249 963 1344 994 supra
1357 954 1418 983 vir—

359 1004 462 1029 tutem
484 998 717 1039 praeexistentis
749 998 875 1039 gratiae.
898 1000 982 1030 Nam
1005 1000 1037 1029 in
1061 999 1111 1030 his
1139 1007 1222 1040 quae
1249 1007 1310 1028 non
1335 998 1418 1028 mole

359 1052 482 1083 magna
504 1047 591 1080 sunt,
616 1042 698 1073 idem
715 1048 762 1074 est
784 1044 889 1073 maius
904 1048 935 1074 et
958 1044 1082 1080 melius,
1106 1049 1143 1073 ut
1156 1041 1352 1082 Augustinus
1372 1041 1416 1071 di-

359 1085 401 1116 cit
414 1086 441 1117 *.
458 1086 499 1116 Et
515 1093 637 1118 constat
653 1087 742 1127 quod
755 1087 788 1117 in
803 1087 916 1117 maiori
931 1087 1105 1128 quantitate
1121 1086 1236 1127 gratiae
1255 1091 1301 1116 est
1317 1085 1418 1115 maior

357 1129 456 1160 virtus
468 1139 567 1170 quam
581 1130 614 1160 in
626 1131 753 1162 minori.
764 1133 811 1162 Ac
824 1141 881 1171 per
895 1130 966 1167 hoc,
979 1137 1186 1171 augmentum
1199 1129 1324 1171 gratiae,
1338 1129 1418 1160 sicut

359 1174 479 1204 excedit
501 1175 718 1215 quantitatem,
737 1174 781 1205 ita
800 1175 920 1205 excedit
937 1174 1085 1206 virtutem
1100 1173 1331 1215 praeexistentis
1350 1183 1417 1213 gra-

358 1217 430 1248 tiae.
449 1218 524 1248 Non
552 1218 596 1249 sic
623 1225 730 1249 autem
754 1225 800 1249 est
828 1219 867 1249 de
890 1219 1009 1249 semine
1032 1225 1063 1249 et
1090 1219 1210 1254 arbore,
1234 1224 1264 1248 et
1287 1217 1416 1247 animali

357 1271 460 1302 parvo
474 1268 630 1293 crescente
650 1262 683 1292 in
706 1271 873 1303 magnum;
889 1262 922 1292 in
939 1263 1055 1304 quibus
1073 1262 1171 1293 virtus
1186 1261 1417 1302 augmentativa

359 1305 561 1345 distinguitur
583 1316 601 1336 a
623 1306 797 1346 quantitate
820 1306 978 1346 perfecta„
991 1306 1031 1337 ad
1053 1316 1151 1348 quam
1173 1311 1290 1336 movet.

418 1349 549 1380 Falsum
568 1359 700 1391 quoque
715 1350 919 1391 suppositum
935 1350 1068 1387 videtur,
1085 1349 1202 1381 scilicet
1215 1349 1303 1391 quod
1318 1349 1417 1389 gratia

358 1399 472 1433 augeat
486 1393 638 1433 seipsam:
662 1403 736 1424 cum
752 1393 840 1424 solus
863 1394 950 1424 Deus
971 1394 1108 1425 effective
1124 1399 1231 1425 causet
1251 1400 1283 1424 et
1304 1400 1418 1433 augeat

356 1436 498 1477 gratiam.

411 1480 463 1511 111.
480 1480 532 1511 Ad
546 1479 610 1511 hoc
626 1480 740 1511 dicitur
754 1482 853 1522 quod,
871 1481 946 1523 quia
961 1488 1170 1522 augmentum
1187 1491 1252 1512 non
1268 1479 1328 1511 nisi
1347 1491 1413 1511 me-

356 1523 518 1564 taphorice
547 1524 581 1554 in
611 1524 722 1555 formis
750 1532 834 1556 extra
864 1526 1073 1567 quantitatem
1103 1525 1228 1562 dicitur;
1256 1530 1304 1555 est
1330 1525 1416 1555 enim

356 1574 465 1598 motus
479 1567 667 1599 intensionis
683 1569 898 1609 augmentatio
919 1569 1044 1610 gratiae,
1060 1570 1141 1600 sicut
1156 1576 1187 1600 et
1204 1568 1337 1600 aliarum
1352 1569 1414 1599 for-

357 1620 497 1642 marum:
518 1611 591 1643 ideo
610 1622 676 1643 non
693 1620 821 1654 oportet
835 1614 897 1645 hoc
913 1614 1072 1645 attendere
1088 1613 1186 1656 quod,
1203 1612 1285 1644 sicut
1298 1613 1414 1643 animal

356 1662 412 1687 aut
431 1655 608 1687 animatum
631 1664 725 1698 auget
743 1658 893 1698 seipsum,
917 1658 960 1688 ita
978 1658 1077 1698 gratia
1099 1663 1195 1698 auget
1214 1656 1359 1698 seipsam,
1380 1664 1416 1688 ut

357 1700 396 1730 de
414 1700 535 1730 semine
554 1707 587 1732 et
603 1702 714 1732 arbore
737 1701 912 1732 similitudo
932 1701 1067 1734 affertur.
1090 1702 1151 1733 Sed
1174 1700 1208 1732 in
1229 1700 1416 1731 huiusmodi

356 1751 529 1784 augmento
553 1745 678 1785 gratiae,
698 1755 780 1787 quae
798 1756 870 1776 vere
893 1746 1029 1777 intensio
1054 1753 1109 1783 est,
1126 1745 1352 1777 attendendum
1369 1752 1416 1776 est

356 1788 446 1829 quod
463 1798 557 1819 causa
571 1799 676 1829 agens,
690 1800 772 1830 quae
788 1789 883 1821 efficit
898 1790 1035 1820 formam
1046 1790 1079 1820 in
1092 1789 1231 1821 subiecto
1247 1789 1414 1830 disposito,

356 1838 450 1873 auget
474 1843 544 1863 eam
574 1833 732 1864 mediante
759 1834 862 1874 seipsa
885 1840 1075 1874 cooperante
1100 1844 1156 1874 per
1183 1839 1288 1864 actum
1318 1843 1415 1863 suum

355 1877 395 1907 ad
421 1875 656 1917 disponendum
682 1888 842 1919 capaxque
868 1879 1065 1909 reddendum
1088 1877 1264 1909 subiectum
1287 1877 1416 1908 maioris

355 1921 485 1961 gratiae,
511 1928 540 1951 et
568 1922 607 1951 ad
631 1921 811 1952 faciendum
840 1922 898 1953 sibi
928 1922 1086 1959 debitum,
1110 1922 1190 1952 idest
1212 1922 1415 1958 merendum,

355 1965 540 1995 huiusmodi
578 1973 797 2005 augmentum.
828 1967 868 1997 Et
894 1966 967 1997 licet
997 1973 1204 2006 augmentum
1232 1965 1351 2006 gratiae
1378 1965 1417 1996 sit

355 2009 484 2039 maioris
505 2009 687 2050 quantitatis
704 2021 740 2041 ac
754 2010 878 2041 virtutis
896 2021 995 2051 quam
1017 2010 1115 2050 gratia
1137 2010 1354 2051 praeexistens,
1378 2016 1416 2040 ut

355 2053 520 2084 manifeste
547 2060 633 2093 patet
656 2064 730 2084 cum
759 2061 897 2094 augetur
919 2064 1022 2095 usque
1044 2055 1083 2085 ad
1107 2054 1418 2085 consummationem

354 2097 486 2137 patriae;
498 2108 564 2128 non
577 2104 684 2128 tamen
696 2098 816 2128 excedit
830 2098 1000 2129 efficaciam
1011 2098 1127 2139 gratiae
1142 2098 1375 2139 praeexistentis
1384 2098 1418 2128 in

355 2141 555 2182 disponendo
572 2152 607 2172 ac
626 2143 777 2172 merendo
795 2152 874 2179 eam,
892 2143 947 2173 sed
968 2149 1014 2173 est
1033 2142 1292 2183 proportionatus
1312 2143 1418 2173 termi-

354 2195 414 2216 nus
432 2186 526 2217 illius.
538 2186 579 2216 Et
596 2186 659 2217 hoc
670 2193 716 2217 est
732 2196 798 2217 non
819 2187 965 2218 excedere
981 2187 1069 2217 illam
1085 2186 1117 2217 in
1131 2187 1255 2223 virtute,
1273 2187 1419 2228 quamvis

353 2229 386 2260 in
413 2230 597 2271 quantitate.

1530 605 1622 635 Unde
1645 606 1781 638 obiectio
1808 607 1903 647 primi
1930 608 2017 639 dubii
2039 609 2072 640 in
2095 610 2270 650 aequivoco
2293 610 2424 641 laborat.
2447 611 2530 641 Nam

1475 647 1640 688 dupliciter
1662 650 1793 690 intelligi
1816 658 1921 691 potest
1943 663 2010 683 esse
2033 663 2127 694 supra
2146 654 2308 685 virtutem:
2331 664 2398 684 uno
2420 655 2529 691 mode,

1474 691 1587 723 habere
1606 693 1761 725 maiorem
1774 694 1937 732 virtutem,;
1961 696 2024 727 alio
2047 698 2158 734 modo,
2175 708 2242 728 esse
2264 698 2530 739 improportiona-

1474 742 1544 766 tum
1567 737 1712 768 effectum
1735 749 1791 768 seu
1814 739 1985 770 terminum
2007 740 2092 771 illius
2115 741 2247 773 virtutis.
2272 742 2313 773 Et
2334 742 2367 772 in
2390 743 2530 773 secundo

1474 789 1567 810 sensu
1592 781 1728 812 sumitur
1749 782 1782 812 in
1809 782 1919 820 littera,
1944 793 2010 814 non
2032 784 2065 814 in
2088 785 2207 824 primo:
2232 786 2306 827 quia
2333 786 2454 826 primus
2478 796 2530 816 co-

1472 823 1582 855 incidit
1602 835 1676 855 cum
1691 825 1753 855 alio
1774 827 1918 857 membro
1934 827 2064 865 litterae,
2080 829 2198 860 scilicet
2212 839 2278 860 esse
2299 840 2393 870 supra
2408 830 2531 870 quanti·

1472 873 1582 904 tatem;
1599 878 1674 899 nam
1694 869 1836 900 eiusdem
1854 871 1984 902 rationis
1999 878 2046 903 est
2066 882 2133 903 esse
2155 883 2251 914 supra
2270 873 2478 914 quantitatem
2500 880 2531 905 et

1470 911 1629 949 virtutem,
1653 913 1687 943 in
1710 912 1814 954 primo
1834 924 1938 945 sensu.

1528 956 1580 987 IV.
1593 957 1645 986 Ad
1660 957 1837 987 secundum
1860 958 1972 989 dicitur
1987 959 2076 1000 quod
2097 959 2198 990 littera
2216 971 2282 991 non
2298 961 2450 1001 supponit
2463 971 2530 1001 gra—

1471 999 1549 1029 tiam
1563 1010 1676 1040 augere
1689 1001 1838 1040 seipsam:
1856 1002 1910 1032 sed
1925 1002 1968 1032 ita
1981 1012 2013 1032 se
2023 1002 2138 1034 habere
2156 1004 2195 1034 ad
2211 1012 2418 1044 augmentum
2435 1015 2530 1035 suurn

1472 1044 1676 1080 causandum,
1697 1054 1732 1074 ac
1748 1044 1774 1074 si
1790 1052 1930 1076 causaret
1944 1046 2036 1082 illud,
2052 1046 2134 1078 sicut
2147 1054 2233 1078 actus
2249 1048 2372 1079 habitus
2387 1049 2530 1090 acquisiti

1472 1093 1565 1126 auget
1587 1087 1704 1127 ipsum.
1721 1088 1763 1118 Et
1784 1088 1847 1119 hoc
1863 1096 1910 1120 est
1924 1100 2044 1121 verum.
2063 1091 2226 1128 Quoniam
2244 1092 2277 1122 in
2293 1092 2363 1122 solo
2380 1099 2450 1123 actu
2465 1103 2532 1132 gra-

1470 1131 1530 1161 tiae
1554 1138 1686 1171 augetur
1707 1132 1818 1172 gratia;
1843 1133 1898 1174 qui
1919 1133 1962 1164 ita
1984 1144 2017 1164 se
2035 1134 2130 1165 habet
2143 1136 2182 1165 ad
2205 1142 2422 1176 augmentum,
2442 1137 2531 1177 quod

1471 1175 1496 1204 si
1513 1182 1592 1206 esset
1606 1176 1762 1206 causabile
1785 1186 1841 1216 per
1863 1184 1969 1208 actum
1992 1185 2149 1215 nostrum,
2166 1186 2241 1210 tunc
2258 1187 2446 1211 causaretur.
2463 1181 2529 1211 Sta-

1471 1219 1531 1249 tuit
1556 1219 1712 1260 siquidem
1736 1227 1812 1251 tunc
1833 1222 1920 1252 Deus
1941 1229 2149 1262 augmentum
2172 1234 2307 1260 causare,
2332 1225 2460 1265 quando
2484 1224 2531 1254 vis

1470 1269 1577 1293 nostra
1600 1271 1741 1294 causaret
1763 1264 1852 1301 illud,
1876 1265 1902 1295 si
1924 1265 1957 1296 in
1980 1272 2088 1296 nostra
2111 1274 2191 1298 esset
2212 1267 2376 1308 potestate.

1524 1307 1565 1337 Et
1591 1306 1668 1338 haec
1688 1307 1770 1340 dicta
1794 1315 1868 1339 sunt
1883 1309 1922 1339 de
1945 1310 2043 1350 gratia
2066 1311 2258 1351 inquantum
2282 1311 2432 1342 efficiente
2455 1322 2530 1352 aug-

1470 1357 1629 1381 mentum:
1653 1358 1690 1382 ut
1708 1359 1916 1392 exponeretur
1939 1353 2035 1384 etiam
2056 1355 2220 1385 verbaliter
2241 1356 2405 1396 responsio
2425 1356 2465 1386 ad
2487 1366 2532 1386 se-

1471 1395 1622 1426 cundum.
1647 1395 1708 1427 Sed
1731 1396 1895 1436 loquendo
1911 1397 1949 1427 de
1971 1398 2068 1438 gratia
2091 1405 2128 1429 ut
2150 1406 2288 1430 merente
2312 1406 2529 1440 augmentum,

1470 1440 1637 1479 quomodo
1661 1439 1805 1480 loquitur
1826 1447 1912 1471 totus
1939 1442 2098 1479 articulus,
2119 1449 2151 1473 et
2172 1450 2394 1483 argumentum
2421 1453 2531 1474 secun-

1470 1483 1563 1513 dum:
1587 1483 1709 1514 facilius
1732 1490 1818 1523 patet
1833 1484 1982 1515 mentum
2005 1487 2166 1526 augmenti
2181 1497 2247 1517 non
2271 1497 2338 1517 esse
2361 1497 2455 1527 supra
2470 1488 2531 1518 vir-

1469 1533 1571 1557 tutem
1593 1527 1709 1567 gratiae
1725 1528 1824 1558 modo
1848 1529 1992 1569 exposito
1999 1538 2006 1566 ;
2025 1537 2056 1561 et
2069 1540 2136 1560 non
2150 1530 2364 1571 praesupponi
2381 1541 2531 1571 augmen-

1469 1576 1539 1601 tum
1562 1569 1628 1601 fien'
1651 1581 1669 1602 a
1691 1571 1798 1612 gratia,
1822 1573 1877 1602 sed
1900 1573 2050 1604 meritum
2073 1574 2157 1605 illius
2181 1584 2217 1605 ex
2240 1575 2399 1615 condigno
2424 1584 2489 1606 esse
2514 1586 2531 1605 a

1468 1614 1575 1655 gratia.

1521 1658 1560 1689 V.
1578 1658 1614 1688 In
1629 1659 1835 1699 responsione
1855 1660 1894 1690 ad
1917 1660 2054 1698 tertium,
2070 1662 2194 1692 adverte
2218 1662 2306 1703 quod
2328 1665 2459 1699 Auctor,
2476 1663 2530 1704 qui

1468 1702 1501 1732 in
1518 1702 1544 1740 II
1561 1702 1660 1741 Sent.,
1679 1703 1748 1734 dist.
1765 1713 1858 1740 xxvn,
1871 1714 1925 1745 qu.
1941 1715 1962 1741 1,
1980 1712 2035 1736 art.
2056 1707 2084 1742 5,
2101 1712 2308 1746 augmentum
2324 1706 2440 1746 gratiae
2457 1717 2531 1737 con-

1469 1746 1615 1777 sideravit
1644 1747 1751 1777 solum
1780 1754 1816 1778 ut
1843 1748 1990 1779 effectum
2012 1750 2145 1789 gratiae,
2176 1757 2206 1781 et
2234 1757 2401 1791 propterea
2423 1751 2532 1790 posuit

1469 1790 1578 1830 ipsum
1599 1797 1636 1821 ut
1656 1791 1835 1831 praemium
1859 1793 2076 1823 concomitans
2100 1801 2206 1824 actum
2233 1794 2445 1831 meritorium;
2469 1795 2529 1832 hic,

1471 1834 1681 1875 perspicacius
1704 1835 1838 1866 intuitus
1862 1843 2070 1877 augmentum
2094 1848 2160 1868 esse
2189 1838 2361 1869 terminum
2388 1839 2531 1869 medium

1470 1885 1579 1909 motus
1602 1879 1768 1916 meritorii,
1793 1880 1902 1920 posuit
1930 1881 2038 1921 ipsum
2068 1892 2134 1912 esse
2164 1882 2342 1921 praemium
2373 1883 2532 1913 redditum

1471 1922 1584 1953 merito
1608 1923 1734 1960 directe,
1759 1923 1840 1955 sicut
1856 1931 1885 1955 et
1900 1924 1998 1955 vitam
2021 1932 2190 1956 aeternam.
2215 1927 2256 1956 Et
2271 1933 2438 1966 propterea
2460 1927 2532 1957 licet

1470 1966 1524 2002 ibi,
1539 1966 1572 1996 in
1588 1977 1668 2007 resp.
1686 1968 1726 1998 ad
1744 1978 1772 2004 2,
1791 1978 1857 1998 non
1873 1969 2015 2008 posuerit
2027 1970 2170 2010 quolibet
2194 1977 2264 2000 actu
2284 1970 2445 2001 meritorio
2465 1981 2531 2001 me—

1471 2010 1530 2040 reri
1556 2021 1615 2041 nos
1642 2018 1851 2051 augmentum
1868 2013 1997 2052 gratiae;
2024 2013 2074 2044 hic
2099 2014 2161 2044 hoc
2180 2014 2322 2051 affirmat,
2340 2025 2399 2045 suo
2426 2022 2531 2045 tamen

1471 2061 1615 2095 tempore
1633 2056 1840 2093 reddendum,
1867 2067 1940 2087 cum
1959 2057 2076 2088 scilicet
2096 2058 2208 2099 aliquis
2228 2058 2321 2089 fuerit
2344 2058 2532 2089 sufficienter

1473 2098 1644 2144 dispositus
1668 2100 1707 2130 ad
1731 2107 1939 2140 augmentum
1961 2101 2087 2141 gratiae.
2117 2103 2215 2140 Quod
2242 2110 2318 2133 tunc
2347 2103 2452 2133 solum
2476 2110 2530 2139 est,

1473 2153 1544 2174 cum
1561 2144 1678 2184 aliquis
1699 2145 1743 2174 ita
1764 2146 1867 2175 utitur
1881 2151 2011 2185 accepta
2026 2147 2136 2186 gratia
2159 2147 2332 2177 secundum
2351 2149 2531 2187 proportio-

1474 2197 1546 2217 nem
1564 2189 1680 2218 virium
1702 2198 1849 2226 suarum,
1874 2195 1910 2220 ut
1928 2190 1960 2219 in
1977 2191 2066 2220 nullo
2080 2192 2209 2231 gratiae
2224 2191 2287 2222 Dei
2306 2191 2387 2222 desit
2395 2201 2459 2232 per
2475 2201 2529 2222 ne-

1473 2231 1679 2272 gligentiam,
1696 2239 1732 2263 ut
1755 2233 1873 2263 ibidem
1896 2235 2020 2264 Auctor
2041 2234 2125 2266 dicit.

1159 2385 1474 2427 ARTICULUS
1505 2386 1707 2427 NONUS

899 2477 1056 2507 UTRUM
1079 2476 1209 2508 HOMO
1231 2477 1378 2508 Possm*
1403 2477 1796 2509 PERSEVERANTIAM
1819 2479 1981 2510 MERERI

392 2583 447 2609 aa.
467 2584 509 2605 ω
563 2577 586 2602 D
614 2577 742 2603 nouum
770 2577 824 2602 516
856 2576 1097 2602 PROCEDrrUR.
1117 2564 1276 2602 Videtur
1308 2565 1413 2612 quod

379 2607 541 2665 ‘iiiiii
563 2618 697 2667 aliquis
738 2617 858 2667 possit
897 2617 1220 2666 perseverantiam
1260 2618 1409 2655 mereri.

368 2656 488 2718 ,Rupe
499 2656 529 2716 ἐξ
546 2670 659 2709 Illud
679 2673 782 2708 enim
803 2672 910 2720 quod
926 2671 1047 2708 homo
1067 2670 1212 2707 obtinet
1231 2671 1410 2720 petendo,

370 2708 496 2758 [Εἴθ’
519 2716 687 2774 Kpotest
715 2724 850 2761 cadere
879 2724 950 2761 sub
971 2723 1106 2761 merito
1125 2723 1298 2761 habentis
1326 2736 1407 2772 gra-

350 2775 453 2814 tiam.
471 2776 547 2813 Sed
566 2777 890 2826 perseverantiam
909 2777 1075 2826 petendo
1090 2776 1267 2814 homines
1286 2789 1309 2814 a
1326 2778 1411 2814 Deo

351 2828 537 2867 obtinent:
568 2829 736 2880 alioquin
763 2830 899 2867 frustra
918 2837 1108 2880 peteretur
1135 2843 1158 2867 a
1177 2831 1261 2867 Deo
1289 2830 1328 2867 in
1347 2842 1413 2879 pe-

349 2881 544 2919 titionibus
569 2883 749 2920 orationis
777 2883 1015 2930 Dominicae,
1036 2891 1077 2920 ut
1095 2883 1329 2931 Augustinus
1349 2895 1409 2920 ex-

349 2935 471 2983 ponit,
488 2935 526 2972 in
544 2935 639 2973 libro
659 2937 706 2973 de
722 2938 831 2973 Bono
850 2937 1041 2974 Persever.
1061 2936 1081 2958 *
1104 2937 1206 2983 Ergo
1234 2948 1412 2984 perseve-

350 2987 469 3025 rantia
488 2995 613 3036 potest
632 2989 768 3026 cadere
797 2990 867 3026 sub
887 2989 1022 3026 merito
1046 2989 1221 3026 habentis
1239 2989 1408 3036 gratiam.

405 3052 441 3078 2.
467 3041 707 3088 Pmnrnm,
741 3041 860 3089 magis
899 3049 954 3078 est
990 3054 1069 3078 non
1102 3053 1216 3090 posse
1249 3054 1410 3090 peccare

351 3105 468 3141 quam
496 3106 575 3131 11011
601 3106 772 3144 peccare.
795 3094 873 3131 Sed
896 3107 975 3131 non
1001 3106 1115 3142 posse
1133 3106 1292 3142 peccare
1313 3094 1411 3132 cadit

350 3146 420 3183 sub
439 3146 593 3184 merito:
610 3154 776 3184 meretur
795 3147 900 3184 enim
914 3147 1045 3195 aliquis
1064 3146 1182 3183 vitam
1201 3154 1408 3195 aeternam,

350 3198 397 3236 de
427 3199 534 3236 cuius
563 3199 707 3237 ratione
738 3207 793 3236 est
819 3199 1126 3249 impeccabilitas.
1156 3200 1256 3248 Ergo
1286 3201 1408 3237 multo

349 3252 469 3300 magis
496 3259 621 3301 potest
648 3252 782 3302 aliquis
806 3253 944 3290 mereri
962 3260 1005 3290 ut
1030 3265 1110 3290 non
1134 3260 1284 3300 peccet:
1305 3254 1408 3302 quod

348 3313 405 3342 est
430 3318 689 3354 perseverare.
1352 3343 1355 3346 .

403 3359 437 3395 3.
471 3359 711 3406 PRAETEREA,
743 3359 866 3396 maius
896 3366 951 3396 est
987 3365 1234 3406 augmentum
1267 3358 1407 3406 gratiae

385 2579 394 2598 ³

400 3462 428 3495 α)
441 3463 503 3496 fiat.
523 3477 540 3481 —
552 3463 611 3496 fuit
629 3464 847 3494 ABCDEFGILa,
860 3465 950 3498 suerit
969 3466 1002 3490 H.

488 3517 597 3541 Smfflu:
616 3517 716 3542 Timor..
736 3518 767 3542 D.
786 3517 900 3542 Taormr.
919 3517 950 3542 T.
970 3518 1012 3542 IV.

1468 2577 1582 2612 quam
1620 2567 1903 2613 perseverantia
1930 2567 1968 2604 in
1996 2567 2113 2615 gratia
2141 2581 2258 2616 quam
2288 2570 2370 2618 quis
2398 2570 2524 2608 habet.

1469 2617 1545 2655 Sed
1573 2618 1691 2655 homo
1720 2626 1845 2667 potest
1873 2621 2010 2657 mereri
2039 2629 2284 2668 augmentum
2315 2623 2466 2670 gratiae,
2487 2632 2528 2661 ut

1467 2683 1583 2719 supra
1600 2670 1620 2692 '¹‘
1640 2670 1782 2708 dictum
1803 2679 1868 2709 est.
1890 2674 1992 2721 Ergo
2019 2674 2138 2711 multo
2159 2675 2278 2722 magis
2301 2683 2427 2725 potest
2446 2689 2528 2713 me-

1468 2724 1540 2760 reri
1567 2725 1890 2772 perseverantiam
1919 2725 1959 2763 in
1987 2727 2104 2774 gratia
2136 2740 2252 2775 quam
2287 2729 2371 2776 quis
2399 2730 2525 2767 habet.

1521 2777 1596 2814 SED
1624 2788 1770 2814 CONTRA
1796 2790 1862 2815 EST
1882 2779 1988 2826 quod
2016 2792 2130 2817 omne
2160 2781 2264 2828 quod
2292 2781 2375 2830 quis
2405 2794 2526 2819 mere-

1466 2837 1536 2876 tur,
1557 2842 1580 2866 a
1607 2831 1692 2866 Deo
1722 2831 1976 2879 consequitur,
1997 2832 2066 2869 nisi
2089 2833 2317 2881 impediatur
2342 2847 2412 2883 per
2438 2847 2525 2883 pec-

1468 2890 1604 2920 catum.
1635 2883 1717 2920 Sed
1750 2884 1859 2921 multi
1894 2885 2042 2922 habent.
2073 2898 2189 2934 opera
2226 2887 2434 2935 meritoria,
2461 2888 2525 2936 qui

1466 2948 1544 2972 non
1560 2944 1844 2984 consequuntur
1855 2939 2191 2986 perseverantiam.
2208 2939 2291 2976 Nec
2310 2948 2434 2989 potest
2454 2941 2524 2978 dici

1466 2989 1571 3037 quod
1597 2990 1672 3026 hoc
1700 2989 1766 3026 fiat
1787 2994 1804 3010 α
1830 2998 1986 3039 propter
2013 2991 2328 3040 impedimentum
2356 2994 2523 3042 peccati:

1467 3042 1554 3091 quia
1573 3041 1647 3078 hoc
1674 3041 1800 3090 ipsum
1819 3043 1925 3090 quod
1945 3051 2001 3080 est
2018 3056 2190 3092 peccare,
2216 3046 2421 3094 opponitur
2438 3059 2525 3096 per-

1466 3094 1718 3140 severantiae3
1751 3094 1801 3131 ita
1829 3097 1946 3144 quod⁷
1975 3096 2006 3132 si
2034 3097 2168 3146 aliquis
2200 3100 2523 3146 perseverantiam

1465 3154 1685 3194 mereretur,
1706 3148 1811 3184 Deus
1838 3161 1916 3185 non
1943 3149 2176 3197 permitteret
2194 3151 2359 3200 aliquem
2387 3153 2523 3190 cadere

1464 3199 1502 3236 in
1531 3208 1742 3248 peccatum.
1765 3201 1856 3238 Non
1884 3201 1993 3249 igitur
2019 3204 2301 3251 perseverantia
2326 3205 2424 3242 cadit
2452 3206 2522 3243 sub

1464 3260 1610 3290 merito.

1518 3306 1742 3343 RESPONDEO
1767 3318 1950 3343 DICENDUM
1979 3308 2096 3355 quod,
2119 3321 2207 3346 curn
2228 3309 2345 3347 homo
2374 3319 2523 3348 natura-

1463 3358 1545 3395 liter
1565 3359 1703 3395 habeat
1722 3359 1882 3396 liberum
1903 3360 2098 3398 arbitrium
2118 3361 2282 3399 flexibile
2308 3364 2356 3401 ad
2376 3364 2521 3401 bonurn

2345 3522 2379 3554 45

2559 404 2567 412 ‘
2582 403 2613 425 D.
2628 403 2674 426 881.

2556 2689 2564 2698 ·
2578 2688 2630 2710 Art.
2645 2688 2751 2715 praeced.
