2840 4010
105 1965 114 1974 ·
130 1970 172 1989 Qu.
186 1969 223 1985 xc.

107 2807 116 2815 '¹
121 2805 182 2827 Vide
188 2805 317 2833 Metaphys.

108 2832 147 2853 lib.
158 2831 225 2860 vlu,
237 2838 287 2860 cap.
296 2838 318 2853 v.

349 148 419 196 176

399 229 457 264 An
476 239 636 264 TERTmM
655 238 838 264 mCENDUM
863 226 965 274 quod
985 223 1167 272 principia
1187 222 1408 260 communia

346 280 435 328 legis
463 287 619 316 naturae
649 292 726 316 non
750 285 910 327 possunt
929 277 1068 314 eodem
1088 275 1207 312 modo
1228 275 1408 323 applicari

347 332 537 379 omnibus,
558 339 715 380 propter
743 331 901 368 multam
929 329 1153 366 varietatem
1183 339 1310 364 rerum
1338 328 1407 365 hu-

347 397 560 423 manarum.
590 385 639 420 Et
673 383 807 420 exinde
831 381 843 407 ζ
871 381 1047 431 provenit
1084 380 1280 418 diversitas
1317 381 1408 429 legis

345 438 531 486 positivae
561 437 662 484 apud
692 435 875 471 diversos.

398 492 458 527 An
486 500 657 531 QUARTUM
677 499 860 524 DICENDUM
882 486 986 535 quod
1006 486 1168 523 verbum
1188 485 1279 523 illud
1299 487 1409 523 Iuris-

344 542 452 591 periti
481 540 764 587 intelligendum
794 547 848 576 est
868 539 906 576 in
923 539 982 576 his
1006 551 1106 587 quae
1130 546 1216 576 sunt
1239 539 1408 577 introdu-

347 602 405 631 cta
423 606 446 630 a
465 593 672 630 maioribus
693 593 790 629 circa
810 592 1054 641 particulares
1076 591 1408 630 determinationes

346 646 435 694 legis
463 645 658 691 naturalis;
688 645 738 682 ad
766 657 866 694 quas
888 645 1043 694 quidem
1073 644 1408 682 determinationes

397 784 422 816 ζ)
431 785 549 844 ἱκίηὲἰε.
566 798 585 803 -
603 791 640 809 ex
658 784 707 810 hoc
726 785 772 809 Pa.
790 797 810 804 -
828 784 879 809 Pro
894 785 1034 817 positivae,
1049 785 1156 817 positae
1178 783 1407 812 BCDEGfflKLa,

339 827 429 852 ponen
450 827 482 844 ae
522 838 529 844 .

1033 146 1298 193 QUAEsrlo
1327 145 1448 192 XCV,
1476 146 1772 184 ART1cuLus
1801 147 1833 183 11

1462 235 1502 259 se
1521 223 1635 259 habet
1656 231 1899 271 expertorum
1919 232 1956 261 et
1973 226 2204 273 prudentum
2228 227 2409 265 iudicium
2428 227 2524 264 sicut

1463 275 1511 312 ad
1540 276 1730 324 quaedam
1759 276 1958 325 principia;
1987 278 2213 326 inquantum
2237 280 2376 318 scilicet
2399 281 2522 318 statim

1461 328 1591 365 vident
1620 328 1712 377 quid
1736 329 2004 376 congruentius
2032 330 2078 367 sit
2104 332 2374 379 particulariter
2401 334 2522 371 deter-

1463 381 1597 418 minari
1617 387 1646 418 ⁷¹.
1677 381 1789 419 Unde
1817 381 2072 430 Philosophus
2100 383 2200 431 dicit,
2219 383 2259 421 in
2279 385 2332 422 VI
2354 387 2474 423 Ethic.
2489 386 2521 434 ²⁸,

2645 381 2662 406 η

1463 434 1567 482 quod
1595 434 1633 470 in
1661 434 1798 471 talibus
1830 440 1976 482 oportet
2004 436 2194 472 attendere
2220 443 2462 484 expertorum
2489 445 2525 476 et
2549 407 2761 456 sffifsscffii‘-

1461 487 1651 523 seniorum
1671 487 1731 524 vel
1746 488 1975 535 prudentum
1996 488 2384 527 indemonstrabilibus
2406 503 2521 529 enun-

1462 540 1674 577 tiatiomhus
1688 545 1724 577 et
1736 541 1984 589 opinionibus,
2002 553 2076 578 non
2096 541 2220 578 minus
2238 553 2353 590 quam
2371 543 2522 582 demon-

1460 593 1711 630 strationibus.
1982 596 1985 597 ⁷
2439 598 2441 600 ’
2495 599 2498 602 ’

1515 784 1541 816 η)
1561 783 1746 809 determinari.
1762 798 1782 803 —
1799 784 2031 811 determinandum
2050 787 2096 812 Pa.

1019 901 1351 933 Commentaria
1373 899 1624 932 Cardinalis
1647 899 1847 932 Caietam

375 999 395 1019 N
408 988 539 1019 articulo
551 989 691 1019 secundo
704 988 897 1029 quaestionis
910 987 1272 1029 nonagesimaequintae,
1286 986 1406 1017 omisso

348 1001 491 1073 Iprimo,
509 1033 643 1063 dubium
667 1033 803 1063 occurrit
826 1033 863 1063 de
880 1033 1020 1063 secundo
1045 1032 1143 1062 modo
1169 1031 1369 1062 derivationis
1387 1042 1404 1061 a

343 1077 412 1117 lege
435 1077 580 1114 naturali,
598 1076 714 1108 scilicet
737 1087 793 1117 per
816 1077 951 1106 modum
975 1076 1253 1111 determinationis,
1269 1075 1404 1116 inquan-

345 1128 415 1152 tum
439 1121 552 1152 dicitur
571 1121 659 1161 quod
683 1128 729 1151 est
753 1120 862 1150 similis
887 1119 1142 1150 determinationi
1166 1118 1287 1149 formae
1310 1118 1405 1150 artifi-

346 1165 431 1196 cialis
451 1165 630 1195 communis
650 1165 688 1194 ad
713 1164 891 1205 specialem,
908 1164 988 1194 sicut
1011 1164 1119 1194 artifex
1136 1163 1272 1194 formam
1289 1163 1405 1193 domus

344 1210 384 1240 ad
407 1209 487 1239 hanc
509 1210 559 1239 vel
582 1209 670 1239 illam
699 1207 832 1248 figuram
861 1208 1055 1238 determinat.
1082 1207 1166 1245 Quia
1195 1214 1249 1238 aut
1271 1206 1406 1238 intendit

344 1254 382 1284 de
406 1253 665 1283 determinatione
683 1252 866 1282 universalis
890 1253 928 1282 ad
949 1252 1054 1282 minus
1078 1252 1253 1282 universale
1272 1251 1322 1281 vel
1342 1251 1404 1281 sin-

344 1298 460 1337 gulare.
477 1297 518 1327 Et
533 1297 594 1327 hoc
611 1307 686 1327 non.
704 1297 791 1327 Tum
808 1297 882 1336 quia
902 1296 1015 1327 frustra
1035 1296 1074 1326 de
1090 1295 1302 1327 artificialibus
1326 1302 1406 1326 esset

343 1351 447 1372 sermo
471 1341 572 1380 magis
592 1351 691 1382 quam
711 1341 749 1371 de
773 1341 850 1371 aliis.
868 1341 956 1371 Turn
975 1340 1049 1381 quia
1064 1348 1130 1371 tam
1154 1340 1260 1370 minus
1280 1339 1405 1370 univer-

343 1385 407 1416 sale
431 1395 529 1425 quam
553 1385 726 1424 singulare,
751 1394 788 1415 ex
811 1384 978 1415 universali
1002 1384 1160 1415 derivatur
1182 1391 1217 1415 ut
1241 1383 1404 1414 conclusio

344 1439 381 1460 ex
403 1429 574 1470 principio:
597 1439 634 1460 ex
655 1429 718 1460 hoc
741 1439 879 1470 namque
904 1429 993 1470 quod
1016 1439 1113 1459 omne
1136 1429 1259 1459 malum
1287 1435 1334 1459 est
1356 1428 1405 1459 fu-

343 1473 505 1514 giendum,
518 1473 685 1504 deducitur
700 1473 890 1514 syllogistice
908 1473 1071 1504 conclusio
1089 1473 1177 1514 quod
1193 1473 1254 1504 tale
1271 1472 1403 1509 malum,

343 1525 374 1548 et
388 1517 450 1548 hoc
465 1517 596 1550 malum.
615 1524 661 1548 est
683 1517 882 1558 fugiendum.
897 1517 938 1548 Et
952 1517 996 1547 sic
1012 1517 1169 1548 secundus
1185 1517 1302 1547 modus
1317 1516 1404 1547 coin-

343 1562 459 1592 cideret
475 1572 549 1592 cum
565 1561 680 1602 primo.
697 1580 718 1586 -
738 1564 804 1592 Aut
818 1561 951 1592 intendit
967 1561 1263 1592 determinationem
1283 1560 1404 1592 formae

343 1606 383 1636 ad
411 1606 590 1643 materiam,
616 1606 666 1636 vel
690 1617 706 1637 e
729 1616 892 1637 converso.
917 1606 958 1636 Et
979 1605 1041 1636 hoc
1065 1616 1141 1636 non.
1168 1605 1253 1642 Quia
1276 1605 1404 1646 utrique

344 1650 530 1681 contradicit
548 1650 716 1681 declaratio
733 1658 804 1680 sua:
819 1651 902 1681 sicut
917 1649 1040 1690 artifex
1053 1650 1244 1680 determinat
1253 1649 1402 1690 formam

344 1704 539 1725 communem
570 1694 684 1731 domus
717 1694 761 1725 ad
789 1695 873 1725 hanc
901 1694 951 1725 vel
987 1694 1075 1724 illam
1097 1694 1248 1735 figuram
1279 1694 1402 1725 domus.

343 1738 460 1768 Forma
482 1748 622 1779 namque
645 1738 772 1775 domus,
789 1745 820 1768 et
842 1738 911 1769 talis
934 1737 1035 1778 figura
1058 1738 1184 1775 domm,
1204 1748 1271 1768 non
1295 1748 1328 1768 se
1349 1738 1404 1768 ha-

342 1783 418 1813 bent
433 1789 469 1813 ut
487 1783 616 1813 materia
631 1789 662 1813 et
678 1782 791 1819 forma,
808 1783 863 1813 sed
879 1789 915 1813 ut
930 1782 1030 1822 magis
1049 1789 1080 1812 et
1096 1782 1201 1812 minus
1221 1792 1403 1819 commune,

342 1832 378 1857 ut
401 1833 496 1867 patet.

397 1871 434 1902 ΙΙ,
465 1871 515 1901 Ad
538 1871 601 1901 hoc
629 1870 743 1901 dicitur
771 1871 859 1911 quod
889 1870 922 1900 in
951 1870 1019 1910 lege
1048 1869 1237 1901 considerari
1270 1877 1406 1911 possunt

342 1914 413 1945 tria:
434 1915 549 1955 primo,
570 1915 638 1955 ipsa
654 1914 783 1945 materia
806 1915 892 1954 legis,
909 1921 986 1954 puta
1001 1915 1077 1955 quia
1101 1921 1147 1945 est
1165 1915 1204 1945 de
1226 1914 1418 1954 punitione,

342 1959 393 1989 vel
417 1959 455 1990 de
470 1959 523 1990 tali
539 1968 659 1999 poena;
685 1959 836 1995 secundo,
853 1958 921 1999 ipsa
939 1958 986 1988 vis
1009 1959 1095 1999 legis,
1113 1959 1151 1989 de
1168 1969 1231 2000 qua
1249 1958 1313 1989 iam
1327 1959 1344 1978 *
1357 1959 1404 1990 di-

344 2009 431 2034 ctum
461 2010 508 2034 est
535 2003 569 2033 in
600 2013 665 2043 quo
697 2003 853 2039 consistit;
883 2003 992 2039 tertio,
1025 2010 1112 2034 actus
1140 2009 1326 2043 praeceptus
1354 2004 1405 2034 vel

342 2047 521 2087 prohibitus
542 2057 560 2077 a
583 2047 660 2087 lege.
678 2047 710 2078 Si
727 2047 963 2078 consideremus
984 2046 1138 2087 originem
1161 2047 1238 2087 legis
1254 2057 1332 2088 pure
1347 2058 1404 2088 po-

344 2091 452 2122 sitivae
475 2102 493 2122 a
516 2091 651 2122 naturali
674 2091 782 2131 quoad
806 2091 984 2128 materiam,
1006 2090 1202 2122 verificatum
1224 2091 1404 2123 invenimus

343 2136 431 2176 quod
455 2135 555 2166 oritur
577 2146 595 2166 a
618 2135 751 2166 naturali
775 2146 831 2175 per
853 2136 988 2166 modum
1012 2135 1292 2172 determinationis,
1314 2142 1350 2167 ut
1371 2136 1403 2167 in

342 2180 444 2211 littera
468 2180 592 2217 dicitur;
614 2187 650 2210 ut
671 2186 757 2219 patet
780 2179 869 2210 facile
888 2179 1057 2211 inductive.
1075 2180 1122 2210 Ex
1145 2180 1207 2211 hoc
1230 2180 1315 2210 enim
1337 2180 1406 2211 iure

343 2231 472 2255 naturae
494 2225 584 2265 quod
607 2224 682 2254 mali
705 2230 779 2255 sunt
801 2224 965 2264 puniendi,
983 2224 1149 2261 derivatur,
1166 2224 1405 2256 determinando

343 2268 544 2308 punitionem
564 2268 603 2299 ad
622 2268 717 2299 talem
733 2268 944 2308 punitionem,
965 2275 996 2299 et
1014 2268 1115 2299 malos
1132 2268 1172 2298 ad
1195 2269 1272 2299 tales
1293 2269 1404 2305 malos,

344 2313 434 2354 quod
448 2312 533 2343 fures
552 2320 626 2343 sunt
646 2312 869 2353 suspendendi.
886 2312 1034 2343 Similiter
1054 2323 1089 2343 ex
1109 2312 1170 2343 hoc
1189 2312 1257 2343 iure
1277 2320 1407 2344 naturae

343 2357 432 2397 quod
455 2357 678 2387 abstinendum
701 2363 748 2387 est
769 2363 899 2397 propter
914 2356 1227 2397 contemplationem,
1243 2363 1312 2395 etc„
1329 2357 1407 2388 deri-

343 2407 443 2437 vatur,
462 2401 700 2431 determinando
716 2401 938 2432 abstinentiam
957 2401 997 2431 ad
1017 2401 1228 2441 privationem
1251 2411 1322 2432 esus
1342 2411 1407 2433 car-

345 2444 445 2481 nium,
463 2452 531 2481 etc„
549 2446 637 2485 quod
660 2445 868 2476 ieiunandum
892 2452 948 2476 est.
974 2445 1015 2476 Et
1042 2445 1183 2476 similiter
1207 2455 1245 2476 ex
1267 2446 1328 2476 hoc
1351 2455 1406 2476 na-

344 2495 432 2520 turae
455 2489 523 2519 iure
545 2489 634 2530 quod
649 2489 708 2520 Dei
733 2489 830 2520 cultui
853 2496 980 2529 tempus
1001 2489 1132 2530 aliquod
1154 2489 1407 2530 impendendum

346 2539 401 2569 est,
420 2533 585 2570 derivatur,
603 2533 863 2564 determinatione
882 2534 1034 2575 temporis
1058 2540 1088 2564 et
1111 2534 1224 2570 cultus,
1242 2535 1331 2575 quod
1354 2534 1404 2565 die

345 2577 515 2608 Dominica
539 2577 685 2608 audiatur
708 2578 813 2608 missa.
831 2578 871 2608 Et
894 2577 936 2608 sic
961 2578 998 2608 de
1022 2578 1099 2609 aliis.

401 2622 452 2652 111.
468 2622 509 2652 Et
529 2621 554 2651 si
573 2621 647 2652 huic
670 2622 844 2661 coniungas
867 2622 955 2662 quod
979 2621 1164 2652 huiusmodi
1189 2621 1406 2653 determinatio

346 2675 412 2695 non
436 2666 552 2696 condat
573 2666 639 2696 vim
666 2666 760 2705 legis,
785 2665 845 2696 nisi
872 2665 927 2696 fiat
953 2666 992 2696 ad
1021 2675 1194 2696 commune
1221 2666 1345 2696 bonum
1367 2667 1406 2696 ab

345 2709 480 2740 habente
503 2720 612 2740 curam
635 2709 848 2741 multitudinis
871 2710 1076 2741 ratiocinante
1100 2717 1130 2740 et
1154 2710 1287 2749 eligente
1306 2710 1407 2751 magis

345 2753 406 2784 hoc
430 2764 528 2794 quam
555 2753 635 2785 illud
665 2754 723 2784 sub
752 2754 808 2784 illo
838 2754 1019 2791 communi;
1043 2754 1163 2785 videbis
1187 2761 1218 2785 et
1239 2755 1328 2795 quod
1351 2764 1408 2795 per

346 2798 481 2828 modum
497 2798 580 2834 artis,
597 2798 715 2829 scilicet
730 2808 785 2839 per
800 2797 956 2828 rationem
972 2805 1003 2828 et
1018 2798 1210 2838 proaeresim
1218 2798 1244 2834 *,
1262 2798 1338 2829 haec
1352 2799 1407 2829 de-

345 2842 524 2872 terminatio
547 2841 600 2879 fit;
625 2849 656 2873 et
678 2842 766 2883 quod
789 2842 848 2872 hac
865 2842 1126 2873 determinatione
1142 2853 1207 2873 non
1222 2842 1328 2873 solum
1344 2853 1408 2872 ma-

346 2886 422 2916 teria
448 2886 526 2926 legis
549 2896 628 2927 pure
652 2886 805 2927 positivae
828 2887 892 2926 [ut]
919 2886 1076 2917 derivatur
1092 2897 1109 2917 a
1130 2887 1197 2917 iure
1220 2893 1349 2917 naturae
1372 2893 1408 2917 ut

345 2930 478 2969 speciale
502 2941 519 2961 a
543 2931 727 2967 communi,
752 2931 806 2961 sed
831 2930 926 2961 etiarn
949 2930 1017 2970 ipsa
1035 2930 1081 2961 vis
1100 2931 1177 2970 legis
1193 2930 1356 2970 positivae,
1374 2937 1410 2962 ut

346 2974 561 3005 dearticulatio
594 2975 752 3015 quaedam
775 2975 851 3006 iuris
882 2981 1029 3011 naturae,
1054 2974 1262 3014 proficiscitur
1294 2975 1407 3005 eodem

346 3018 461 3048 modo:
486 3025 522 3049 ut
545 3019 658 3050 merito
678 3019 711 3049 in
731 3019 832 3051 littera
847 3029 913 3049 non
929 3019 1050 3049 dicatur
1065 3019 1153 3060 quod
1169 3019 1218 3049 ius
1235 3018 1408 3059 positivum

346 3063 451 3103 quoad
466 3065 646 3101 materiam,
673 3069 727 3094 aut
741 3063 848 3104 quoad
870 3064 944 3101 vim,
966 3063 1123 3094 derivatur
1146 3073 1163 3093 a
1187 3063 1330 3100 naturali,
1353 3063 1408 3093 sed

346 3106 503 3144 absolute,
525 3113 561 3137 ut
584 3108 846 3148 complecteretur
869 3113 1052 3148 utrumque.
1078 3106 1125 3137 Ex
1145 3106 1204 3137 illis
1221 3106 1305 3137 enim
1322 3117 1408 3137 com-

347 3151 496 3180 munibus
517 3152 778 3192 conceptionibus
797 3151 985 3182 habentibus
1000 3150 1066 3181 vim
1082 3151 1159 3191 legis
1175 3161 1193 3181 a
1217 3157 1337 3187 natura,
1354 3151 1408 3181 de-

348 3194 545 3225 terminando
569 3206 625 3235 per
648 3195 836 3227 electionem
859 3195 1079 3227 auctoritatem
1101 3195 1255 3232 habentis,
1278 3195 1411 3226 veniunt

1459 987 1695 1027 propositiones
1719 988 1825 1018 minus
1849 998 2036 1019 communes
2060 990 2209 1022 habentes
2224 992 2290 1022 vim
2305 992 2382 1032 legis
2399 993 2436 1023 ab
2453 993 2522 1033 ipsa

1459 1031 1721 1062 determinatione
1744 1031 1817 1062 artis
1836 1033 2068 1072 gubernativae,
2085 1044 2166 1074 quae
2183 1045 2201 1066 a
2216 1036 2349 1066 naturali
2364 1036 2432 1076 lege
2447 1047 2521 1077 pro-

1458 1074 1615 1106 ficiscitur.

1515 1119 1567 1150 IV.
1597 1119 1629 1151 Si
1657 1127 1763 1150 autem
1793 1127 1880 1151 actus
1907 1127 2092 1161 praeceptos
2123 1122 2173 1152 vel
2195 1123 2372 1162 prohibitos
2400 1135 2418 1155 a
2442 1135 2520 1165 pure

1458 1163 1594 1203 positiva
1615 1164 1683 1204 lege
1707 1163 1840 1194 intuitus
1869 1163 1977 1200 fueris,
2002 1165 2121 1195 videbis
2149 1167 2247 1207 quod,
2272 1167 2350 1198 dum
2374 1169 2521 1200 conditur

1457 1207 1507 1237 lex
1534 1208 1686 1247 positiva,
1711 1208 1937 1239 determinatur
1965 1208 2015 1239 ius
2045 1210 2187 1240 naturale
2216 1211 2255 1240 ad
2278 1211 2453 1251 positivum
2484 1220 2520 1244 ut

1458 1251 1561 1282 forma
1584 1253 1622 1282 ad
1647 1252 1819 1283 materiam.
1844 1253 1892 1282 Ex
1915 1252 1977 1283 hoc
2000 1253 2086 1283 enim
2110 1254 2199 1294 quod
2220 1255 2406 1286 abstinentia
2421 1267 2439 1286 a
2455 1267 2519 1287 car-

1458 1295 1551 1326 nibus
1575 1303 1605 1326 et
1627 1296 1790 1326 lacticiniis
1814 1303 1890 1332 etc.,
1914 1295 1982 1327 iure
2004 1297 2136 1336 ponitur
2158 1307 2224 1328 esse
2247 1298 2417 1336 ieiunium,
2442 1310 2518 1341 sup-

1458 1339 1588 1379 ponitur
1609 1340 1716 1371 virtuti
1740 1340 1966 1380 temperantiae
1990 1341 2060 1371 talis
2083 1348 2187 1378 actus,
2213 1349 2244 1373 et
2265 1342 2343 1373 vitio
2365 1343 2519 1384 intempe-

1457 1384 1575 1415 rantiae
1599 1384 1772 1415 contrarius
1796 1391 1900 1415 actus:
1924 1391 1955 1415 et
1969 1384 2012 1415 sic
2028 1385 2254 1417 determinatur
2276 1386 2380 1418 forma
2396 1387 2520 1421 virtutis

1457 1428 1681 1468 temperantiae
1705 1429 1743 1458 ad
1767 1429 1862 1459 talem
1885 1429 2058 1462 materiam.
2084 1430 2124 1461 Et
2142 1430 2170 1460 si
2184 1430 2259 1462 huic
2272 1431 2410 1462 iunxeris
2452 1432 2520 1463 uod

1457 1471 1590 1507 formale
1618 1473 1651 1502 in
1675 1472 1787 1503 virtute
1816 1479 1863 1503 est
1889 1473 1928 1503 de
1955 1473 2023 1504 iure
2050 1481 2193 1512 naturae,
2218 1481 2254 1506 ut
2275 1475 2309 1506 in
2332 1478 2519 1516 quaestione

1456 1516 1661 1556 praecedente
1672 1516 1690 1536 *
1706 1517 1849 1547 habitum
1864 1523 1910 1547 est
1916 1525 1924 1553 ;
1945 1517 2064 1549 clarum
2081 1518 2138 1549 erit
2154 1518 2243 1559 quod
2257 1519 2344 1551 iuxta
2356 1519 2451 1551 istam
2460 1512 2519 1552 'db-
2543 1526 2556 1539 ⁴

1456 1560 1710 1591 terminationem
1739 1561 1788 1591 ius
1815 1561 1989 1601 positivum
2016 1562 2204 1594 determinat
2225 1563 2368 1594 naturale
2397 1570 2434 1595 ut
2456 1563 2519 1595 for-

1456 1614 1543 1635 mam
1567 1606 1607 1635 ad
1631 1605 1802 1636 materiam.
2165 1603 2169 1607 ”

1513 1649 1551 1680 V.
1576 1650 1616 1680 Et
1630 1649 1708 1679 scito
1728 1650 1816 1690 quod
1833 1649 1910 1679 haec
1933 1649 1990 1680 tria
2013 1659 2095 1690 quae
2119 1651 2265 1687 diximus,
2280 1651 2353 1683 licet
2371 1651 2416 1683 sic
2434 1652 2519 1683 ordi-

1456 1699 1530 1724 nata
1545 1693 1709 1724 videantur
1728 1694 1816 1734 quod
1833 1692 1920 1733 prius
1936 1701 2048 1724 natura
2067 1701 2114 1725 est
2129 1695 2347 1727 determinatio
2370 1695 2520 1728 materiae

1457 1737 1599 1777 specialis
1623 1738 1681 1768 sub
1703 1737 1877 1774 communi,
1895 1738 2007 1768 deinde
2030 1738 2200 1779 applicatio
2221 1738 2342 1770 formae
2367 1739 2522 1783 [virtutisl

1457 1781 1506 1811 vel
1517 1781 1584 1811 vitii
1601 1782 1639 1811 ad
1656 1782 1830 1818 materiam,
1843 1781 1933 1812 tertio
1951 1789 1997 1813 est
2011 1782 2057 1812 vis
2074 1783 2167 1823 legis:
2188 1793 2263 1814 nam
2277 1783 2427 1824 priusest
2442 1793 2519 1818 cone

1457 1826 1584 1856 stituere
1608 1826 1667 1856 hos
1690 1833 1778 1856 actus
1802 1836 1868 1856 esse
1891 1826 2050 1857 virtuosos
2073 1827 2124 1857 vel
2146 1827 2288 1864 vitiosos,
2309 1837 2407 1869 quam
2430 1836 2517 1868 prae-

1457 1869 1560 1910 cipere
1583 1869 1633 1900 vel
1656 1870 1822 1910 prohibere
1837 1869 1925 1900 illos:
1942 1887 1963 1894 —
1976 1870 2001 1901 si
2021 1870 2185 1911 diligenter
2202 1871 2520 1903 tamewconsiderata

1457 1913 1551 1944 fuerit
1575 1914 1745 1951 differentia
1773 1914 1852 1945 inter
1878 1914 2075 1946 intellectum
2098 1916 2273 1955 practicum
2294 1922 2327 1947 et
2349 1915 2518 1957 speculati—

1456 1968 1544 1994 vum,
1561 1965 1591 1988 et
1612 1958 1693 1988 inter
1715 1949 1849 1989 mala'ex
1871 1969 1904 1989 se
1920 1965 1951 1989 et
1971 1959 2047 2000 quia
2063 1959 2236 1999 prohibita;
2254 1960 2416 2001 apparebit
2429 1961 2521 2001 quod
2555 1982 2557 1985 -

1457 2002 1598 2042 secundo
1627 2002 1700 2033 loco
1729 2010 1775 2033 est
1801 2002 1848 2032 vis
1875 2003 1971 2043 legis,
1997 2013 2078 2044 quae
2107 2003 2330 2044 praecipiendo
2353 2004 2523 2041 constituit,

1457 2047 1551 2083 bona,
1569 2053 1599 2077 et
1622 2046 1820 2087 prohibendo
1838 2046 1936 2083 mala;
1961 2054 1991 2078 et
2014 2047 2057 2078 sic
2075 2048 2168 2078 tertio
2193 2047 2265 2080 loco
2288 2047 2325 2079 fit
2347 2045 2522 2089 applicatio,

1456 2090 1579 2121 virtutis
1608 2091 1647 2120 ad
1676 2090 1849 2122 materiam.
1873 2091 1915 2121 Et
1939 2091 2094 2132 quoniam
2116 2102 2289 2127 commune
2316 2090 2449 2123 formale
2467 2091 2522 2123 're-¹

1457 2141 1566 2174 spectu
1582 2134 1724 2175 specialis
1742 2142 1804 2171 est;
1829 2142 1859 2166 et
1873 2135 1905 2165 in
1919 2135 1987 2175 ipsa
2006 2135 2266 2167 determinatione
2285 2133 2524 2178 communiam!

1458 2179 1592 2219 speciale
1625 2179 1843 2218 gubernatoris
1876 2186 1940 2210 arte
1968 2180 2185 2212 auctoritative
2217 2180 2316 2218 facta,
2349 2180 2520 2221 applicatio

1458 2223 1579 2253 formae
1595 2223 1718 2253 virtutis
1734 2224 1774 2254 ad
1788 2223 1951 2254 materiam
1968 2224 2111 2256 consistit
2117 2233 2126 2261 3
2144 2234 2342 2266 consequens
2358 2231 2405 2257 est
2419 2225 2519 2266 quod,

1459 2267 1537 2298 dum
1564 2269 1685 2298 Auctor
1714 2267 1764 2298 ius
1793 2267 1967 2308 positivum
1990 2278 2008 2299 a
2032 2268 2166 2300 naturali
2195 2268 2343 2310 originali
2366 2269 2442 2300 dicit
2463 2279 2521 2310 per

1459 2312 1595 2342 modum
1619 2311 1887 2342 determinationis
1917 2322 1984 2353 quo
2013 2323 2062 2343 ars
2085 2312 2222 2343 formam
2251 2323 2458 2344 communem
2481 2312 2522 2347 ad

1459 2355 1627 2396 specialem
1643 2356 1837 2392 determinat,
1855 2356 1933 2386 nihil
1953 2356 2111 2387 dictorum
2125 2357 2348 2398 praetermisit;
2369 2358 2424 2389 sed
2439 2357 2521 2388 dieta

1459 2399 1568 2430 omnia
1583 2400 1641 2430 sub
1664 2399 1720 2430 illo
1737 2400 2007 2432 determinationis
2023 2401 2122 2431 modo
2141 2401 2305 2438 conclusit,
2321 2411 2388 2442 quo
2400 2409 2435 2432 et
2449 2410 2520 2442 spe-

1459 2443 1535 2475 ciale
1558 2443 1684 2474 formali
1702 2444 1845 2484 quodam
1868 2444 1955 2475 fluxu
1970 2455 1988 2475 a
2009 2445 2234 2481 communiori,
2251 2452 2283 2476 et
2295 2443 2312 2461 *
2327 2446 2522 2477 materiales

1459 2488 1585 2518 formali
1609 2488 1773 2520 derivatur.

1515 2532 1568 2563 Vl.
1586 2533 1637 2562 Ad
1660 2532 1782 2563 obiecta
1802 2532 2063 2564 autem*dicitur
2086 2533 2175 2573 quod
2189 2532 2276 2569 aliud
2299 2539 2346 2564 est
2366 2533 2459 2575 loqui
2481 2534 2520 2564 de

1460 2576 1634 2612 communi,
1653 2583 1683 2607 et
1705 2577 1790 2607 aliud
1814 2577 1852 2607 de
1876 2577 1990 2607 eodem
2006 2576 2222 2608 universaliter
2237 2576 2420 2608 distributo:
2445 2588 2522 2608 nam

1459 2621 1492 2650 in
1516 2621 1620 2660 primo
1644 2620 1807 2660 sophisma
1823 2620 2066 2661 Consequentis,
2087 2621 2127 2652 ad
2142 2621 2248 2651 minus
2272 2631 2445 2652 commune
2469 2621 2521 2653 de—

1460 2665 1623 2695 terminate
1646 2665 1876 2701 descendendo,
1893 2664 2123 2702 committitur;
2147 2665 2180 2695 in
2195 2666 2346 2703 secundo,
2363 2676 2439 2698 non.
2456 2666 2522 2697 Lex

1460 2716 1567 2739 autem
1583 2716 1721 2745 naturae,
1739 2709 1835 2739 relata
1850 2710 1887 2739 ad
1908 2709 1957 2739 ius
1974 2709 2156 2750 positivum.
2173 2719 2239 2739 non
2254 2710 2437 2741 communis
2452 2710 2523 2741 uni-

1459 2753 1618 2783 versaliter
1641 2753 1807 2790 distributi,
1833 2753 1887 2783 sed
1911 2753 2090 2784 communis
2106 2752 2267 2784 indefinite
2290 2754 2447 2785 rationem
2466 2754 2523 2785 ha-

1459 2797 1521 2828 bet.
1537 2797 1631 2828 Verbi
1655 2797 1761 2837 gratia,
1787 2807 1853 2828 non
1870 2804 1916 2828 est
1929 2798 1979 2828 lex
1995 2804 2123 2828 naturae
2147 2798 2236 2839 quod
2252 2798 2355 2829 malus
2371 2798 2523 2839 puniatur

1461 2841 1550 2871 omni
1573 2851 1686 2881 poena,
1707 2841 1760 2871 sed
1778 2842 1866 2882 quod
1881 2842 2030 2882 puniatur
2045 2841 2216 2873 indefinite.
2241 2841 2282 2872 Et
2297 2852 2334 2873 ex
2348 2842 2410 2873 hoc
2425 2849 2524 2875 cessat

1461 2886 1598 2915 secunda
1621 2885 1766 2916 obiectio.
1791 2885 1935 2917 Meminit
1953 2892 2060 2917 autem
2079 2885 2302 2923 artificialium,
2327 2887 2403 2928 quia
2426 2887 2524 2917 deter-

1461 2929 1591 2959 minatio
1615 2929 1673 2960 ista
1696 2939 1752 2969 per
1774 2930 1930 2960 rationem
1953 2937 1983 2961 et
2007 2930 2195 2961 electionem
2217 2930 2262 2967 fit,
2288 2931 2366 2962 dum
2387 2937 2451 2961 arte
2466 2938 2524 2972 gu·

1461 2973 1620 3004 bernativa
1642 2973 1686 3010 fit,
1710 2973 1791 3004 sicut
1815 2981 1845 3005 et
1867 2974 1928 3004 alia
1950 2973 2128 3005 artificialia.

1517 3018 1585 3049 V11.
1611 3018 1645 3048 ln
1676 3018 1790 3048 eodem
1820 3018 1960 3050 secundo
1996 3018 2127 3049 articulo
2160 3025 2236 3050 nota
2263 3018 2347 3060 quod
2373 3018 2452 3060 quid
2478 3023 2524 3051 est

1461 3062 1537 3092 iuris
1561 3072 1639 3102 pure
1662 3061 1806 3102 positivi,
1832 3073 1868 3094 ex
1890 3063 1919 3094 V
1938 3063 2053 3100 Ethic„
2078 3062 2195 3094 scilicet
2217 3063 2302 3104 quod
2324 3073 2344 3094 a
2361 3063 2524 3104 principib

1463 3106 1541 3136 nihil
1563 3106 1688 3146 differt:
1711 3113 1747 3137 ut
1770 3117 1806 3137 ex
1825 3117 1863 3137 eo
1887 3106 1965 3138 scias
1985 3106 2157 3137 discernere
2181 3107 2310 3148 quando
2334 3106 2455 3149 aliquid
2477 3112 2524 3138 est

1462 3150 1567 3180 solum
1599 3151 1638 3181 de
1668 3150 1734 3181 iure
1765 3150 1920 3191 positivo,
1950 3158 1981 3182 et
2003 3151 2132 3192 quando
2163 3151 2202 3190 de
2232 3151 2300 3182 iure
2323 3158 2452 3182 naturae
2473 3149 2524 3181 vel

1462 3201 1614 3234 gentium.

2545 2452 2761 2482 ‘utPeted-rsu.

2547 2543 2557 2553 ·
2571 2541 2609 2564 Ct'.
2622 2546 2687 2563 num.
2701 2547 2719 2563 1.
