2840 4010
363 174 431 209 106

354 253 543 300 quaedam
573 254 673 289 bona
693 254 904 301 singularia,
926 266 1023 301 quae
1047 253 1158 289 simul
1179 265 1266 289 cum
1288 253 1413 289 multis

354 304 433 341 aliis
460 317 529 353 per
555 306 756 353 pecuniam
785 306 916 342 haberi
943 313 1114 353 possunt.

406 359 464 393 AD
487 369 646 394 TERTmM
675 369 857 394 DiCI-:NDUM
886 358 1006 405 quod,
1037 357 1131 394 sicut
1149 357 1187 394 in
1207 357 1320 394 rebus
1348 369 1412 394 na-

352 410 533 446 turalibus
552 422 629 446 non
649 410 838 457 quaeritur
857 410 947 458 quid
968 421 1121 457 semper
1139 410 1216 457 fiat,
1234 410 1301 446 sed
1319 411 1412 458 quid

351 463 389 498 in
417 463 584 510 pluribus
613 462 746 498 accidit
764 462 799 508 ²¹⁶,
830 474 875 497 eo
896 462 1001 510 quod
1030 470 1162 499 natura
1191 463 1411 511 corruptibi-

351 514 444 551 lium
464 527 590 550 rerum
611 514 784 562 impediri
799 522 934 562 potest,
952 522 992 551 ut
1007 526 1084 551 non
1100 527 1254 563 semper
1269 515 1407 552 eodem

114 464 123 474 ⁶
139 464 166 485 D.
182 465 228 491 918.

352 567 469 603 modo
499 574 689 614 operetur3
720 566 769 603 ita
798 567 909 602 etiam
938 567 976 603 in
1005 567 1213 604 moralibus
1238 568 1409 604 conside-

404 679 424 710 ε)
444 679 528 703 omnis
548 679 619 703 mali.
637 692 656 697 -
673 679 790 703 omnium
811 680 940 705 malorum
962 680 1006 705 Pa.

993 176 1256 222 QUAEsrio
1288 176 1500 222 LXXXIV,
1530 167 1824 214 ARTICULUS
1855 180 1885 214 11

1469 261 1570 290 ratur
1597 253 1702 302 quod
1730 261 1771 290 ut
1798 255 1836 290 in
1863 256 2032 303 pluribus
2062 263 2127 304 est,
2156 269 2235 294 non
2263 265 2391 295 autem
2420 258 2523 306 quod
2559 265 2561 267 ’

1470 314 1524 342 est
1552 318 1714 355 semper,
1742 319 1787 342 eo
1811 307 1917 355 quod
1936 309 2111 345 voluntas
2141 321 2219 347 non
2240 322 2284 346 ex
2303 310 2523 347 necessitate

1468 366 1654 407 operatur.
1686 359 1776 395 Non
1805 358 1914 406 igitur
1942 359 2076 397 dicitur
2104 361 2258 398 avaritia
2277 363 2382 399 radix
2401 363 2524 400 omnis

1467 412 1556 447 mali
1584 417 1616 458 Ε,
1647 411 1737 460 quin
1771 411 1962 448 interdum
1996 413 2148 460 aliquod
2177 414 2278 451 aliud
2306 416 2450 452 malum
2480 416 2525 452 sit

1466 464 1571 500 radix
1600 464 1696 501 eius:
1723 464 1789 501 sed
1810 465 1899 512 quia
1919 477 1963 500 ex
1982 465 2063 513 ipsa
2082 465 2315 513 frequentius
2334 467 2405 504 alia
2424 470 2523 505 mala

1466 516 1648 564 oriuntur,
1678 517 1822 554 ratione
1850 517 2042 565 praedicta
2060 517 2091 554 ³⁸.

2650 415 2661 430 Ε

2551 524 2560 531 ·
2578 522 2602 543 In
2619 527 2724 550 corpore,
2741 525 2762 543 et

2551 549 2578 569 ad
2594 554 2613 570 2.

1018 749 1352 783 Commentario»
1374 749 1625 782 cardinalis
1648 749 1848 782 Caietam

380 839 399 859 N
423 828 555 859 articulo
574 828 678 869 primo
695 829 888 869 quaestionis
905 831 1256 871 octogesimaequartae,
1275 831 1407 861 dubium

353 841 515 903 Ioccurrit
530 882 566 902 ex
581 873 745 910 Durando,
765 873 798 903 in
815 874 841 904 II
858 874 956 911 Seni„
976 874 1045 905 dist.
1061 875 1159 905 x1.11*.
1181 874 1264 911 Quia
1281 882 1335 905 aut
1350 884 1409 904 ser-

349 926 404 946 mo
420 923 466 946 est
481 916 637 947 formalis:
661 924 716 948 aut
730 917 908 949 materialis.
927 918 959 948 Si
974 918 1124 954 formalis,
1142 918 1238 948 falsus
1254 925 1309 959 est,
1326 918 1410 955 Quia

349 960 503 1000 cupiditas
527 967 573 991 est
595 961 792 991 inordinatus
821 972 911 991 amor
936 962 1071 992 habendi
1099 962 1249 1002 pecunias
1277 962 1316 992 ad
1339 962 1409 993 reti-

349 1005 501 1040 nendum,
525 1014 592 1034 non
615 1006 655 1035 ad
679 1006 929 1045 expendendum.
956 1005 1089 1036 Constat
1112 1013 1218 1036 autem
1242 1007 1331 1047 quod
1354 1016 1407 1046 pe—

349 1048 442 1078 cunia
458 1058 524 1078 non
539 1055 574 1079 ut
589 1049 760 1085 retinenda,
772 1048 829 1078 'sed
845 1056 880 1079 ut
896 1050 1108 1089 expendenda,
1127 1057 1172 1080 est
1189 1050 1239 1080 cui
1256 1050 1409 1081 obediunt

348 1092 466 1123 omnia.
491 1093 575 1132 Ergo
600 1093 753 1132 cupiditas
777 1103 843 1122 non
863 1099 909 1123 est
924 1093 1010 1123 radix
1025 1093 1172 1124 omnium
1187 1094 1356 1130 malorum,
1373 1101 1409 1124 ut

349 1143 394 1166 est
418 1136 549 1176 speciale
573 1143 748 1175 peccatum.
774 1137 876 1166 Immo
901 1146 937 1166 ex
960 1137 1021 1167 hoc
1045 1138 1186 1178 sequitur
1209 1139 1298 1178 quod
1322 1138 1408 1178 cupi-

349 1180 427 1210 ditas
451 1180 602 1220 impediat
625 1180 725 1210 multa
748 1180 848 1210 mala:
880 1181 955 1221 quia
983 1182 1189 1212 contrariatur
1217 1182 1408 1212 distractioni

348 1224 509 1263 pecuniae,
535 1225 618 1254 unde
643 1224 743 1253 multa
766 1224 848 1254 mala
864 1224 1020 1255 oriuntur.
1038 1226 1129 1256 Unde
1146 1233 1176 1256 et
1198 1236 1309 1256 avaros
1324 1226 1409 1256 vide-

348 1278 419 1297 mus
437 1278 454 1297 a
469 1267 577 1297 multis
593 1268 684 1297 malis
701 1268 863 1304 abstinere,
885 1278 924 1298 ne
940 1270 1125 1308 expendant.
1143 1287 1162 1292 -—
1181 1269 1213 1300 Si
1230 1270 1407 1306 materialis,

347 1319 422 1342 tunc
446 1312 484 1341 ab
508 1318 571 1342 arte
590 1311 753 1342 receditur.
778 1312 819 1342 Et
842 1312 916 1352 quia
940 1323 1050 1343 sensus
1074 1320 1153 1344 esset
1169 1315 1256 1354 quod
1280 1314 1409 1345 materia

348 1355 540 1395 cupiditatis,
565 1355 682 1386 scilicet
708 1355 858 1395 pecunia,
884 1363 929 1387 est
951 1356 1038 1387 radix
1061 1357 1209 1388 omnium
1232 1358 1407 1395 malorum

347 1398 423 1439 pari,
448 1399 497 1429 vel
521 1399 633 1429 maiori
656 1400 786 1436 ratione,
811 1407 919 1440 posset
942 1401 1002 1431 dici
1026 1402 1114 1441 quod
1137 1402 1339 1442 prodigalitas
1363 1410 1409 1433 est

346 1443 433 1473 radix
456 1443 603 1473 omnium
626 1444 795 1474 malorum.

402 1487 439 1517 ΙΙ.
463 1488 515 1517 Ad
537 1488 599 1517 hoc
627 1487 740 1518 dicitur
763 1488 852 1528 quod
883 1498 986 1518 sermo
1015 1495 1062 1519 est
1089 1489 1241 1520 formalis.
1270 1490 1408 1520 Pecunia

347 1541 485 1571 namque
510 1538 556 1561 est
574 1531 703 1562 materia
727 1542 791 1562 non
817 1532 923 1562 solum
938 1532 1098 1569 vitiorum,
1116 1534 1170 1563 s'ed
1186 1534 1353 1564 virtutum:
1379 1542 1409 1565 et

346 1582 513 1615 propterea
536 1585 602 1605 non
627 1583 672 1606 est
695 1575 902 1616 vituperanda
924 1576 986 1606 hoc
1014 1578 1219 1617 cognomine,
1244 1584 1279 1608 ut
1298 1578 1338 1609 sit
1360 1588 1407 1609 ra-

347 1619 399 1649 dix
418 1619 564 1649 omnium
588 1620 758 1650 malorum.
775 1619 836 1650 Sed
851 1620 1048 1651 inordinatus
1068 1631 1158 1651 amor
1172 1622 1307 1652 habendi
1327 1632 1407 1659 eam,

347 1673 428 1703 quae
457 1663 612 1703 cupiditas
634 1670 779 1702 vocatur,
805 1673 879 1694 cum
902 1664 942 1694 sit
964 1666 1128 1704 quoddam
1157 1666 1294 1702 malum,
1319 1667 1408 1707 quod

109 1710 117 1717 ·
132 1708 171 1745 ΑΛ,
184 1708 247 1756 Κοννὲ-
267 1714 319 1735 cap.
346 1717 412 1737 non
428 1714 533 1747 potest
548 1717 616 1737 esse
629 1707 679 1737 via
695 1708 734 1737 ad
748 1708 881 1744 bonum,
898 1709 1020 1739 dicente
1034 1710 1194 1748 Apostolo
1204 1710 1230 1746 *,
1243 1711 1316 1741 Non
1333 1716 1408 1742 sunt

107 1741 141 1757 '¹¹'
157 1741 216 1756 xers.
249 1750 254 1756 '
337 1750 493 1792 facienda
518 1752 605 1781 mala
621 1757 654 1781 ut
678 1753 802 1782 eveniat
824 1752 952 1789 bonum,
977 1753 1064 1783 radix
1080 1753 1228 1784 omniurn
1248 1754 1408 1785 malorum

346 1803 391 1826 est
414 1795 644 1835 metaphorice,
669 1796 744 1836 quia
768 1795 855 1826 velut
877 1806 913 1826 os
938 1797 1079 1837 corporis
1103 1807 1158 1828 seu
1182 1798 1300 1828 arboris
1316 1798 1407 1829 vitio-

345 1849 416 1869 rum
436 1846 490 1875 est,
508 1849 562 1879 per
578 1840 666 1880 quod
682 1840 869 1870 alimentum
892 1840 1078 1880 suscipiunt,
1102 1841 1217 1872 scilicet
1239 1842 1408 1882 pecuniam

1462 834 1520 863 sub
1536 833 1619 863 mala
1638 833 1821 866 intentione.
1840 835 1885 866 Ita
1900 837 1998 876 quod,
2013 837 2094 868 sicut
2109 838 2227 869 habens
2243 839 2411 879 pecuniam
2430 838 2524 870 habet
2834 837 2840 863 '¹‘

1461 877 1617 917 pabulum
1634 878 1781 908 omniurn
1797 879 2034 917 desideriorum,
2051 881 2126 921 quia
2139 883 2275 922 pecunia
2297 883 2418 913 utimur
2431 883 2522 923 quasi

1461 921 1645 951 fideiussore
1661 923 1700 951 ad
1716 922 1832 958 omnia,
1851 924 2027 954 secundum
2042 925 2255 963 Aristotelem,
2269 927 2297 957 V
2313 927 2416 958 Ethic.
2428 925 2462 963 ⁴*;
2478 926 2522 958 ita
2550 925 2628 974 '303¹-
2637 931 2696 974 *iezi
2707 931 2762 974 ¹⁴3¹·

1459 965 1637 996 inordinate
1660 966 1770 996 volens
1794 976 1864 997 eam
1887 967 2011 1004 habere,
2035 969 2112 1005 vult,
2133 978 2170 999 ex
2192 970 2260 1011 ipsa
2279 981 2337 1001 sua
2359 971 2521 1001 inordina-
2569 968 2574 973 '
2627 967 2634 974 ⁰
2699 966 2706 973 ’
2753 967 2760 974 ’

1461 1009 1557 1045 tione,
1570 1010 1683 1039 habere
1696 1010 1851 1049 pabulum
1867 1011 2014 1041 omnium
2029 1011 2188 1044 vitiorum.
2205 1014 2369 1046 Manifeste
2383 1025 2522 1056 namque

1461 1059 1547 1092 patet
1570 1053 1773 1084 discurrendo
1793 1055 1882 1094 quod
1897 1054 2004 1094 ipsum
2026 1055 2203 1087 inordinate
2226 1057 2339 1089 habere
2358 1059 2519 1099 pecunias,

1462 1103 1492 1127 et
1515 1097 1679 1137 superbiae
1703 1105 1733 1128 et
1755 1098 1841 1128 inani
1863 1098 1991 1138 gloriae,
2016 1105 2047 1129 et
2069 1098 2211 1131 luxuriae
2234 1107 2265 1132 et
2286 1103 2389 1142 gulae,
2413 1103 2476 1134 irae
2493 1110 2523 1134 et

1460 1140 1605 1177 invidiae,
1631 1148 1661 1172 et
1683 1141 1816 1178 acediae,
1842 1149 1872 1172 et
1888 1152 1946 1172 suo
1971 1143 2138 1180 contrario,
2164 1144 2281 1176 scilicet
2299 1147 2519 1187 prodigalitati,

1462 1183 1642 1216 fomentum
1665 1192 1809 1225 praestat.

1520 1228 1606 1259 Cum
1629 1235 1736 1259 autem
1760 1229 1872 1260 dicitur
1894 1230 1983 1270 quod
2001 1230 2153 1270 pecuniae
2173 1241 2239 1261 non
2256 1239 2290 1263 ut
2305 1240 2450 1271 retentae,
2468 1235 2523 1264 sed

1462 1279 1497 1302 ut
1521 1273 1691 1309 distractae,
1708 1280 1781 1315 etc.;
1801 1274 2010 1313 respondetur
2027 1275 2117 1315 quod
2141 1275 2350 1307 retentionem
2365 1284 2395 1308 et
2413 1278 2522 1309 distra-

1461 1315 1599 1346 ctionem
1622 1317 1780 1356 praecedit
1801 1317 1929 1353 habere;
1947 1324 1977 1348 et
1992 1318 2071 1348 nihil
2086 1319 2203 1350 horum
2222 1327 2269 1351 est
2286 1321 2452 1361 proprium
2469 1332 2522 1352 cu-

1460 1359 1526 1399 pidi
1549 1360 1608 1390 nisi
1631 1360 1754 1391 habere.
1778 1361 1861 1390 Nam
1877 1361 2012 1401 cupidus
2031 1372 2097 1392 non
2120 1373 2244 1404 semper
2266 1364 2335 1395 vult
2357 1365 2471 1396 habere
2487 1372 2523 1396 ut

1461 1403 1599 1440 retineat,
1620 1405 1674 1434 sed
1698 1405 1892 1445 quandoque
1916 1412 1951 1436 ut
1973 1406 2040 1436 det:
2067 1413 2102 1437 ut
2124 1414 2209 1446 patet
2231 1408 2264 1438 in
2287 1409 2371 1439 male
2394 1419 2523 1449 congre-

1460 1448 1606 1487 gantibus
1630 1455 1666 1479 ut
1688 1449 1813 1479 solvant
1839 1449 1992 1480 militibus
2019 1450 2070 1480 vel
2098 1452 2322 1489 meretricibus,
2347 1459 2404 1484 etc.
2430 1453 2522 1484 Unde

1461 1501 1527 1522 non
1550 1499 1596 1522 est
1618 1492 1785 1523 iudicanda
1800 1493 1963 1533 cupiditas
1982 1503 2018 1523 ex
2033 1495 2216 1532 retentione,
2241 1503 2278 1527 ut
2299 1502 2523 1537 argumentum

1462 1536 1601 1572 credidit,
1619 1537 1674 1566 sed
1689 1547 1726 1566 ex
1741 1537 1950 1576 possessionis
1966 1537 2199 1570 inordinatione
2205 1548 2214 1576 ;
2229 1549 2311 1582 quae
2325 1541 2398 1572 licet
2411 1541 2445 1572 in
2460 1541 2522 1572 hoc

1461 1580 1511 1610 vel
1533 1579 1589 1610 illo
1615 1580 1777 1610 ordinetur
1801 1582 1841 1611 ad
1865 1581 2031 1612 vitandum
2053 1583 2164 1613 multa.
2178 1584 2280 1620 mala,
2305 1591 2342 1615 ut
2363 1585 2522 1626 experien-

1461 1623 1503 1654 tia
1527 1624 1619 1654 docet
1645 1624 1677 1654 in
1701 1625 1909 1664 quibusdam,
1936 1625 2022 1656 iuxta
2044 1625 2125 1657 illud
2147 1627 2253 1659 Eccle.
2274 1627 2312 1666 *,
2337 1629 2447 1660 Homo
2470 1630 2523 1660 cui

1460 1668 1551 1698 Deus
1573 1675 1644 1704 etc.;
1669 1675 1826 1709 quantum
1849 1675 1955 1699 tamen
1978 1676 2025 1700 est
2040 1679 2078 1700 ex
2094 1680 2136 1706 se,
2162 1678 2235 1711 apta
2250 1678 2324 1703 nata
2339 1679 2386 1703 est
2403 1673 2522 1704 nutrire

1461 1712 1569 1742 omnia
1588 1712 1680 1743 mala.
1697 1713 1738 1743 Et
1756 1720 1924 1752 propterea
1940 1713 2021 1744 dicta
2035 1721 2082 1745 est
2096 1714 2183 1746 radix
2199 1716 2347 1746 omnium
2362 1716 2522 1749 malorum

1461 1756 1638 1786 secundum
1661 1766 1702 1786 se.
1726 1774 1743 1779 -
1766 1757 1942 1794 Quomodo
1966 1764 2074 1788 autem
2096 1758 2250 1798 cupiditas
2273 1760 2314 1791 sit
2334 1760 2450 1792 vitium
2471 1770 2522 1792 ca-

1461 1799 1565 1839 pitale,
1590 1800 1650 1831 alia
1673 1801 1816 1840 quaestio
1841 1808 1903 1838 est,
1928 1808 1959 1832 et
1982 1811 2018 1832 ex
2041 1801 2102 1833 fine
2125 1803 2309 1842 pensabitur
2323 1804 2350 1835 *.

2547 1634 2559 1645 ⁸
2565 1633 2652 1661 Cupa,
2658 1639 2718 1655 ven.
2726 1633 2757 1655 18.

2549 1779 2558 1788 ·
2567 1778 2604 1800 Cf.
2615 1781 2659 1800 m.
2668 1784 2697 1806 4;
2711 1778 2760 1800 11·-

2549 1813 2605 1840 n··‚
2624 1819 2664 1842 qu.
2678 1819 2759 1841 cxviii,

2548 1851 2591 1870 ιη.
2606 1854 2629 1876 7.

1457 1939 1563 1946 Μ

1111 2004 1428 2047 ARTICULUS
1459 2005 1755 2048 SECUNDUS

918 2105 1073 2136 UTRUM
1097 2106 1303 2137 sUPERmA
1327 2107 1392 2138 srr
1417 2107 1586 2139 1N1T1UM
1610 2108 1741 2139 OMNis
1765 2109 1950 2140 PECCAT1

581 2194 610 2218 11·
632 2194 682 2224 11⁰,
703 2201 746 2225 qu.
766 2201 842 2224 cnxn,
863 2198 908 2218 art.
926 2200 953 2223 2;
973 2198 1019 2218 art.
1036 2193 1060 2225 5,
1080 2194 1111 2218 ad
1130 2201 1155 2224 1;
1175 2194 1196 2218 11
1216 2194 1298 2224 Sent„
1319 2194 1376 2219 dist.
1389 2202 1413 2224 v.

1427 2202 1472 2228 qu.
1485 2202 1502 2225 1,
1522 2199 1569 2220 art.
1585 2195 1615 2226 ὃς
1635 2195 1693 2220 dist.
1707 2203 1766 2227 xm,
1786 2204 1831 2229 qu.
1845 2204 1872 2228 11,
1892 2202 1938 2222 art.
1957 2205 1977 2226 1,
1997 2198 2029 2222 ad
2049 2205 2079 2230 73
2099 2202 2146 2224 art.
2161 2197 2188 2228 3,
2208 2199 2240 2223 ad
2258 2207 2283 2230 13

780 2229 821 2253 De
840 2229 923 2258 Malo,
943 2236 987 2261 qu.
1002 2236 1055 2258 vm,
1075 2234 1122 2254 art.
1140 2237 1160 2259 1.
1181 2229 1212 2254 ad
1231 2237 1251 2259 1,
1269 2229 1312 2261 16;
1331 2230 1352 2254 11
1374 2230 1443 2259 Cor„
1463 2237 1518 2263 cap.
1531 2238 1580 2260 κη,
1600 2231 1657 2255 lect.
1672 2239 1700 2255 111
1707 2239 1714 2262 ;
1734 2232 1742 2255 1
1765 2231 1841 2261 Tim„
1861 2239 1917 2265 cap.
1930 2240 1964 2264 vx,
1985 2233 2042 2258 lect.
2057 2240 2084 2258 11.

487 2367 495 2377 ι

491 2379 501 2389 ,

558 2370 736 2419 superbia
756 2383 834 2407 non
863 2370 909 2407 sit
937 2370 1083 2408 initium
1105 2371 1230 2408 omnis
1248 2371 1405 2420 peccati.

558 2423 680 2460 Radix
718 2423 820 2460 enim
855 2431 910 2460 est
944 2423 1141 2472 quoddam
1176 2423 1406 2472 principium

538 2476 719 2512 arboris:
751 2484 787 2512 et
814 2476 864 2512 ita
891 2476 1041 2513 videtur
1068 2477 1170 2514 idern
1200 2489 1282 2514 esse
1302 2476 1407 2513 radix

347 2529 491 2578 peccati
507 2534 524 2550 ‘²
545 2537 580 2565 et
599 2529 743 2565 initium
757 2529 912 2578 peccati.
932 2530 1008 2566 Sed
1029 2529 1212 2578 cupiditas
1229 2537 1283 2567 est
1303 2530 1407 2566 radix

349 2582 473 2619 omnis
501 2581 655 2630 peccati,
677 2589 718 2618 ut
746 2582 891 2618 dictum
920 2590 976 2619 est
999 2583 1029 2619 *.
1053 2583 1153 2631 Ergo
1183 2583 1264 2632 ipsa
1293 2582 1405 2619 etiam

349 2642 404 2671 est
431 2634 578 2671 initium
607 2634 731 2671 omnis
760 2635 921 2682 peccati,
952 2648 1030 2672 non
1059 2643 1185 2672 autem
1216 2635 1404 2684 superbia.

403 2699 437 2724 2.
459 2688 691 2734 PRAETEREA,
711 2687 826 2723 Eccli.
847 2700 870 2723 x
884 2687 904 2708 ’¹‘
931 2688 1082 2725 dicitur:
1107 2689 1260 2725 Initium
1279 2700 1406 2736 super-

349 2740 432 2776 biae
458 2740 620 2776 hominis
648 2745 860 2788 apostatare
885 2752 908 2776 a
937 2742 1030 2777 Deo.
1062 2741 1138 2778 Sed
1168 2741 1356 2790 apostasia
1384 2753 1406 2777 a

348 2793 432 2829 Deo
463 2800 517 2829 est
546 2792 742 2841 quoddam
771 2799 981 2840 peccatum.
1014 2794 1114 2841 Ergo
1144 2794 1299 2843 aliquod
1318 2805 1405 2843 pec-

208 2835 222 2868 β
350 2853 474 2882 catum
504 2853 559 2882 est
585 2845 733 2882 initium
769 2845 988 2894 superbiae,
1020 2853 1055 2882 et
1083 2845 1098 2876 β
1126 2847 1208 2895 ipsa
1241 2859 1319 2883 non
1353 2853 1408 2883 est

350 2897 497 2935 initium
527 2898 651 2935 omnis
680 2899 836 2946 peccati.

109 2586 119 2596 ⁴¹
134 2586 185 2607 Art.
202 2585 306 2613 praeced.

110 2690 120 2699 ⁸
138 2689 201 2710 Vers.
218 2695 247 2715 14.

404 2952 438 2988 3.
455 2952 686 2998 Pmmmm,
708 2951 797 2988 illud
816 2951 967 2988 videtur
997 2963 1077 2987 esse
1107 2951 1252 2988 initium
1281 2951 1406 2989 omnis

349 3004 510 3051 peccati,
541 3004 645 3052 quod
674 3003 761 3040 facit
789 3003 921 3041 omnia
948 3011 1115 3052 peccata.
1147 3005 1222 3042 Sed
1251 3005 1325 3041 hoc
1355 3012 1409 3041 est

349 3056 583 3093 inordinatus
612 3068 720 3093 amor
749 3057 823 3103 sui,
854 3057 918 3105 qui
940 3057 1043 3105 facit
1069 3057 1251 3094 civitatem
1280 3059 1408 3106 Baby-

112 3108 170 3156 ᾖξ’
190 3113 322 3155 χωξξζξᾞῇ
351 3108 459 3155 lonis,
488 3117 529 3146 ut
556 3109 789 3156 Augustinus
819 3109 917 3156 dicit,
948 3109 984 3146 in
1009 3110 1098 3146 XIV
1117 3110 1161 3146 de
1185 3110 1263 3146 Civ.
1285 3111 1360 3146 Dei
1375 3110 1406 3146 ²¹⁶.

112 3159 296 3182 P⁵³¹¹¹¹·¹⁴X¹V·
350 3161 452 3208 Ergo
486 3174 594 3198 amor
622 3162 679 3198 sui
710 3170 765 3199 est
797 3162 943 3199 initium
978 3163 1102 3199 omnis
1137 3162 1301 3211 peccati,
1330 3175 1408 3199 non

351 3221 477 3250 autem
507 3215 693 3263 superbia.

113 3268 121 3275 '
137 3265 204 3286 Vers.
219 3270 247 3292 ¹5.

405 3267 478 3302 SED
507 3279 651 3304 CONTRA
679 3279 744 3304 EsT
772 3269 876 3316 quod
906 3268 1039 3304 dicitur
1075 3268 1190 3305 Eccli.
1215 3280 1238 3304 x
1261 3268 1302 3305 *ε
1332 3268 1409 3305 Ini-

349 3318 440 3355 tium
469 3320 589 3355 omm’s
612 3321 759 3367 peccati
783 3321 968 3368 superbia.

403 3372 626 3408 RESPONDEO
660 3385 843 3410 DICENDUM
876 3375 980 3421 quod
1011 3373 1165 3422 quidam
1193 3373 1321 3411 dicunt
1349 3386 1410 3411 su-

404 2336 426 2373 ,ἶ
462 2331 536 2382 qm(
557 2330 579 2354 D
595 2329 783 2354 SECUNDUM
799 2329 852 2354 sxc
868 2329 1106 2355 paocemrua.
1128 2318 1288 2356 Videtur
1301 2318 1407 2368 quod
1431 2319 1435 2372 Ι
1460 2319 1631 2367 perbiam
1666 2319 1738 2356 dici
1775 2320 1976 2369 tripliciter.
2009 2320 2101 2360 Uno
2133 2324 2274 2371 modo,
2308 2324 2520 2363 secundum

1461 2372 1566 2420 quod
1594 2373 1770 2421 superbia
1802 2373 1988 2421 significat
2023 2374 2282 2413 inordinatum
2311 2376 2520 2426 appetitum

1459 2424 1636 2473 propriae
1652 2426 1904 2464 excellentiae.
1921 2427 1969 2464 Et
1983 2427 2035 2464 sic
2051 2435 2106 2464 est
2123 2428 2286 2477 speciale
2305 2436 2518 2478 peccatum.

1460 2498 1482 2504 -
1503 2477 1588 2513 Alio
1610 2478 1740 2525 modo,
1762 2479 1973 2517 secundum
1993 2482 2099 2528 quod
2117 2481 2296 2529 importat
2323 2483 2518 2529 quendam

1460 2531 1646 2567 actualem
1663 2539 1926 2580 contemptum
1941 2533 2025 2581 Dei,
2047 2541 2230 2581 quantum
2246 2534 2295 2571 ad
2308 2534 2411 2571 hunc
2430 2535 2519 2572 effe-

1461 2590 1564 2619 ctum
1597 2583 1662 2631 qui
1691 2591 1747 2620 est
1774 2597 1852 2621 non
1886 2585 1996 2622 subdi
2030 2586 2110 2622 eius
2142 2594 2358 2635 praecept0.
2389 2587 2439 2625 Et
2466 2587 2519 2625 sic

1461 2635 1589 2672 dicunt
1604 2637 1708 2683 quod
1726 2644 1780 2673 est
1794 2638 1967 2685 generale
1982 2640 2369 2687 peccatum.-Tertio
2385 2641 2518 2688 modo,

1460 2688 1672 2725 seeundum
1693 2691 1796 2738 quod
1825 2690 2005 2739 importat
2023 2692 2218 2739 quandam
2237 2691 2520 2731 inclinationem

1461 2741 1508 2777 ad
1537 2741 1757 2779 huiusmodi
1783 2750 2057 2792 contemptum,
2079 2756 2124 2780 ex
2148 2745 2389 2794 corruptione
2413 2754 2520 2784 natu-

1461 2805 1546 2830 rae..
1567 2795 1616 2830 Et
1643 2794 1695 2831 sic
1724 2795 1853 2832 dicunt
1885 2796 1991 2845 quod
2019 2804 2075 2834 est
2102 2797 2248 2835 initium
2276 2799 2401 2836 omnis
2431 2811 2520 2848 pec-

1462 2846 1543 2882 cati.
1565 2847 1614 2882 Et
1634 2847 1758 2884 differt
1777 2860 1798 2884 a
1819 2848 2031 2897 cupiditate,
2061 2849 2148 2898 quia
2168 2850 2352 2900 cupiditas
2372 2850 2521 2901 respicit

1460 2907 1660 2947 peccatum
1690 2912 1735 2936 ex
1762 2908 1867 2948 parte
1898 2902 2157 2939 conversionis
2181 2903 2229 2940 ad
2249 2904 2396 2941 bonum
2417 2917 2520 2943 com-

1461 2952 1653 2999 mutabile,
1672 2965 1715 2989 ex
1731 2966 1808 3002 quo
1827 2962 2028 3002 peccatum
2048 2955 2340 3004 quodammodo
2360 2957 2521 2996 nutritur

1463 3012 1499 3041 et
1525 3005 1686 3051 fovetur,
1717 3012 1753 3042 et
1770 3013 1925 3055 propter
1942 3007 2017 3044 hoc
2037 3008 2219 3057 cupiditas
2240 3009 2372 3047 dicitur
2391 3010 2519 3050 radix:

1462 3057 1530 3094 sed
1555 3057 1732 3107 superbia
1760 3059 1910 3108 respicit
1936 3068 2136 3108 peccatum
2157 3074 2202 3099 ex
2219 3070 2326 3111 parte
2354 3063 2519 3101 aversio·
2561 3078 2570 3087 ν’

1463 3110 1521 3146 nis
1541 3123 1563 3146 a
1582 3112 1680 3158 Deo,
1710 3111 1816 3148 cuius
1843 3121 2046 3162 praecepto
2075 3115 2194 3152 homo
2223 3115 2335 3152 subdi
2354 3122 2518 3161 recusat;

1463 3170 1500 3198 et
1527 3163 1614 3200 ideo
1642 3171 1802 3201 vocatur
1830 3165 1986 3212 initium,
2008 3166 2097 3214 quia
2122 3180 2166 3204 ex
2184 3175 2290 3216 parte
2311 3168 2519 3206 aversionis

1462 3215 1593 3264 incipit
1617 3216 1709 3253 ratio
1737 3217 1837 3254 mali.

1518 3270 1566 3305 Et
1577 3270 1678 3317 ,haec
1698 3269 1854 3318 quidem
1874 3272 2050 3320 quamvis
2068 3285 2162 3310 vera
2189 3273 2272 3320 sint,
2293 3281 2420 3310 tamen
2439 3285 2517 3310 non

1464 3329 1550 3358 sunt
1578 3323 1788 3359 secundum
1817 3323 2065 3361 intentionem
2087 3324 2286 3374 Sapientis,
2316 3325 2382 3373 qui
2410 3325 2515 3362 dixit:

1463 3375 1616 3411 Initium
1632 3376 1752 3412 omnis
1764 3377 1912 3424 peccati
1925 3383 1976 3413 est
1993 3378 2179 3426 superbia.
2196 3377 2394 3415 Manifeste
2416 3378 2517 3414 enirn

402 3488 429 3521 α)
445 3489 558 3520 peccati.
574 3502 593 3507 —
612 3489 673 3512 Om.
694 3490 737 3513 Pa.

1432 3489 1435 3527 Ι
1515 3493 1540 3527 β)
1560 3498 1593 3519 et.
1611 3508 1630 3513 —
1650 3495 1723 3527 Ergo
1742 3498 1767 3518 et
1787 3495 1832 3523 Pa,
1854 3494 1926 3526 Ergo
1947 3495 1977 3519 Κ.
