<?xml version="1.0" encoding="UTF-8"?>
<!DOCTYPE html PUBLIC "-//W3C//DTD XHTML 1.0 Transitional//EN"
    "http://www.w3.org/TR/xhtml1/DTD/xhtml1-transitional.dtd">
<html xmlns="http://www.w3.org/1999/xhtml" xml:lang="en" lang="en">
 <head>
  <title>
</title>
<meta http-equiv="Content-Type" content="text/html;charset=utf-8" />
  <meta name='ocr-system' content='tesseract 3.04.00' />
  <meta name='ocr-capabilities' content='ocr_page ocr_carea ocr_par ocr_line ocrx_word'/>
</head>
<body>
  <div class='ocr_page' id='page_1' title='image "./operaomniaiussui07thom/operaomniaiussui07thom_0253.png"; bbox 0 0 2840 4010; ppageno 0'>
   <div class='ocr_carea' id='block_1_1' title="bbox 169 284 198 300">
    <p class='ocr_par' dir='ltr' id='par_1_1' title="bbox 169 284 198 300">
     <span class='ocr_line' id='line_1_1' title="bbox 169 284 198 300; baseline 0.034 -1"><span class='ocrx_word' id='word_1_1' title='bbox 169 284 198 300; x_wconf 65' lang='lat' dir='ltr'>XX</span> 
     </span>
    </p>
   </div>
   <div class='ocr_carea' id='block_1_2' title="bbox 162 693 197 718">
    <p class='ocr_par' dir='ltr' id='par_1_2' title="bbox 162 693 197 718">
     <span class='ocr_line' id='line_1_2' title="bbox 162 693 197 718; baseline 0 0"><span class='ocrx_word' id='word_1_2' title='bbox 162 693 197 718; x_wconf 88' lang='grc' dir='ltr'>λλ</span> 
     </span>
    </p>
   </div>
   <div class='ocr_carea' id='block_1_3' title="bbox 161 2076 199 2102">
    <p class='ocr_par' dir='ltr' id='par_1_3' title="bbox 161 2076 199 2102">
     <span class='ocr_line' id='line_1_3' title="bbox 161 2076 199 2102; baseline 0 0"><span class='ocrx_word' id='word_1_3' title='bbox 161 2076 199 2102; x_wconf 69' lang='grc' dir='ltr'>μμ</span> 
     </span>
    </p>
   </div>
   <div class='ocr_carea' id='block_1_4' title="bbox 75 2130 274 2160">
    <p class='ocr_par' dir='ltr' id='par_1_4' title="bbox 75 2130 274 2160">
     <span class='ocr_line' id='line_1_4' title="bbox 75 2130 274 2160; baseline 0 -6"><span class='ocrx_word' id='word_1_4' title='bbox 75 2130 274 2160; x_wconf 55' lang='grc' dir='ltr'>Ἰοκᾷιά5,</span> 
     </span>
    </p>
   </div>
   <div class='ocr_carea' id='block_1_5' title="bbox 175 2816 201 2832">
    <p class='ocr_par' dir='ltr' id='par_1_5' title="bbox 175 2816 201 2832">
     <span class='ocr_line' id='line_1_5' title="bbox 175 2816 201 2832; baseline 0 0"><span class='ocrx_word' id='word_1_5' title='bbox 175 2816 201 2832; x_wconf 72' lang='lat' dir='ltr'>W</span> 
     </span>
    </p>
   </div>
   <div class='ocr_carea' id='block_1_6' title="bbox 1015 147 1393 194">
    <p class='ocr_par' dir='ltr' id='par_1_6' title="bbox 1015 147 1393 194">
     <span class='ocr_line' id='line_1_6' title="bbox 1015 147 1393 194; baseline 0 -11"><span class='ocrx_word' id='word_1_6' title='bbox 1015 147 1280 193; x_wconf 88' lang='lat' dir='ltr'>QUAESTIO</span> <span class='ocrx_word' id='word_1_7' title='bbox 1310 147 1393 194; x_wconf 91' lang='lat' dir='ltr'>CII,</span> 
     </span>
    </p>
   </div>
   <div class='ocr_carea' id='block_1_7' title="bbox 314 224 1381 3283">
    <p class='ocr_par' dir='ltr' id='par_1_7' title="bbox 314 224 1374 841">
     <span class='ocr_line' id='line_1_7' title="bbox 316 224 1374 274; baseline 0.002 -14"><span class='ocrx_word' id='word_1_8' title='bbox 316 224 442 261; x_wconf 84' lang='lat' dir='ltr'>brium</span> <span class='ocrx_word' id='word_1_9' title='bbox 470 224 682 273; x_wconf 87' lang='lat' dir='ltr'>aspersorii.</span> <span class='ocrx_word' id='word_1_10' title='bbox 709 225 910 274; x_wconf 89' lang='lat' dir='ltr'>Hyssopus</span> <span class='ocrx_word' id='word_1_11' title='bbox 929 238 1022 262; x_wconf 89' lang='lat' dir='ltr'>vero</span> <span class='ocrx_word' id='word_1_12' title='bbox 1048 234 1083 262; x_wconf 92' lang='lat' dir='ltr'>et</span> <span class='ocrx_word' id='word_1_13' title='bbox 1110 238 1241 274; x_wconf 90' lang='lat' dir='ltr'>passer</span> <span class='ocrx_word' id='word_1_14' title='bbox 1270 233 1374 262; x_wconf 87' lang='lat' dir='ltr'>erant</span> 
     </span>
     <span class='ocr_line' id='line_1_8' title="bbox 314 276 1373 326; baseline 0 -13"><span class='ocrx_word' id='word_1_15' title='bbox 314 276 353 313; x_wconf 91' lang='lat' dir='ltr'>id</span> <span class='ocrx_word' id='word_1_16' title='bbox 380 276 488 324; x_wconf 91' lang='lat' dir='ltr'>quod</span> <span class='ocrx_word' id='word_1_17' title='bbox 516 277 562 314; x_wconf 91' lang='lat' dir='ltr'>de</span> <span class='ocrx_word' id='word_1_18' title='bbox 582 283 615 299; x_wconf 72' lang='lat'>‘²²‘</span> <span class='ocrx_word' id='word_1_19' title='bbox 643 278 856 326; x_wconf 80' lang='lat' dir='ltr'>aspersorio</span> <span class='ocrx_word' id='word_1_20' title='bbox 884 278 1096 326; x_wconf 88' lang='lat' dir='ltr'>tingebatur</span> <span class='ocrx_word' id='word_1_21' title='bbox 1122 279 1161 314; x_wconf 90' lang='lat' dir='ltr'>in</span> <span class='ocrx_word' id='word_1_22' title='bbox 1193 277 1373 324; x_wconf 89' lang='lat' dir='ltr'>sanguine</span> 
     </span>
     <span class='ocr_line' id='line_1_9' title="bbox 315 329 1374 379; baseline -0.001 -13"><span class='ocrx_word' id='word_1_23' title='bbox 315 329 467 366; x_wconf 86' lang='lat' dir='ltr'>alterius</span> <span class='ocrx_word' id='word_1_24' title='bbox 497 330 659 378; x_wconf 88' lang='lat' dir='ltr'>passeris</span> <span class='ocrx_word' id='word_1_25' title='bbox 691 331 877 368; x_wconf 88' lang='lat' dir='ltr'>immolati</span> <span class='ocrx_word' id='word_1_26' title='bbox 911 331 949 367; x_wconf 91' lang='lat' dir='ltr'>in</span> <span class='ocrx_word' id='word_1_27' title='bbox 982 331 1090 379; x_wconf 87' lang='lat' dir='ltr'>aquis</span> <span class='ocrx_word' id='word_1_28' title='bbox 1121 330 1231 367; x_wconf 89' lang='lat' dir='ltr'>vivis.</span> <span class='ocrx_word' id='word_1_29' title='bbox 1268 330 1374 366; x_wconf 89' lang='lat' dir='ltr'>Haec</span> 
     </span>
     <span class='ocr_line' id='line_1_10' title="bbox 316 382 1374 430; baseline -0.001 -12"><span class='ocrx_word' id='word_1_30' title='bbox 316 389 443 420; x_wconf 90' lang='lat' dir='ltr'>autem</span> <span class='ocrx_word' id='word_1_31' title='bbox 463 391 627 430; x_wconf 91' lang='lat' dir='ltr'>quatuor</span> <span class='ocrx_word' id='word_1_32' title='bbox 655 383 839 420; x_wconf 88' lang='lat' dir='ltr'>offerebat</span> <span class='ocrx_word' id='word_1_33' title='bbox 868 391 997 420; x_wconf 90' lang='lat' dir='ltr'>contra</span> <span class='ocrx_word' id='word_1_34' title='bbox 1016 390 1178 430; x_wconf 88' lang='lat' dir='ltr'>quatuor</span> <span class='ocrx_word' id='word_1_35' title='bbox 1207 382 1374 418; x_wconf 83' lang='lat' dir='ltr'>defectus</span> 
     </span>
     <span class='ocr_line' id='line_1_11' title="bbox 316 434 1373 484; baseline -0.001 -13"><span class='ocrx_word' id='word_1_36' title='bbox 316 435 464 483; x_wconf 88' lang='lat' dir='ltr'>leprae:</span> <span class='ocrx_word' id='word_1_37' title='bbox 493 447 584 472; x_wconf 87' lang='lat' dir='ltr'>nam</span> <span class='ocrx_word' id='word_1_38' title='bbox 613 443 745 473; x_wconf 88' lang='lat' dir='ltr'>contra</span> <span class='ocrx_word' id='word_1_39' title='bbox 771 436 1025 484; x_wconf 85' lang='lat' dir='ltr'><strong>putredinem,</strong></span> <span class='ocrx_word' id='word_1_40' title='bbox 1046 434 1296 470; x_wconf 85' lang='lat' dir='ltr'>offerrebatur</span> <span class='ocrx_word' id='word_1_41' title='bbox 1315 446 1373 470; x_wconf 89' lang='lat' dir='ltr'>ce-</span> 
     </span>
     <span class='ocr_line' id='line_1_12' title="bbox 317 487 1373 536; baseline -0.002 -12"><span class='ocrx_word' id='word_1_42' title='bbox 317 487 426 536; x_wconf 82' lang='lat' dir='ltr'>drus,</span> <span class='ocrx_word' id='word_1_43' title='bbox 457 500 556 536; x_wconf 92' lang='lat' dir='ltr'>quae</span> <span class='ocrx_word' id='word_1_44' title='bbox 592 497 647 526; x_wconf 91' lang='lat' dir='ltr'>est</span> <span class='ocrx_word' id='word_1_45' title='bbox 679 490 793 526; x_wconf 89' lang='lat' dir='ltr'>arbor</span> <span class='ocrx_word' id='word_1_46' title='bbox 823 487 1084 536; x_wconf 86' lang='lat' dir='ltr'>imputribilis;</span> <span class='ocrx_word' id='word_1_47' title='bbox 1118 494 1249 523; x_wconf 88' lang='lat' dir='ltr'>contra</span> <span class='ocrx_word' id='word_1_48' title='bbox 1281 487 1373 522; x_wconf 86' lang='lat' dir='ltr'>feto-</span> 
     </span>
     <span class='ocr_line' id='line_1_13' title="bbox 318 539 1374 590; baseline -0.001 -14"><span class='ocrx_word' id='word_1_49' title='bbox 318 552 410 588; x_wconf 87' lang='lat' dir='ltr'>rem,</span> <span class='ocrx_word' id='word_1_50' title='bbox 435 542 636 590; x_wconf 90' lang='lat' dir='ltr'>hyssopus,</span> <span class='ocrx_word' id='word_1_51' title='bbox 661 553 761 590; x_wconf 86' lang='lat' dir='ltr'>quae</span> <span class='ocrx_word' id='word_1_52' title='bbox 788 548 844 577; x_wconf 85' lang='lat' dir='ltr'>est</span> <span class='ocrx_word' id='word_1_53' title='bbox 865 540 984 577; x_wconf 90' lang='lat' dir='ltr'>herba</span> <span class='ocrx_word' id='word_1_54' title='bbox 1004 539 1213 585; x_wconf 86' lang='lat' dir='ltr'>odorifera;</span> <span class='ocrx_word' id='word_1_55' title='bbox 1243 546 1374 575; x_wconf 89' lang='lat' dir='ltr'>contra</span> 
     </span>
     <span class='ocr_line' id='line_1_14' title="bbox 316 591 1374 642; baseline -0.001 -13"><span class='ocrx_word' id='word_1_56' title='bbox 316 593 658 642; x_wconf 69' lang='lat' dir='ltr'>insensibilitatem,</span> <span class='ocrx_word' id='word_1_57' title='bbox 690 605 822 642; x_wconf 86' lang='lat' dir='ltr'>passer</span> <span class='ocrx_word' id='word_1_58' title='bbox 853 592 986 637; x_wconf 86' lang='lat' dir='ltr'>vivus;</span> <span class='ocrx_word' id='word_1_59' title='bbox 1017 600 1146 628; x_wconf 90' lang='lat' dir='ltr'>contra</span> <span class='ocrx_word' id='word_1_60' title='bbox 1178 591 1374 640; x_wconf 87' lang='lat' dir='ltr'>turpitudi—</span> 
     </span>
     <span class='ocr_line' id='line_1_15' title="bbox 317 645 1373 693; baseline -0.003 -10"><span class='ocrx_word' id='word_1_61' title='bbox 317 659 407 683; x_wconf 87' lang='lat' dir='ltr'>nem</span> <span class='ocrx_word' id='word_1_62' title='bbox 435 646 583 692; x_wconf 86' lang='lat' dir='ltr'>coloris,</span> <span class='ocrx_word' id='word_1_63' title='bbox 607 645 850 692; x_wconf 80' lang='lat' dir='ltr'>vermiculus,</span> <span class='ocrx_word' id='word_1_64' title='bbox 876 645 939 693; x_wconf 93' lang='lat' dir='ltr'>qui</span> <span class='ocrx_word' id='word_1_65' title='bbox 967 645 1082 682; x_wconf 89' lang='lat' dir='ltr'>habet</span> <span class='ocrx_word' id='word_1_66' title='bbox 1108 645 1243 682; x_wconf 85' lang='lat' dir='ltr'>vivum</span> <span class='ocrx_word' id='word_1_67' title='bbox 1272 645 1373 680; x_wconf 90' lang='lat' dir='ltr'>colo-</span> 
     </span>
     <span class='ocr_line' id='line_1_16' title="bbox 317 695 1373 736; baseline -0.004 0"><span class='ocrx_word' id='word_1_68' title='bbox 317 711 410 736; x_wconf 90' lang='lat' dir='ltr'>rem.</span> <span class='ocrx_word' id='word_1_69' title='bbox 440 700 577 736; x_wconf 87' lang='lat' dir='ltr'>Passer</span> <span class='ocrx_word' id='word_1_70' title='bbox 605 711 700 736; x_wconf 90' lang='lat' dir='ltr'>vero</span> <span class='ocrx_word' id='word_1_71' title='bbox 731 698 846 735; x_wconf 90' lang='lat' dir='ltr'>vivus</span> <span class='ocrx_word' id='word_1_72' title='bbox 879 698 1033 735; x_wconf 90' lang='lat' dir='ltr'>avolare</span> <span class='ocrx_word' id='word_1_73' title='bbox 1053 698 1318 734; x_wconf 78' lang='lat' dir='ltr'>dimittebatur</span> <span class='ocrx_word' id='word_1_74' title='bbox 1345 695 1373 718; x_wconf 69' lang='grc' dir='ltr'>λλ</span> 
     </span>
     <span class='ocr_line' id='line_1_17' title="bbox 316 749 1372 800; baseline -0.004 -11"><span class='ocrx_word' id='word_1_75' title='bbox 316 752 355 789; x_wconf 91' lang='lat' dir='ltr'>in</span> <span class='ocrx_word' id='word_1_76' title='bbox 389 764 542 800; x_wconf 85' lang='lat' dir='ltr'>agrum:</span> <span class='ocrx_word' id='word_1_77' title='bbox 572 751 661 800; x_wconf 90' lang='lat' dir='ltr'>quia</span> <span class='ocrx_word' id='word_1_78' title='bbox 688 751 860 799; x_wconf 84' lang='lat' dir='ltr'>leprosus</span> <span class='ocrx_word' id='word_1_79' title='bbox 898 751 1160 789; x_wconf 83' lang='lat' dir='ltr'>restituebatur</span> <span class='ocrx_word' id='word_1_80' title='bbox 1194 749 1372 798; x_wconf 86' lang='lat' dir='ltr'>pristinae</span> 
     </span>
     <span class='ocr_line' id='line_1_18' title="bbox 315 805 486 841; baseline 0 0"><span class='ocrx_word' id='word_1_81' title='bbox 315 805 486 841; x_wconf 86' lang='lat' dir='ltr'>libertati.</span> 
     </span>
    </p>

    <p class='ocr_par' dir='ltr' id='par_1_8' title="bbox 314 854 1374 1591">
     <span class='ocr_line' id='line_1_19' title="bbox 369 854 1374 894; baseline -0.002 -1"><span class='ocrx_word' id='word_1_82' title='bbox 369 858 411 894; x_wconf 93' lang='lat' dir='ltr'>In</span> <span class='ocrx_word' id='word_1_83' title='bbox 440 864 577 893; x_wconf 84' lang='lat' dir='ltr'>octavo</span> <span class='ocrx_word' id='word_1_84' title='bbox 605 867 699 892; x_wconf 91' lang='lat' dir='ltr'>vero</span> <span class='ocrx_word' id='word_1_85' title='bbox 720 855 781 893; x_wconf 90' lang='lat' dir='ltr'>die</span> <span class='ocrx_word' id='word_1_86' title='bbox 805 856 1071 894; x_wconf 85' lang='lat' dir='ltr'>admittebatur</span> <span class='ocrx_word' id='word_1_87' title='bbox 1090 855 1138 892; x_wconf 90' lang='lat' dir='ltr'>ad</span> <span class='ocrx_word' id='word_1_88' title='bbox 1159 855 1300 891; x_wconf 88' lang='lat' dir='ltr'>cultum</span> <span class='ocrx_word' id='word_1_89' title='bbox 1321 854 1374 892; x_wconf 90' lang='lat' dir='ltr'>di-</span> 
     </span>
     <span class='ocr_line' id='line_1_20' title="bbox 314 907 1372 956; baseline -0.004 -9"><span class='ocrx_word' id='word_1_90' title='bbox 314 910 461 956; x_wconf 85' lang='lat' dir='ltr'>vinum,</span> <span class='ocrx_word' id='word_1_91' title='bbox 478 917 514 945; x_wconf 91' lang='lat' dir='ltr'>et</span> <span class='ocrx_word' id='word_1_92' title='bbox 527 908 791 946; x_wconf 85' lang='lat' dir='ltr'>restituebatur</span> <span class='ocrx_word' id='word_1_93' title='bbox 805 909 995 946; x_wconf 90' lang='lat' dir='ltr'>consortio</span> <span class='ocrx_word' id='word_1_94' title='bbox 1009 908 1223 947; x_wconf 89' lang='lat' dir='ltr'>hominum.</span> <span class='ocrx_word' id='word_1_95' title='bbox 1242 907 1372 944; x_wconf 90' lang='lat' dir='ltr'>Primo</span> 
     </span>
     <span class='ocr_line' id='line_1_21' title="bbox 315 960 1373 1011; baseline -0.004 -11"><span class='ocrx_word' id='word_1_96' title='bbox 315 970 444 1000; x_wconf 89' lang='lat' dir='ltr'>tamen</span> <span class='ocrx_word' id='word_1_97' title='bbox 463 961 556 1002; x_wconf 86' lang='lat' dir='ltr'>rasis</span> <span class='ocrx_word' id='word_1_98' title='bbox 575 961 659 1010; x_wconf 88' lang='lat' dir='ltr'>pilis</span> <span class='ocrx_word' id='word_1_99' title='bbox 676 961 790 998; x_wconf 90' lang='lat' dir='ltr'>totius</span> <span class='ocrx_word' id='word_1_100' title='bbox 811 962 979 1011; x_wconf 91' lang='lat' dir='ltr'>corporis</span> <span class='ocrx_word' id='word_1_101' title='bbox 999 969 1036 998; x_wconf 88' lang='lat' dir='ltr'>et</span> <span class='ocrx_word' id='word_1_102' title='bbox 1051 960 1304 998; x_wconf 80' lang='lat' dir='ltr'>vestimentis:</span> <span class='ocrx_word' id='word_1_103' title='bbox 1326 972 1373 996; x_wconf 92' lang='lat' dir='ltr'>eo</span> 
     </span>
     <span class='ocr_line' id='line_1_22' title="bbox 315 1013 1374 1064; baseline -0.003 -12"><span class='ocrx_word' id='word_1_104' title='bbox 315 1015 421 1064; x_wconf 82' lang='lat' dir='ltr'>quod</span> <span class='ocrx_word' id='word_1_105' title='bbox 448 1015 553 1064; x_wconf 80' lang='lat' dir='ltr'>lepra</span> <span class='ocrx_word' id='word_1_106' title='bbox 580 1014 677 1063; x_wconf 86' lang='lat' dir='ltr'>pilos</span> <span class='ocrx_word' id='word_1_107' title='bbox 702 1015 877 1062; x_wconf 83' lang='lat' dir='ltr'>corrodit,</span> <span class='ocrx_word' id='word_1_108' title='bbox 898 1022 935 1051; x_wconf 91' lang='lat' dir='ltr'>et</span> <span class='ocrx_word' id='word_1_109' title='bbox 951 1014 1177 1051; x_wconf 87' lang='lat' dir='ltr'>vestimenta</span> <span class='ocrx_word' id='word_1_110' title='bbox 1205 1013 1374 1061; x_wconf 88' lang='lat' dir='ltr'>inquinat</span> 
     </span>
     <span class='ocr_line' id='line_1_23' title="bbox 316 1065 1373 1116; baseline -0.002 -12"><span class='ocrx_word' id='word_1_111' title='bbox 316 1075 354 1104; x_wconf 79' lang='lat' dir='ltr'>et</span> <span class='ocrx_word' id='word_1_112' title='bbox 369 1066 485 1104; x_wconf 75' lang='lat' dir='ltr'>feti&#39;da</span> <span class='ocrx_word' id='word_1_113' title='bbox 507 1067 641 1104; x_wconf 87' lang='lat' dir='ltr'>reddit.</span> <span class='ocrx_word' id='word_1_114' title='bbox 671 1067 719 1104; x_wconf 92' lang='lat' dir='ltr'>Et</span> <span class='ocrx_word' id='word_1_115' title='bbox 746 1067 996 1116; x_wconf 87' lang='lat' dir='ltr'>postmodum</span> <span class='ocrx_word' id='word_1_116' title='bbox 1023 1066 1251 1104; x_wconf 79' lang='lat' dir='ltr'>sacrificium</span> <span class='ocrx_word' id='word_1_117' title='bbox 1280 1065 1373 1102; x_wconf 81' lang='lat' dir='ltr'>offe-</span> 
     </span>
     <span class='ocr_line' id='line_1_24' title="bbox 315 1120 1372 1179; baseline -0.001 -23"><span class='ocrx_word' id='word_1_118' title='bbox 315 1120 467 1157; x_wconf 84' lang='lat' dir='ltr'>rebatur</span> <span class='ocrx_word' id='word_1_119' title='bbox 493 1132 565 1168; x_wconf 91' lang='lat' dir='ltr'>pro</span> <span class='ocrx_word' id='word_1_120' title='bbox 597 1120 733 1157; x_wconf 89' lang='lat' dir='ltr'>delicto</span> <span class='ocrx_word' id='word_1_121' title='bbox 763 1121 864 1157; x_wconf 88' lang='lat' dir='ltr'>eius:</span> <span class='ocrx_word' id='word_1_122' title='bbox 894 1120 982 1169; x_wconf 91' lang='lat' dir='ltr'>quia</span> <span class='ocrx_word' id='word_1_123' title='bbox 1012 1120 1118 1179; x_wconf 78' lang='lat' dir='ltr'>lepra</span> <span class='ocrx_word' id='word_1_124' title='bbox 1146 1120 1372 1168; x_wconf 89' lang='lat' dir='ltr'>plerumque</span> 
     </span>
     <span class='ocr_line' id='line_1_25' title="bbox 315 1172 1373 1222; baseline -0.001 -13"><span class='ocrx_word' id='word_1_125' title='bbox 315 1172 504 1213; x_wconf 85' lang='lat' dir='ltr'>inducitur</span> <span class='ocrx_word' id='word_1_126' title='bbox 530 1185 601 1222; x_wconf 91' lang='lat' dir='ltr'>pro</span> <span class='ocrx_word' id='word_1_127' title='bbox 629 1181 800 1221; x_wconf 86' lang='lat' dir='ltr'>peccato.</span> <span class='ocrx_word' id='word_1_128' title='bbox 829 1175 888 1210; x_wconf 90' lang='lat' dir='ltr'>De</span> <span class='ocrx_word' id='word_1_129' title='bbox 912 1173 1095 1221; x_wconf 85' lang='lat' dir='ltr'>sanguine</span> <span class='ocrx_word' id='word_1_130' title='bbox 1113 1180 1241 1210; x_wconf 89' lang='lat' dir='ltr'>autern</span> <span class='ocrx_word' id='word_1_131' title='bbox 1262 1172 1373 1208; x_wconf 90' lang='lat' dir='ltr'>sacri-</span> 
     </span>
     <span class='ocr_line' id='line_1_26' title="bbox 314 1225 1373 1275; baseline -0.001 -13"><span class='ocrx_word' id='word_1_132' title='bbox 314 1225 392 1263; x_wconf 82' lang='lat' dir='ltr'>ficii</span> <span class='ocrx_word' id='word_1_133' title='bbox 405 1225 631 1275; x_wconf 76' lang='lat' dir='ltr'>tingebatur</span> <span class='ocrx_word' id='word_1_134' title='bbox 659 1234 870 1263; x_wconf 88' lang='lat' dir='ltr'>extremum</span> <span class='ocrx_word' id='word_1_135' title='bbox 895 1226 1084 1263; x_wconf 84' lang='lat' dir='ltr'>auriculae</span> <span class='ocrx_word' id='word_1_136' title='bbox 1104 1225 1184 1264; x_wconf 87' lang='lat' dir='ltr'>eius</span> <span class='ocrx_word' id='word_1_137' title='bbox 1204 1225 1269 1272; x_wconf 91' lang='lat' dir='ltr'>qui</span> <span class='ocrx_word' id='word_1_138' title='bbox 1294 1233 1373 1261; x_wconf 89' lang='lat' dir='ltr'>erat</span> 
     </span>
     <span class='ocr_line' id='line_1_27' title="bbox 316 1277 1372 1338; baseline -0.002 -22"><span class='ocrx_word' id='word_1_139' title='bbox 316 1277 572 1338; x_wconf 80' lang='lat' dir='ltr'>mundandus,</span> <span class='ocrx_word' id='word_1_140' title='bbox 600 1286 636 1315; x_wconf 89' lang='lat' dir='ltr'>et</span> <span class='ocrx_word' id='word_1_141' title='bbox 662 1278 817 1328; x_wconf 91' lang='lat' dir='ltr'>pollices</span> <span class='ocrx_word' id='word_1_142' title='bbox 837 1291 974 1316; x_wconf 89' lang='lat' dir='ltr'>manus</span> <span class='ocrx_word' id='word_1_143' title='bbox 1002 1279 1152 1316; x_wconf 78' lang='lat' dir='ltr'>dextrae</span> <span class='ocrx_word' id='word_1_144' title='bbox 1181 1285 1216 1315; x_wconf 87' lang='lat' dir='ltr'>et</span> <span class='ocrx_word' id='word_1_145' title='bbox 1242 1278 1372 1326; x_wconf 83' lang='lat' dir='ltr'>pedis:</span> 
     </span>
     <span class='ocr_line' id='line_1_28' title="bbox 315 1329 1374 1391; baseline -0.001 -23"><span class='ocrx_word' id='word_1_146' title='bbox 315 1332 405 1381; x_wconf 90' lang='lat' dir='ltr'>quia</span> <span class='ocrx_word' id='word_1_147' title='bbox 423 1332 462 1368; x_wconf 93' lang='lat' dir='ltr'>in</span> <span class='ocrx_word' id='word_1_148' title='bbox 480 1331 557 1368; x_wconf 78' lang='lat' dir='ltr'>istis</span> <span class='ocrx_word' id='word_1_149' title='bbox 583 1331 753 1380; x_wconf 85' lang='lat' dir='ltr'>partibus</span> <span class='ocrx_word' id='word_1_150' title='bbox 779 1332 948 1391; x_wconf 84' lang='lat' dir='ltr'>primum</span> <span class='ocrx_word' id='word_1_151' title='bbox 967 1329 1071 1380; x_wconf 88' lang='lat' dir='ltr'>lepra</span> <span class='ocrx_word' id='word_1_152' title='bbox 1088 1330 1318 1379; x_wconf 87' lang='lat' dir='ltr'>dignoscitur</span> <span class='ocrx_word' id='word_1_153' title='bbox 1338 1338 1374 1367; x_wconf 90' lang='lat' dir='ltr'>et</span> 
     </span>
     <span class='ocr_line' id='line_1_29' title="bbox 316 1383 1374 1433; baseline -0.002 -11"><span class='ocrx_word' id='word_1_154' title='bbox 316 1384 482 1422; x_wconf 80' lang='lat' dir='ltr'>sentitur.</span> <span class='ocrx_word' id='word_1_155' title='bbox 507 1384 797 1421; x_wconf 81' lang='lat' dir='ltr'>Adhibebamur</span> <span class='ocrx_word' id='word_1_156' title='bbox 816 1385 930 1421; x_wconf 84' lang='lat' dir='ltr'>etiarn</span> <span class='ocrx_word' id='word_1_157' title='bbox 950 1385 1038 1421; x_wconf 88' lang='lat' dir='ltr'>huic</span> <span class='ocrx_word' id='word_1_158' title='bbox 1058 1383 1141 1421; x_wconf 85' lang='lat' dir='ltr'>ritui</span> <span class='ocrx_word' id='word_1_159' title='bbox 1159 1391 1234 1420; x_wconf 85' lang='lat' dir='ltr'>tres</span> <span class='ocrx_word' id='word_1_160' title='bbox 1253 1383 1374 1433; x_wconf 84' lang='lat' dir='ltr'>liquo-</span> 
     </span>
     <span class='ocr_line' id='line_1_30' title="bbox 315 1436 1374 1485; baseline -0.001 -11"><span class='ocrx_word' id='word_1_161' title='bbox 315 1449 392 1475; x_wconf 87' lang='lat' dir='ltr'>res:</span> <span class='ocrx_word' id='word_1_162' title='bbox 421 1436 562 1474; x_wconf 86' lang='lat' dir='ltr'>scilicet</span> <span class='ocrx_word' id='word_1_163' title='bbox 587 1437 760 1484; x_wconf 84' lang='lat' dir='ltr'>sanguis,</span> <span class='ocrx_word' id='word_1_164' title='bbox 790 1445 920 1474; x_wconf 86' lang='lat' dir='ltr'>contra</span> <span class='ocrx_word' id='word_1_165' title='bbox 947 1436 1138 1485; x_wconf 85' lang='lat' dir='ltr'>sanguinis</span> <span class='ocrx_word' id='word_1_166' title='bbox 1164 1437 1374 1485; x_wconf 84' lang='lat' dir='ltr'>corruptio-</span> 
     </span>
     <span class='ocr_line' id='line_1_31' title="bbox 315 1489 1373 1538; baseline 0 -12"><span class='ocrx_word' id='word_1_167' title='bbox 315 1502 424 1535; x_wconf 90' lang='lat' dir='ltr'>nem;</span> <span class='ocrx_word' id='word_1_168' title='bbox 449 1490 590 1536; x_wconf 89' lang='lat' dir='ltr'>oleum,</span> <span class='ocrx_word' id='word_1_169' title='bbox 612 1490 660 1526; x_wconf 83' lang='lat' dir='ltr'>ad</span> <span class='ocrx_word' id='word_1_170' title='bbox 681 1489 952 1538; x_wconf 84' lang='lat' dir='ltr'>designandam</span> <span class='ocrx_word' id='word_1_171' title='bbox 971 1489 1206 1527; x_wconf 87' lang='lat' dir='ltr'>sanationem</span> <span class='ocrx_word' id='word_1_172' title='bbox 1226 1490 1373 1536; x_wconf 88' lang='lat' dir='ltr'>morbi;</span> 
     </span>
     <span class='ocr_line' id='line_1_32' title="bbox 315 1541 1191 1591; baseline -0.001 -11"><span class='ocrx_word' id='word_1_173' title='bbox 315 1554 416 1591; x_wconf 87' lang='lat' dir='ltr'>aqua</span> <span class='ocrx_word' id='word_1_174' title='bbox 441 1542 545 1589; x_wconf 86' lang='lat' dir='ltr'>viva,</span> <span class='ocrx_word' id='word_1_175' title='bbox 567 1541 614 1579; x_wconf 92' lang='lat' dir='ltr'>ad</span> <span class='ocrx_word' id='word_1_176' title='bbox 643 1543 935 1580; x_wconf 88' lang='lat' dir='ltr'>emundandum</span> <span class='ocrx_word' id='word_1_177' title='bbox 963 1542 1191 1591; x_wconf 89' lang='lat' dir='ltr'>spurcitiem.</span> 
     </span>
    </p>

    <p class='ocr_par' dir='ltr' id='par_1_9' title="bbox 314 1595 1376 2596">
     <span class='ocr_line' id='line_1_33' title="bbox 366 1595 1375 1644; baseline 0 -12"><span class='ocrx_word' id='word_1_178' title='bbox 366 1595 551 1643; x_wconf 85' lang='lat' dir='ltr'>Figuralis</span> <span class='ocrx_word' id='word_1_179' title='bbox 579 1602 707 1631; x_wconf 86' lang='lat' dir='ltr'>autem</span> <span class='ocrx_word' id='word_1_180' title='bbox 737 1595 830 1632; x_wconf 90' lang='lat' dir='ltr'>ratio</span> <span class='ocrx_word' id='word_1_181' title='bbox 860 1604 940 1634; x_wconf 91' lang='lat' dir='ltr'>erat</span> <span class='ocrx_word' id='word_1_182' title='bbox 967 1595 1057 1644; x_wconf 87' lang='lat' dir='ltr'>quia</span> <span class='ocrx_word' id='word_1_183' title='bbox 1083 1595 1267 1644; x_wconf 73' lang='lat' dir='ltr'>perduos</span> <span class='ocrx_word' id='word_1_184' title='bbox 1290 1607 1375 1644; x_wconf 86' lang='lat' dir='ltr'>pas-</span> 
     </span>
     <span class='ocr_line' id='line_1_34' title="bbox 315 1648 1373 1696; baseline 0 -11"><span class='ocrx_word' id='word_1_185' title='bbox 315 1659 417 1685; x_wconf 87' lang='lat' dir='ltr'>seres</span> <span class='ocrx_word' id='word_1_186' title='bbox 444 1648 702 1696; x_wconf 88' lang='lat' dir='ltr'>significantur</span> <span class='ocrx_word' id='word_1_187' title='bbox 721 1648 896 1686; x_wconf 89' lang='lat' dir='ltr'>divinitas</span> <span class='ocrx_word' id='word_1_188' title='bbox 922 1656 961 1685; x_wconf 92' lang='lat' dir='ltr'>et</span> <span class='ocrx_word' id='word_1_189' title='bbox 983 1648 1199 1686; x_wconf 88' lang='lat' dir='ltr'>humanitas</span> <span class='ocrx_word' id='word_1_190' title='bbox 1223 1648 1373 1685; x_wconf 86' lang='lat' dir='ltr'>Christi.</span> 
     </span>
     <span class='ocr_line' id='line_1_35' title="bbox 316 1701 1374 1748; baseline 0.001 -11"><span class='ocrx_word' id='word_1_191' title='bbox 316 1701 495 1748; x_wconf 88' lang='lat' dir='ltr'>Quorum</span> <span class='ocrx_word' id='word_1_192' title='bbox 522 1713 634 1747; x_wconf 76' lang='lat' dir='ltr'>unuS,</span> <span class='ocrx_word' id='word_1_193' title='bbox 663 1701 802 1738; x_wconf 88' lang='lat' dir='ltr'>scilicet</span> <span class='ocrx_word' id='word_1_194' title='bbox 828 1701 1063 1748; x_wconf 89' lang='lat' dir='ltr'>humanitas,</span> <span class='ocrx_word' id='word_1_195' title='bbox 1093 1701 1311 1739; x_wconf 88' lang='lat' dir='ltr'>immolatur</span> <span class='ocrx_word' id='word_1_196' title='bbox 1335 1701 1374 1738; x_wconf 89' lang='lat' dir='ltr'>in</span> 
     </span>
     <span class='ocr_line' id='line_1_36' title="bbox 314 1753 1374 1803; baseline 0.001 -13"><span class='ocrx_word' id='word_1_197' title='bbox 314 1766 406 1791; x_wconf 87' lang='lat' dir='ltr'>vase</span> <span class='ocrx_word' id='word_1_198' title='bbox 426 1753 529 1790; x_wconf 90' lang='lat' dir='ltr'>fictili</span> <span class='ocrx_word' id='word_1_199' title='bbox 548 1765 662 1802; x_wconf 88' lang='lat' dir='ltr'>super</span> <span class='ocrx_word' id='word_1_200' title='bbox 680 1766 798 1802; x_wconf 90' lang='lat' dir='ltr'>aquas</span> <span class='ocrx_word' id='word_1_201' title='bbox 817 1754 1008 1791; x_wconf 85' lang='lat' dir='ltr'>viventes:</span> <span class='ocrx_word' id='word_1_202' title='bbox 1038 1754 1127 1803; x_wconf 91' lang='lat' dir='ltr'>quia</span> <span class='ocrx_word' id='word_1_203' title='bbox 1145 1766 1214 1803; x_wconf 90' lang='lat' dir='ltr'>per</span> <span class='ocrx_word' id='word_1_204' title='bbox 1231 1754 1374 1802; x_wconf 88' lang='lat' dir='ltr'>passio-</span> 
     </span>
     <span class='ocr_line' id='line_1_37' title="bbox 315 1806 1374 1855; baseline 0 -11"><span class='ocrx_word' id='word_1_205' title='bbox 315 1819 405 1844; x_wconf 86' lang='lat' dir='ltr'>nem</span> <span class='ocrx_word' id='word_1_206' title='bbox 435 1806 572 1843; x_wconf 87' lang='lat' dir='ltr'>Christi</span> <span class='ocrx_word' id='word_1_207' title='bbox 601 1817 724 1854; x_wconf 88' lang='lat' dir='ltr'>aquae</span> <span class='ocrx_word' id='word_1_208' title='bbox 752 1807 928 1855; x_wconf 86' lang='lat' dir='ltr'>baptismi</span> <span class='ocrx_word' id='word_1_209' title='bbox 961 1814 1238 1844; x_wconf 86' lang='lat' dir='ltr'>consecrantur.</span> <span class='ocrx_word' id='word_1_210' title='bbox 1267 1807 1374 1844; x_wconf 90' lang='lat' dir='ltr'>Alius</span> 
     </span>
     <span class='ocr_line' id='line_1_38' title="bbox 316 1859 1374 1908; baseline 0 -12"><span class='ocrx_word' id='word_1_211' title='bbox 316 1867 456 1907; x_wconf 88' lang='lat' dir='ltr'>autem,</span> <span class='ocrx_word' id='word_1_212' title='bbox 486 1859 626 1896; x_wconf 89' lang='lat' dir='ltr'>scilicet</span> <span class='ocrx_word' id='word_1_213' title='bbox 654 1859 894 1908; x_wconf 87' lang='lat' dir='ltr'>impassibilis</span> <span class='ocrx_word' id='word_1_214' title='bbox 915 1859 1101 1906; x_wconf 87' lang='lat' dir='ltr'>divinitas,</span> <span class='ocrx_word' id='word_1_215' title='bbox 1119 1859 1233 1897; x_wconf 85' lang='lat' dir='ltr'>vivus</span> <span class='ocrx_word' id='word_1_216' title='bbox 1252 1872 1374 1897; x_wconf 88' lang='lat' dir='ltr'>rema-</span> 
     </span>
     <span class='ocr_line' id='line_1_39' title="bbox 315 1912 1375 1961; baseline 0.001 -12"><span class='ocrx_word' id='word_1_217' title='bbox 315 1913 450 1949; x_wconf 83' lang='lat' dir='ltr'>nebat:</span> <span class='ocrx_word' id='word_1_218' title='bbox 481 1913 569 1961; x_wconf 88' lang='lat' dir='ltr'>quia</span> <span class='ocrx_word' id='word_1_219' title='bbox 602 1912 777 1950; x_wconf 90' lang='lat' dir='ltr'>divinitas</span> <span class='ocrx_word' id='word_1_220' title='bbox 806 1913 903 1949; x_wconf 91' lang='lat' dir='ltr'>mori</span> <span class='ocrx_word' id='word_1_221' title='bbox 932 1925 1011 1949; x_wconf 91' lang='lat' dir='ltr'>non</span> <span class='ocrx_word' id='word_1_222' title='bbox 1042 1920 1176 1961; x_wconf 87' lang='lat' dir='ltr'>potest.</span> <span class='ocrx_word' id='word_1_223' title='bbox 1199 1913 1310 1951; x_wconf 89' lang='lat' dir='ltr'>Unde</span> <span class='ocrx_word' id='word_1_224' title='bbox 1339 1921 1375 1950; x_wconf 87' lang='lat' dir='ltr'>et</span> 
     </span>
     <span class='ocr_line' id='line_1_40' title="bbox 316 1965 1374 2017; baseline 0 -15"><span class='ocrx_word' id='word_1_225' title='bbox 316 1965 512 2002; x_wconf 87' lang='lat' dir='ltr'>avolabat:</span> <span class='ocrx_word' id='word_1_226' title='bbox 534 1965 622 2013; x_wconf 89' lang='lat' dir='ltr'>quia</span> <span class='ocrx_word' id='word_1_227' title='bbox 650 1965 827 2014; x_wconf 87' lang='lat' dir='ltr'>passione</span> <span class='ocrx_word' id='word_1_228' title='bbox 853 1965 1005 2013; x_wconf 88' lang='lat' dir='ltr'>astringi</span> <span class='ocrx_word' id='word_1_229' title='bbox 1023 1977 1102 2002; x_wconf 90' lang='lat' dir='ltr'>non</span> <span class='ocrx_word' id='word_1_230' title='bbox 1119 1973 1279 2017; x_wconf 87' lang='lat' dir='ltr'>poterat.</span> <span class='ocrx_word' id='word_1_231' title='bbox 1301 1966 1374 2002; x_wconf 90' lang='lat' dir='ltr'>Hic</span> 
     </span>
     <span class='ocr_line' id='line_1_41' title="bbox 317 2018 1375 2067; baseline 0.001 -13"><span class='ocrx_word' id='word_1_232' title='bbox 317 2025 444 2055; x_wconf 89' lang='lat' dir='ltr'>autern</span> <span class='ocrx_word' id='word_1_233' title='bbox 473 2018 746 2067; x_wconf 78' lang='lat' dir='ltr'>passervivus,</span> <span class='ocrx_word' id='word_1_234' title='bbox 777 2018 889 2056; x_wconf 91' lang='lat' dir='ltr'>simul</span> <span class='ocrx_word' id='word_1_235' title='bbox 918 2030 1006 2055; x_wconf 89' lang='lat' dir='ltr'>cum</span> <span class='ocrx_word' id='word_1_236' title='bbox 1025 2018 1126 2067; x_wconf 88' lang='lat' dir='ltr'>ligno</span> <span class='ocrx_word' id='word_1_237' title='bbox 1154 2018 1308 2056; x_wconf 89' lang='lat' dir='ltr'>cedrino</span> <span class='ocrx_word' id='word_1_238' title='bbox 1339 2027 1375 2055; x_wconf 91' lang='lat' dir='ltr'>et</span> 
     </span>
     <span class='ocr_line' id='line_1_42' title="bbox 317 2071 1374 2120; baseline 0 -12"><span class='ocrx_word' id='word_1_239' title='bbox 317 2083 446 2118; x_wconf 85' lang='lat' dir='ltr'>cocco,</span> <span class='ocrx_word' id='word_1_240' title='bbox 462 2071 524 2107; x_wconf 92' lang='lat' dir='ltr'>vel</span> <span class='ocrx_word' id='word_1_241' title='bbox 539 2076 575 2100; x_wconf 75' lang='lat'>¹¹⁴²</span> <span class='ocrx_word' id='word_1_242' title='bbox 588 2071 812 2118; x_wconf 75' lang='lat' dir='ltr'>vermiculo,</span> <span class='ocrx_word' id='word_1_243' title='bbox 834 2079 870 2107; x_wconf 92' lang='lat' dir='ltr'>et</span> <span class='ocrx_word' id='word_1_244' title='bbox 887 2071 1069 2120; x_wconf 88' lang='lat' dir='ltr'>hyssopo,</span> <span class='ocrx_word' id='word_1_245' title='bbox 1084 2071 1182 2108; x_wconf 87' lang='lat' dir='ltr'>idest</span> <span class='ocrx_word' id='word_1_246' title='bbox 1199 2071 1289 2119; x_wconf 83' lang='lat' dir='ltr'>fide,</span> <span class='ocrx_word' id='word_1_247' title='bbox 1307 2084 1374 2120; x_wconf 89' lang='lat' dir='ltr'>spe</span> 
     </span>
     <span class='ocr_line' id='line_1_43' title="bbox 317 2124 1374 2173; baseline 0.002 -13"><span class='ocrx_word' id='word_1_248' title='bbox 317 2131 354 2160; x_wconf 93' lang='lat' dir='ltr'>et</span> <span class='ocrx_word' id='word_1_249' title='bbox 368 2124 530 2171; x_wconf 86' lang='lat' dir='ltr'>caritate,</span> <span class='ocrx_word' id='word_1_250' title='bbox 547 2130 589 2160; x_wconf 90' lang='lat' dir='ltr'>ut</span> <span class='ocrx_word' id='word_1_251' title='bbox 603 2136 717 2172; x_wconf 89' lang='lat' dir='ltr'>supra</span> <span class='ocrx_word' id='word_1_252' title='bbox 734 2124 753 2147; x_wconf 86' lang='grc'>*</span> <span class='ocrx_word' id='word_1_253' title='bbox 771 2124 913 2161; x_wconf 91' lang='lat' dir='ltr'>dictum</span> <span class='ocrx_word' id='word_1_254' title='bbox 930 2131 996 2171; x_wconf 88' lang='lat' dir='ltr'>est,</span> <span class='ocrx_word' id='word_1_255' title='bbox 1012 2124 1167 2161; x_wconf 89' lang='lat' dir='ltr'>mittitur</span> <span class='ocrx_word' id='word_1_256' title='bbox 1181 2124 1220 2162; x_wconf 90' lang='lat' dir='ltr'>in</span> <span class='ocrx_word' id='word_1_257' title='bbox 1234 2135 1374 2173; x_wconf 87' lang='lat' dir='ltr'>aquam</span> 
     </span>
     <span class='ocr_line' id='line_1_44' title="bbox 316 2176 1375 2225; baseline 0 -11"><span class='ocrx_word' id='word_1_258' title='bbox 316 2178 365 2215; x_wconf 90' lang='lat' dir='ltr'>ad</span> <span class='ocrx_word' id='word_1_259' title='bbox 389 2176 689 2225; x_wconf 85' lang='lat' dir='ltr'>aspergendum:</span> <span class='ocrx_word' id='word_1_260' title='bbox 719 2177 808 2225; x_wconf 88' lang='lat' dir='ltr'>quia</span> <span class='ocrx_word' id='word_1_261' title='bbox 827 2177 865 2214; x_wconf 92' lang='lat' dir='ltr'>in</span> <span class='ocrx_word' id='word_1_262' title='bbox 883 2177 961 2214; x_wconf 89' lang='lat' dir='ltr'>fide</span> <span class='ocrx_word' id='word_1_263' title='bbox 980 2177 1053 2214; x_wconf 90' lang='lat' dir='ltr'>Dei</span> <span class='ocrx_word' id='word_1_264' title='bbox 1071 2184 1108 2215; x_wconf 85' lang='lat' dir='ltr'>et</span> <span class='ocrx_word' id='word_1_265' title='bbox 1125 2177 1291 2215; x_wconf 88' lang='lat' dir='ltr'>hominis</span> <span class='ocrx_word' id='word_1_266' title='bbox 1310 2178 1375 2214; x_wconf 88' lang='lat' dir='ltr'>ba·</span> 
     </span>
     <span class='ocr_line' id='line_1_45' title="bbox 316 2230 1375 2279; baseline 0.001 -13"><span class='ocrx_word' id='word_1_267' title='bbox 316 2230 515 2278; x_wconf 82' lang='lat' dir='ltr'>ptizamur.</span> <span class='ocrx_word' id='word_1_268' title='bbox 533 2231 656 2266; x_wconf 90' lang='lat' dir='ltr'>Lavat</span> <span class='ocrx_word' id='word_1_269' title='bbox 669 2237 797 2268; x_wconf 84' lang='lat' dir='ltr'>autem</span> <span class='ocrx_word' id='word_1_270' title='bbox 812 2231 945 2277; x_wconf 90' lang='lat' dir='ltr'>homo,</span> <span class='ocrx_word' id='word_1_271' title='bbox 960 2241 1028 2278; x_wconf 92' lang='lat' dir='ltr'>per</span> <span class='ocrx_word' id='word_1_272' title='bbox 1042 2241 1183 2277; x_wconf 84' lang='lat' dir='ltr'>aquam</span> <span class='ocrx_word' id='word_1_273' title='bbox 1198 2231 1375 2279; x_wconf 85' lang='lat' dir='ltr'>baptismi</span> 
     </span>
     <span class='ocr_line' id='line_1_46' title="bbox 315 2282 1376 2332; baseline 0.001 -13"><span class='ocrx_word' id='word_1_274' title='bbox 315 2284 377 2319; x_wconf 92' lang='lat' dir='ltr'>vel</span> <span class='ocrx_word' id='word_1_275' title='bbox 405 2283 673 2331; x_wconf 89' lang='lat' dir='ltr'>lacrymarum,</span> <span class='ocrx_word' id='word_1_276' title='bbox 694 2282 921 2320; x_wconf 88' lang='lat' dir='ltr'>vestimenta</span> <span class='ocrx_word' id='word_1_277' title='bbox 944 2295 1028 2330; x_wconf 89' lang='lat' dir='ltr'>sua,</span> <span class='ocrx_word' id='word_1_278' title='bbox 1053 2282 1150 2320; x_wconf 85' lang='lat' dir='ltr'>idest</span> <span class='ocrx_word' id='word_1_279' title='bbox 1180 2295 1308 2332; x_wconf 89' lang='lat' dir='ltr'>opera,</span> <span class='ocrx_word' id='word_1_280' title='bbox 1339 2292 1376 2320; x_wconf 91' lang='lat' dir='ltr'>et</span> 
     </span>
     <span class='ocr_line' id='line_1_47' title="bbox 317 2335 1374 2394; baseline 0.001 -22"><span class='ocrx_word' id='word_1_281' title='bbox 317 2347 452 2372; x_wconf 90' lang='lat' dir='ltr'>omnes</span> <span class='ocrx_word' id='word_1_282' title='bbox 479 2335 597 2384; x_wconf 92' lang='lat' dir='ltr'>pilos,</span> <span class='ocrx_word' id='word_1_283' title='bbox 626 2335 722 2372; x_wconf 90' lang='lat' dir='ltr'>idest</span> <span class='ocrx_word' id='word_1_284' title='bbox 754 2335 1011 2394; x_wconf 83' lang='lat' dir='ltr'>cogitationes.</span> <span class='ocrx_word' id='word_1_285' title='bbox 1040 2335 1214 2384; x_wconf 82' lang='lat' dir='ltr'>Tingitur</span> <span class='ocrx_word' id='word_1_286' title='bbox 1245 2344 1374 2374; x_wconf 89' lang='lat' dir='ltr'>autem</span> 
     </span>
     <span class='ocr_line' id='line_1_48' title="bbox 318 2388 1375 2448; baseline 0.001 -23"><span class='ocrx_word' id='word_1_287' title='bbox 318 2395 529 2425; x_wconf 85' lang='lat' dir='ltr'>extremum</span> <span class='ocrx_word' id='word_1_288' title='bbox 549 2388 748 2425; x_wconf 84' lang='lat' dir='ltr'>auriculae</span> <span class='ocrx_word' id='word_1_289' title='bbox 753 2388 904 2425; x_wconf 83' lang='lat' dir='ltr'>dextrae</span> <span class='ocrx_word' id='word_1_290' title='bbox 920 2389 1000 2425; x_wconf 91' lang='lat' dir='ltr'>eius</span> <span class='ocrx_word' id='word_1_291' title='bbox 1014 2388 1080 2436; x_wconf 94' lang='lat' dir='ltr'>qui</span> <span class='ocrx_word' id='word_1_292' title='bbox 1094 2388 1311 2448; x_wconf 76' lang='lat' dir='ltr'>mundatur,</span> <span class='ocrx_word' id='word_1_293' title='bbox 1325 2390 1375 2427; x_wconf 88' lang='lat' dir='ltr'>de</span> 
     </span>
     <span class='ocr_line' id='line_1_49' title="bbox 317 2436 1375 2489; baseline 0.002 -12"><span class='ocrx_word' id='word_1_294' title='bbox 317 2441 498 2489; x_wconf 81' lang='lat' dir='ltr'>sanguine</span> <span class='ocrx_word' id='word_1_295' title='bbox 515 2436 552 2477; x_wconf 87' lang='lat' dir='ltr'>et</span> <span class='ocrx_word' id='word_1_296' title='bbox 567 2441 614 2478; x_wconf 92' lang='lat' dir='ltr'>de</span> <span class='ocrx_word' id='word_1_297' title='bbox 629 2441 728 2488; x_wconf 87' lang='lat' dir='ltr'>oleo,</span> <span class='ocrx_word' id='word_1_298' title='bbox 743 2449 785 2478; x_wconf 92' lang='lat' dir='ltr'>ut</span> <span class='ocrx_word' id='word_1_299' title='bbox 799 2442 878 2478; x_wconf 90' lang='lat' dir='ltr'>eius</span> <span class='ocrx_word' id='word_1_300' title='bbox 893 2441 1064 2479; x_wconf 83' lang='lat' dir='ltr'>auditum</span> <span class='ocrx_word' id='word_1_301' title='bbox 1085 2441 1231 2479; x_wconf 86' lang='lat' dir='ltr'>muniat</span> <span class='ocrx_word' id='word_1_302' title='bbox 1245 2450 1375 2479; x_wconf 89' lang='lat' dir='ltr'>contra</span> 
     </span>
     <span class='ocr_line' id='line_1_50' title="bbox 318 2493 1374 2554; baseline 0.001 -23"><span class='ocrx_word' id='word_1_303' title='bbox 318 2493 601 2553; x_wconf 82' lang='lat' dir='ltr'>corrumpentia</span> <span class='ocrx_word' id='word_1_304' title='bbox 610 2494 749 2531; x_wconf 89' lang='lat' dir='ltr'>verba.</span> <span class='ocrx_word' id='word_1_305' title='bbox 765 2494 919 2554; x_wconf 88' lang='lat' dir='ltr'>pollices</span> <span class='ocrx_word' id='word_1_306' title='bbox 935 2502 1063 2531; x_wconf 90' lang='lat' dir='ltr'>autem</span> <span class='ocrx_word' id='word_1_307' title='bbox 1074 2505 1210 2531; x_wconf 84' lang='lat' dir='ltr'>manus</span> <span class='ocrx_word' id='word_1_308' title='bbox 1222 2495 1374 2533; x_wconf 86' lang='lat' dir='ltr'>dextrae</span> 
     </span>
     <span class='ocr_line' id='line_1_51' title="bbox 319 2547 1256 2596; baseline 0.001 -12"><span class='ocrx_word' id='word_1_309' title='bbox 319 2555 355 2584; x_wconf 83' lang='lat' dir='ltr'>et</span> <span class='ocrx_word' id='word_1_310' title='bbox 381 2547 489 2596; x_wconf 87' lang='lat' dir='ltr'>pedis</span> <span class='ocrx_word' id='word_1_311' title='bbox 516 2547 720 2594; x_wconf 86' lang='lat' dir='ltr'>tinguntur,</span> <span class='ocrx_word' id='word_1_312' title='bbox 739 2555 781 2583; x_wconf 92' lang='lat' dir='ltr'>ut</span> <span class='ocrx_word' id='word_1_313' title='bbox 809 2547 854 2583; x_wconf 89' lang='lat' dir='ltr'>sit</span> <span class='ocrx_word' id='word_1_314' title='bbox 883 2547 962 2583; x_wconf 90' lang='lat' dir='ltr'>eius</span> <span class='ocrx_word' id='word_1_315' title='bbox 990 2547 1088 2584; x_wconf 84' lang='lat' dir='ltr'>actio</span> <span class='ocrx_word' id='word_1_316' title='bbox 1116 2554 1256 2585; x_wconf 86' lang='lat' dir='ltr'>sancta.</span> 
     </span>
    </p>

    <p class='ocr_par' dir='ltr' id='par_1_10' title="bbox 317 2599 1377 2805">
     <span class='ocr_line' id='line_1_52' title="bbox 370 2599 1377 2650; baseline 0.003 -14"><span class='ocrx_word' id='word_1_317' title='bbox 370 2599 455 2637; x_wconf 85' lang='lat' dir='ltr'>Alia</span> <span class='ocrx_word' id='word_1_318' title='bbox 479 2611 574 2637; x_wconf 87' lang='lat' dir='ltr'>vero</span> <span class='ocrx_word' id='word_1_319' title='bbox 604 2611 703 2647; x_wconf 88' lang='lat' dir='ltr'>quae</span> <span class='ocrx_word' id='word_1_320' title='bbox 731 2600 781 2636; x_wconf 90' lang='lat' dir='ltr'>ad</span> <span class='ocrx_word' id='word_1_321' title='bbox 808 2601 908 2636; x_wconf 87' lang='lat' dir='ltr'>hanc</span> <span class='ocrx_word' id='word_1_322' title='bbox 935 2600 1238 2648; x_wconf 85' lang='lat' dir='ltr'>purificationem</span> <span class='ocrx_word' id='word_1_323' title='bbox 1265 2602 1377 2650; x_wconf 90' lang='lat' dir='ltr'>perti—</span> 
     </span>
     <span class='ocr_line' id='line_1_53' title="bbox 318 2652 1375 2700; baseline 0.004 -12"><span class='ocrx_word' id='word_1_324' title='bbox 318 2659 419 2697; x_wconf 84' lang='lat' dir='ltr'>nent,</span> <span class='ocrx_word' id='word_1_325' title='bbox 447 2653 511 2689; x_wconf 90' lang='lat' dir='ltr'>vel</span> <span class='ocrx_word' id='word_1_326' title='bbox 532 2652 644 2688; x_wconf 87' lang='lat' dir='ltr'>etiam</span> <span class='ocrx_word' id='word_1_327' title='bbox 665 2652 822 2691; x_wconf 77' lang='lat' dir='ltr'>aliarum</span> <span class='ocrx_word' id='word_1_328' title='bbox 843 2653 1186 2700; x_wconf 82' lang='lat' dir='ltr'>immunditiarum,</span> <span class='ocrx_word' id='word_1_329' title='bbox 1212 2665 1291 2691; x_wconf 90' lang='lat' dir='ltr'>non</span> <span class='ocrx_word' id='word_1_330' title='bbox 1309 2656 1375 2692; x_wconf 88' lang='lat' dir='ltr'>ha·</span> 
     </span>
     <span class='ocr_line' id='line_1_54' title="bbox 318 2682 1375 2777; baseline 0.004 -37"><span class='ocrx_word' id='word_1_331' title='bbox 318 2705 410 2741; x_wconf 87' lang='lat' dir='ltr'>bent</span> <span class='ocrx_word' id='word_1_332' title='bbox 440 2704 580 2752; x_wconf 91' lang='lat' dir='ltr'>aliquid</span> <span class='ocrx_word' id='word_1_333' title='bbox 609 2704 774 2752; x_wconf 88' lang='lat' dir='ltr'>speciale</span> <span class='ocrx_word' id='word_1_334' title='bbox 806 2713 955 2754; x_wconf 87' lang='lat' dir='ltr'>praeter</span> <span class='ocrx_word' id='word_1_335' title='bbox 988 2705 1059 2743; x_wconf 90' lang='lat' dir='ltr'>alia</span> <span class='ocrx_word' id='word_1_336' title='bbox 1092 2682 1273 2777; x_wconf 80' lang='lat' dir='ltr'>sacrificia</span> <span class='ocrx_word' id='word_1_337' title='bbox 1304 2720 1375 2756; x_wconf 90' lang='lat' dir='ltr'>pro</span> 
     </span>
     <span class='ocr_line' id='line_1_55' title="bbox 317 2756 850 2805; baseline 0.004 -12"><span class='ocrx_word' id='word_1_338' title='bbox 317 2756 482 2805; x_wconf 86' lang='lat' dir='ltr'>peccatis</span> <span class='ocrx_word' id='word_1_339' title='bbox 504 2757 567 2794; x_wconf 89' lang='lat' dir='ltr'>vel</span> <span class='ocrx_word' id='word_1_340' title='bbox 595 2769 666 2805; x_wconf 88' lang='lat' dir='ltr'>pro</span> <span class='ocrx_word' id='word_1_341' title='bbox 695 2757 850 2796; x_wconf 87' lang='lat' dir='ltr'>delictis.</span> 
     </span>
    </p>

    <p class='ocr_par' dir='ltr' id='par_1_11' title="bbox 318 2811 1381 3283">
     <span class='ocr_line' id='line_1_56' title="bbox 370 2811 1378 2860; baseline 0.004 -14"><span class='ocrx_word' id='word_1_342' title='bbox 370 2811 430 2846; x_wconf 84' lang='lat' dir='ltr'>An</span> <span class='ocrx_word' id='word_1_343' title='bbox 459 2821 631 2846; x_wconf 72' lang='lat' dir='ltr'>ocrAvun</span> <span class='ocrx_word' id='word_1_344' title='bbox 659 2821 706 2846; x_wconf 81' lang='lat' dir='ltr'>ET</span> <span class='ocrx_word' id='word_1_345' title='bbox 731 2821 859 2847; x_wconf 71' lang='lat' dir='ltr'>nonum</span> <span class='ocrx_word' id='word_1_346' title='bbox 879 2815 903 2832; x_wconf 64' lang='grc' dir='ltr'>’Ν</span> <span class='ocrx_word' id='word_1_347' title='bbox 931 2821 1114 2849; x_wconf 66' lang='lat' dir='ltr'>memnon</span> <span class='ocrx_word' id='word_1_348' title='bbox 1137 2812 1254 2860; x_wconf 84' lang='lat' dir='ltr'>quod,</span> <span class='ocrx_word' id='word_1_349' title='bbox 1283 2813 1378 2850; x_wconf 84' lang='lat' dir='ltr'>sicut</span> 
     </span>
     <span class='ocr_line' id='line_1_57' title="bbox 318 2862 1378 2913; baseline 0.005 -15"><span class='ocrx_word' id='word_1_350' title='bbox 318 2863 484 2911; x_wconf 87' lang='lat' dir='ltr'>populus</span> <span class='ocrx_word' id='word_1_351' title='bbox 512 2862 773 2899; x_wconf 87' lang='lat' dir='ltr'>instituebatur</span> <span class='ocrx_word' id='word_1_352' title='bbox 800 2863 849 2900; x_wconf 90' lang='lat' dir='ltr'>ad</span> <span class='ocrx_word' id='word_1_353' title='bbox 878 2864 1019 2900; x_wconf 89' lang='lat' dir='ltr'>cultum</span> <span class='ocrx_word' id='word_1_354' title='bbox 1040 2863 1112 2900; x_wconf 90' lang='lat' dir='ltr'>Dei</span> <span class='ocrx_word' id='word_1_355' title='bbox 1131 2876 1200 2913; x_wconf 88' lang='lat' dir='ltr'>per</span> <span class='ocrx_word' id='word_1_356' title='bbox 1219 2865 1378 2903; x_wconf 82' lang='lat' dir='ltr'>circum-</span> 
     </span>
     <span class='ocr_line' id='line_1_58' title="bbox 319 2914 1378 2967; baseline 0.004 -16"><span class='ocrx_word' id='word_1_357' title='bbox 319 2914 516 2962; x_wconf 86' lang='lat' dir='ltr'>cisionem,</span> <span class='ocrx_word' id='word_1_358' title='bbox 544 2915 595 2951; x_wconf 89' lang='lat' dir='ltr'>ita</span> <span class='ocrx_word' id='word_1_359' title='bbox 622 2915 781 2954; x_wconf 82' lang='lat' dir='ltr'>ministri</span> <span class='ocrx_word' id='word_1_360' title='bbox 806 2928 876 2964; x_wconf 90' lang='lat' dir='ltr'>per</span> <span class='ocrx_word' id='word_1_361' title='bbox 900 2916 1067 2965; x_wconf 86' lang='lat' dir='ltr'>aliquam</span> <span class='ocrx_word' id='word_1_362' title='bbox 1079 2917 1290 2966; x_wconf 44' lang='lat' dir='ltr'>*specialem</span> <span class='ocrx_word' id='word_1_363' title='bbox 1310 2931 1378 2967; x_wconf 89' lang='lat' dir='ltr'>pu-</span> 
     </span>
     <span class='ocr_line' id='line_1_59' title="bbox 318 2967 1379 3020; baseline 0.005 -17"><span class='ocrx_word' id='word_1_364' title='bbox 318 2967 568 3005; x_wconf 86' lang='lat' dir='ltr'>rificationem</span> <span class='ocrx_word' id='word_1_365' title='bbox 595 2968 657 3005; x_wconf 91' lang='lat' dir='ltr'>vel</span> <span class='ocrx_word' id='word_1_366' title='bbox 685 2969 1032 3006; x_wconf 82' lang='lat' dir='ltr'>consecrationem:</span> <span class='ocrx_word' id='word_1_367' title='bbox 1066 2969 1168 3006; x_wconf 88' lang='lat' dir='ltr'>unde</span> <span class='ocrx_word' id='word_1_368' title='bbox 1202 2979 1239 3008; x_wconf 89' lang='lat' dir='ltr'>et</span> <span class='ocrx_word' id='word_1_369' title='bbox 1272 2982 1379 3020; x_wconf 86' lang='lat' dir='ltr'>sepa-</span> 
     </span>
     <span class='ocr_line' id='line_1_60' title="bbox 319 3020 1379 3071; baseline 0.004 -15"><span class='ocrx_word' id='word_1_370' title='bbox 319 3020 391 3057; x_wconf 88' lang='lat' dir='ltr'>rari</span> <span class='ocrx_word' id='word_1_371' title='bbox 424 3021 472 3058; x_wconf 87' lang='lat' dir='ltr'>ab</span> <span class='ocrx_word' id='word_1_372' title='bbox 507 3020 586 3057; x_wconf 89' lang='lat' dir='ltr'>aliis</span> <span class='ocrx_word' id='word_1_373' title='bbox 617 3020 916 3069; x_wconf 83' lang='lat' dir='ltr'>praecipiuntur,</span> <span class='ocrx_word' id='word_1_374' title='bbox 944 3021 1053 3070; x_wconf 82' lang='lat' dir='ltr'>quasi</span> <span class='ocrx_word' id='word_1_375' title='bbox 1085 3022 1296 3071; x_wconf 81' lang='lat' dir='ltr'>specialiter</span> <span class='ocrx_word' id='word_1_376' title='bbox 1330 3025 1379 3060; x_wconf 83' lang='lat' dir='ltr'>ad</span> 
     </span>
     <span class='ocr_line' id='line_1_61' title="bbox 319 3073 1380 3124; baseline 0.003 -14"><span class='ocrx_word' id='word_1_377' title='bbox 319 3073 568 3111; x_wconf 87' lang='lat' dir='ltr'>ministerium</span> <span class='ocrx_word' id='word_1_378' title='bbox 598 3074 718 3110; x_wconf 90' lang='lat' dir='ltr'>cultus</span> <span class='ocrx_word' id='word_1_379' title='bbox 747 3073 864 3111; x_wconf 89' lang='lat' dir='ltr'>divini</span> <span class='ocrx_word' id='word_1_380' title='bbox 890 3085 983 3122; x_wconf 85' lang='lat' dir='ltr'>prae</span> <span class='ocrx_word' id='word_1_381' title='bbox 1011 3074 1090 3111; x_wconf 84' lang='lat' dir='ltr'>aliis</span> <span class='ocrx_word' id='word_1_382' title='bbox 1117 3075 1296 3124; x_wconf 85' lang='lat' dir='ltr'>deputati.</span> <span class='ocrx_word' id='word_1_383' title='bbox 1331 3077 1380 3113; x_wconf 90' lang='lat' dir='ltr'>Et</span> 
     </span>
     <span class='ocr_line' id='line_1_62' title="bbox 318 3126 1380 3175; baseline 0.004 -13"><span class='ocrx_word' id='word_1_384' title='bbox 318 3133 440 3163; x_wconf 86' lang='lat' dir='ltr'>totum</span> <span class='ocrx_word' id='word_1_385' title='bbox 469 3126 573 3175; x_wconf 91' lang='lat' dir='ltr'>quod</span> <span class='ocrx_word' id='word_1_386' title='bbox 601 3126 700 3163; x_wconf 87' lang='lat' dir='ltr'>circa</span> <span class='ocrx_word' id='word_1_387' title='bbox 728 3138 796 3163; x_wconf 88' lang='lat' dir='ltr'>eos</span> <span class='ocrx_word' id='word_1_388' title='bbox 822 3126 941 3163; x_wconf 87' lang='lat' dir='ltr'>fiebat</span> <span class='ocrx_word' id='word_1_389' title='bbox 966 3126 1005 3163; x_wconf 88' lang='lat' dir='ltr'>in</span> <span class='ocrx_word' id='word_1_390' title='bbox 1026 3138 1163 3165; x_wconf 85' lang='lat' dir='ltr'>eorum</span> <span class='ocrx_word' id='word_1_391' title='bbox 1184 3140 1380 3166; x_wconf 87' lang='lat' dir='ltr'>consecra-</span> 
     </span>
     <span class='ocr_line' id='line_1_63' title="bbox 318 3179 1381 3228; baseline 0.003 -12"><span class='ocrx_word' id='word_1_392' title='bbox 318 3179 418 3216; x_wconf 89' lang='lat' dir='ltr'>tione</span> <span class='ocrx_word' id='word_1_393' title='bbox 437 3180 499 3217; x_wconf 87' lang='lat' dir='ltr'>vel</span> <span class='ocrx_word' id='word_1_394' title='bbox 528 3179 773 3223; x_wconf 85' lang='lat' dir='ltr'>institutione,</span> <span class='ocrx_word' id='word_1_395' title='bbox 793 3179 843 3219; x_wconf 83' lang='lat' dir='ltr'>ad</span> <span class='ocrx_word' id='word_1_396' title='bbox 865 3180 940 3216; x_wconf 90' lang='lat' dir='ltr'>hoc</span> <span class='ocrx_word' id='word_1_397' title='bbox 959 3179 1234 3228; x_wconf 82' lang='lat' dir='ltr'>pertinebatut</span> <span class='ocrx_word' id='word_1_398' title='bbox 1255 3189 1381 3219; x_wconf 84' lang='lat' dir='ltr'>osten-</span> 
     </span>
     <span class='ocr_line' id='line_1_64' title="bbox 319 3231 1381 3283; baseline 0.003 -15"><span class='ocrx_word' id='word_1_399' title='bbox 319 3231 471 3268; x_wconf 85' lang='lat' dir='ltr'>deretur</span> <span class='ocrx_word' id='word_1_400' title='bbox 498 3244 565 3269; x_wconf 89' lang='lat' dir='ltr'>eos</span> <span class='ocrx_word' id='word_1_401' title='bbox 584 3233 726 3269; x_wconf 86' lang='lat' dir='ltr'>habere</span> <span class='ocrx_word' id='word_1_402' title='bbox 746 3233 941 3280; x_wconf 85' lang='lat' dir='ltr'>quandam</span> <span class='ocrx_word' id='word_1_403' title='bbox 960 3232 1266 3280; x_wconf 82' lang='lat' dir='ltr'>praerogativam</span> <span class='ocrx_word' id='word_1_404' title='bbox 1280 3235 1381 3283; x_wconf 85' lang='lat' dir='ltr'>puri-</span> 
     </span>
    </p>
   </div>
   <div class='ocr_carea' id='block_1_8' title="bbox 369 3336 1377 3406">
    <p class='ocr_par' dir='ltr' id='par_1_12' title="bbox 369 3336 1377 3406">
     <span class='ocr_line' id='line_1_65' title="bbox 369 3336 1377 3406; baseline 0.002 -10"><span class='ocrx_word' id='word_1_405' title='bbox 369 3336 416 3403; x_wconf 43' lang='grc' dir='ltr'>ἔρ)</span> <span class='ocrx_word' id='word_1_406' title='bbox 433 3337 776 3397; x_wconf 52' lang='lat' dir='ltr'>{ZolarSrZ}m1{nebatm-,.</span> <span class='ocrx_word' id='word_1_407' title='bbox 793 3373 920 3397; x_wconf 81' lang='lat' dir='ltr'>advolare</span> <span class='ocrx_word' id='word_1_408' title='bbox 937 3372 1131 3397; x_wconf 80' lang='lat' dir='ltr'>admittebatur</span> <span class='ocrx_word' id='word_1_409' title='bbox 1156 3373 1377 3406; x_wconf 80' lang='lat' dir='ltr'>PABCDGLpEH</span> 
     </span>
    </p>
   </div>
   <div class='ocr_carea' id='block_1_9' title="bbox 318 3407 1379 3467">
    <p class='ocr_par' dir='ltr' id='par_1_13' title="bbox 318 3407 1379 3467">
     <span class='ocr_line' id='line_1_66' title="bbox 318 3407 1379 3467; baseline 0.003 -36"><span class='ocrx_word' id='word_1_410' title='bbox 318 3410 345 3464; x_wconf 58' lang='lat' dir='ltr'>gt</span> <span class='ocrx_word' id='word_1_411' title='bbox 362 3413 387 3435; x_wconf 83' lang='lat' dir='ltr'>a,</span> <span class='ocrx_word' id='word_1_412' title='bbox 406 3407 515 3467; x_wconf 44' lang='lat' dir='ltr'>uigilare</span> <span class='ocrx_word' id='word_1_413' title='bbox 533 3408 747 3438; x_wconf 78' lang='lat' dir='ltr'>amittebaturl,</span> <span class='ocrx_word' id='word_1_414' title='bbox 768 3408 858 3432; x_wconf 74' lang='lat' dir='ltr'>volare</span> <span class='ocrx_word' id='word_1_415' title='bbox 877 3408 1032 3432; x_wconf 77' lang='lat' dir='ltr'>mittebatur</span> <span class='ocrx_word' id='word_1_416' title='bbox 1051 3408 1085 3438; x_wconf 83' lang='lat' dir='ltr'>K,</span> <span class='ocrx_word' id='word_1_417' title='bbox 1109 3409 1237 3434; x_wconf 80' lang='lat' dir='ltr'>advolare</span> <span class='ocrx_word' id='word_1_418' title='bbox 1262 3409 1379 3434; x_wconf 77' lang='lat' dir='ltr'>dimitte-</span> 
     </span>
     <span class='ocr_line' id='line_1_67' title="bbox 334 3444 428 3466; baseline 0.011 -1"><span class='ocrx_word' id='word_1_419' title='bbox 334 3444 398 3466; x_wconf 75' lang='lat' dir='ltr'>atur</span> <span class='ocrx_word' id='word_1_420' title='bbox 416 3449 428 3466; x_wconf 84' lang='lat' dir='ltr'>s</span> 
     </span>
    </p>
   </div>
   <div class='ocr_carea' id='block_1_10' title="bbox 373 3459 1409 3511">
    <p class='ocr_par' dir='ltr' id='par_1_14' title="bbox 373 3459 1409 3511">
     <span class='ocr_line' id='line_1_68' title="bbox 373 3459 1409 3511; baseline 0.005 -10"><span class='ocrx_word' id='word_1_421' title='bbox 373 3476 420 3510; x_wconf 74' lang='grc' dir='ltr'>μμ)</span> <span class='ocrx_word' id='word_1_422' title='bbox 440 3477 488 3502; x_wconf 71' lang='grc' dir='ltr'><em>νει.</em></span> <span class='ocrx_word' id='word_1_423' title='bbox 507 3491 526 3496; x_wconf 93' lang='grc'>-</span> <span class='ocrx_word' id='word_1_424' title='bbox 546 3478 605 3502; x_wconf 86' lang='lat' dir='ltr'>0m.</span> <span class='ocrx_word' id='word_1_425' title='bbox 626 3478 653 3502; x_wconf 83' lang='lat' dir='ltr'>P.</span> <span class='ocrx_word' id='word_1_426' title='bbox 1406 3459 1409 3511; x_wconf 74' lang='lat' dir='ltr'>l</span> 
     </span>
    </p>
   </div>
   <div class='ocr_carea' id='block_1_11' title="bbox 1422 147 1782 185">
    <p class='ocr_par' dir='ltr' id='par_1_15' title="bbox 1422 147 1782 185">
     <span class='ocr_line' id='line_1_69' title="bbox 1422 147 1782 185; baseline 0.006 -2"><span class='ocrx_word' id='word_1_427' title='bbox 1422 147 1718 185; x_wconf 88' lang='lat' dir='ltr'>ARTICULUS</span> <span class='ocrx_word' id='word_1_428' title='bbox 1746 149 1782 185; x_wconf 89' lang='lat' dir='ltr'><strong>V</strong></span> 
     </span>
    </p>
   </div>
   <div class='ocr_carea' id='block_1_12' title="bbox 1426 226 2486 1169">
    <p class='ocr_par' dir='ltr' id='par_1_16' title="bbox 1427 226 2486 434">
     <span class='ocr_line' id='line_1_70' title="bbox 1427 226 2485 276; baseline 0.005 -13"><span class='ocrx_word' id='word_1_429' title='bbox 1427 227 1510 263; x_wconf 88' lang='lat' dir='ltr'>tatis</span> <span class='ocrx_word' id='word_1_430' title='bbox 1526 235 1562 263; x_wconf 91' lang='lat' dir='ltr'>et</span> <span class='ocrx_word' id='word_1_431' title='bbox 1575 227 1721 264; x_wconf 91' lang='lat' dir='ltr'>virtutis</span> <span class='ocrx_word' id='word_1_432' title='bbox 1736 226 1760 252; x_wconf 62' lang='grc' dir='ltr'>ἕξ</span> <span class='ocrx_word' id='word_1_433' title='bbox 1777 235 1813 265; x_wconf 90' lang='lat' dir='ltr'>et</span> <span class='ocrx_word' id='word_1_434' title='bbox 1828 228 2024 276; x_wconf 86' lang='lat' dir='ltr'>dignitatis.</span> <span class='ocrx_word' id='word_1_435' title='bbox 2036 229 2085 266; x_wconf 91' lang='lat' dir='ltr'>Et</span> <span class='ocrx_word' id='word_1_436' title='bbox 2099 229 2185 266; x_wconf 90' lang='lat' dir='ltr'>ideo</span> <span class='ocrx_word' id='word_1_437' title='bbox 2201 229 2239 266; x_wconf 91' lang='lat' dir='ltr'>in</span> <span class='ocrx_word' id='word_1_438' title='bbox 2255 229 2485 269; x_wconf 89' lang='lat' dir='ltr'>institutione</span> 
     </span>
     <span class='ocr_line' id='line_1_71' title="bbox 1428 279 2486 331; baseline 0.005 -16"><span class='ocrx_word' id='word_1_439' title='bbox 1428 279 1686 317; x_wconf 89' lang='lat' dir='ltr'>ministrorum</span> <span class='ocrx_word' id='word_1_440' title='bbox 1702 281 1770 318; x_wconf 88' lang='lat' dir='ltr'>tria</span> <span class='ocrx_word' id='word_1_441' title='bbox 1789 282 1947 318; x_wconf 88' lang='lat' dir='ltr'>fiebant:</span> <span class='ocrx_word' id='word_1_442' title='bbox 1967 282 2091 330; x_wconf 88' lang='lat' dir='ltr'>primo</span> <span class='ocrx_word' id='word_1_443' title='bbox 2108 282 2220 330; x_wconf 86' lang='lat' dir='ltr'>enim,</span> <span class='ocrx_word' id='word_1_444' title='bbox 2232 283 2486 331; x_wconf 91' lang='lat' dir='ltr'>purificaban-</span> 
     </span>
     <span class='ocr_line' id='line_1_72' title="bbox 1427 334 2484 383; baseline 0.006 -16"><span class='ocrx_word' id='word_1_445' title='bbox 1427 339 1505 376; x_wconf 85' lang='lat' dir='ltr'>tur;</span> <span class='ocrx_word' id='word_1_446' title='bbox 1535 334 1717 380; x_wconf 84' lang='lat' dir='ltr'>secundo,</span> <span class='ocrx_word' id='word_1_447' title='bbox 1749 335 1981 372; x_wconf 83' lang='lat' dir='ltr'>ornabantur</span> <span class='ocrx_word' id='word_1_448' title='bbox 2008 340 2036 356; x_wconf 80' lang='lat'>⁰⁰</span> <span class='ocrx_word' id='word_1_449' title='bbox 2074 342 2110 371; x_wconf 90' lang='lat' dir='ltr'>et</span> <span class='ocrx_word' id='word_1_450' title='bbox 2145 336 2484 383; x_wconf 86' lang='lat' dir='ltr'>consecrabantur;</span> 
     </span>
     <span class='ocr_line' id='line_1_73' title="bbox 1428 384 2311 434; baseline 0.007 -15"><span class='ocrx_word' id='word_1_451' title='bbox 1428 384 1547 430; x_wconf 84' lang='lat' dir='ltr'>tertio,</span> <span class='ocrx_word' id='word_1_452' title='bbox 1578 386 1862 434; x_wconf 86' lang='lat' dir='ltr'>applicabantur</span> <span class='ocrx_word' id='word_1_453' title='bbox 1889 388 1938 424; x_wconf 92' lang='lat' dir='ltr'>ad</span> <span class='ocrx_word' id='word_1_454' title='bbox 1964 399 2078 424; x_wconf 89' lang='lat' dir='ltr'>usum</span> <span class='ocrx_word' id='word_1_455' title='bbox 2105 388 2311 425; x_wconf 88' lang='lat' dir='ltr'>ministerii.</span> 
     </span>
    </p>

    <p class='ocr_par' dir='ltr' id='par_1_17' title="bbox 1429 437 2486 634">
     <span class='ocr_line' id='line_1_74' title="bbox 1479 437 2486 490; baseline 0.007 -19"><span class='ocrx_word' id='word_1_456' title='bbox 1479 437 1779 475; x_wconf 88' lang='lat' dir='ltr'>Purificabantur</span> <span class='ocrx_word' id='word_1_457' title='bbox 1807 439 1961 487; x_wconf 88' lang='lat' dir='ltr'>quidem</span> <span class='ocrx_word' id='word_1_458' title='bbox 1990 441 2244 478; x_wconf 88' lang='lat' dir='ltr'>communiter</span> <span class='ocrx_word' id='word_1_459' title='bbox 2263 453 2398 478; x_wconf 91' lang='lat' dir='ltr'>omnes</span> <span class='ocrx_word' id='word_1_460' title='bbox 2417 453 2486 490; x_wconf 87' lang='lat' dir='ltr'>per</span> 
     </span>
     <span class='ocr_line' id='line_1_75' title="bbox 1429 488 2484 553; baseline 0.008 -30"><span class='ocrx_word' id='word_1_461' title='bbox 1429 488 1660 526; x_wconf 88' lang='lat' dir='ltr'>ablutionem</span> <span class='ocrx_word' id='word_1_462' title='bbox 1676 503 1808 539; x_wconf 89' lang='lat' dir='ltr'>aquae,</span> <span class='ocrx_word' id='word_1_463' title='bbox 1827 500 1862 528; x_wconf 92' lang='lat' dir='ltr'>et</span> <span class='ocrx_word' id='word_1_464' title='bbox 1879 505 1947 541; x_wconf 91' lang='lat' dir='ltr'>per</span> <span class='ocrx_word' id='word_1_465' title='bbox 1969 493 2159 541; x_wconf 88' lang='lat' dir='ltr'>quaedam</span> <span class='ocrx_word' id='word_1_466' title='bbox 2180 494 2378 539; x_wconf 89' lang='lat' dir='ltr'>saerificia;</span> <span class='ocrx_word' id='word_1_467' title='bbox 2400 506 2484 553; x_wconf 81' lang='lat' dir='ltr'>spe-</span> 
     </span>
     <span class='ocr_line' id='line_1_76' title="bbox 1429 539 2484 595; baseline 0.008 -20"><span class='ocrx_word' id='word_1_468' title='bbox 1429 539 1568 576; x_wconf 87' lang='lat' dir='ltr'>cialiter</span> <span class='ocrx_word' id='word_1_469' title='bbox 1587 550 1713 579; x_wconf 88' lang='lat' dir='ltr'>autem</span> <span class='ocrx_word' id='word_1_470' title='bbox 1733 544 1867 581; x_wconf 88' lang='lat' dir='ltr'>levitae</span> <span class='ocrx_word' id='word_1_471' title='bbox 1883 546 2065 582; x_wconf 90' lang='lat' dir='ltr'>radebant</span> <span class='ocrx_word' id='word_1_472' title='bbox 2084 558 2218 583; x_wconf 89' lang='lat' dir='ltr'>omnes</span> <span class='ocrx_word' id='word_1_473' title='bbox 2246 546 2343 595; x_wconf 87' lang='lat' dir='ltr'>pilos</span> <span class='ocrx_word' id='word_1_474' title='bbox 2363 547 2484 584; x_wconf 89' lang='lat' dir='ltr'>carnis</span> 
     </span>
     <span class='ocr_line' id='line_1_77' title="bbox 1429 595 2041 638; baseline 0.013 -11"><span class='ocrx_word' id='word_1_475' title='bbox 1429 604 1538 638; x_wconf 80' lang='lat' dir='ltr'>suae3</span> <span class='ocrx_word' id='word_1_476' title='bbox 1567 602 1608 630; x_wconf 92' lang='lat' dir='ltr'>ut</span> <span class='ocrx_word' id='word_1_477' title='bbox 1634 595 1794 632; x_wconf 88' lang='lat' dir='ltr'>habetur</span> <span class='ocrx_word' id='word_1_478' title='bbox 1821 598 1911 634; x_wconf 75' lang='lat' dir='ltr'>Lev.</span> <span class='ocrx_word' id='word_1_479' title='bbox 1931 598 2041 635; x_wconf 74' lang='lat' dir='ltr'>V111*.</span> 
     </span>
    </p>

    <p class='ocr_par' dir='ltr' id='par_1_18' title="bbox 1426 645 2485 1169">
     <span class='ocr_line' id='line_1_78' title="bbox 1482 645 2485 698; baseline 0.008 -17"><span class='ocrx_word' id='word_1_480' title='bbox 1482 645 1726 683; x_wconf 86' lang='lat' dir='ltr'>Consecratio</span> <span class='ocrx_word' id='word_1_481' title='bbox 1745 661 1839 685; x_wconf 91' lang='lat' dir='ltr'>vero</span> <span class='ocrx_word' id='word_1_482' title='bbox 1860 650 1957 686; x_wconf 88' lang='lat' dir='ltr'>circa</span> <span class='ocrx_word' id='word_1_483' title='bbox 1985 651 2182 698; x_wconf 90' lang='lat' dir='ltr'>pontifices</span> <span class='ocrx_word' id='word_1_484' title='bbox 2207 659 2243 688; x_wconf 92' lang='lat' dir='ltr'>et</span> <span class='ocrx_word' id='word_1_485' title='bbox 2270 653 2485 688; x_wconf 89' lang='lat' dir='ltr'>sacerdotes</span> 
     </span>
     <span class='ocr_line' id='line_1_79' title="bbox 1427 698 2485 764; baseline 0.008 -31"><span class='ocrx_word' id='word_1_486' title='bbox 1427 698 1501 734; x_wconf 90' lang='lat' dir='ltr'>hoc</span> <span class='ocrx_word' id='word_1_487' title='bbox 1530 699 1661 735; x_wconf 90' lang='lat' dir='ltr'>ordine</span> <span class='ocrx_word' id='word_1_488' title='bbox 1690 701 1817 737; x_wconf 88' lang='lat' dir='ltr'>fiebat.</span> <span class='ocrx_word' id='word_1_489' title='bbox 1848 702 1975 738; x_wconf 88' lang='lat' dir='ltr'>Primo</span> <span class='ocrx_word' id='word_1_490' title='bbox 1996 703 2110 750; x_wconf 86' lang='lat' dir='ltr'>enim,</span> <span class='ocrx_word' id='word_1_491' title='bbox 2139 712 2344 764; x_wconf 87' lang='lat' dir='ltr'>postquam</span> <span class='ocrx_word' id='word_1_492' title='bbox 2369 704 2485 741; x_wconf 90' lang='lat' dir='ltr'>abluti</span> 
     </span>
     <span class='ocr_line' id='line_1_80' title="bbox 1429 751 2485 805; baseline 0.008 -19"><span class='ocrx_word' id='word_1_493' title='bbox 1429 759 1544 798; x_wconf 88' lang='lat' dir='ltr'>erant,</span> <span class='ocrx_word' id='word_1_494' title='bbox 1565 751 1819 789; x_wconf 88' lang='lat' dir='ltr'>induebantur</span> <span class='ocrx_word' id='word_1_495' title='bbox 1844 754 2071 802; x_wconf 89' lang='lat' dir='ltr'>quibusdam</span> <span class='ocrx_word' id='word_1_496' title='bbox 2090 757 2323 793; x_wconf 88' lang='lat' dir='ltr'>vestimentis</span> <span class='ocrx_word' id='word_1_497' title='bbox 2343 757 2485 805; x_wconf 90' lang='lat' dir='ltr'>specia-</span> 
     </span>
     <span class='ocr_line' id='line_1_81' title="bbox 1428 803 2483 869; baseline 0.008 -30"><span class='ocrx_word' id='word_1_498' title='bbox 1428 803 1524 840; x_wconf 88' lang='lat' dir='ltr'>libus</span> <span class='ocrx_word' id='word_1_499' title='bbox 1561 805 1832 852; x_wconf 88' lang='lat' dir='ltr'>pertinentibus</span> <span class='ocrx_word' id='word_1_500' title='bbox 1869 807 1918 843; x_wconf 89' lang='lat' dir='ltr'>ad</span> <span class='ocrx_word' id='word_1_501' title='bbox 1956 808 2229 855; x_wconf 86' lang='lat' dir='ltr'>designandum</span> <span class='ocrx_word' id='word_1_502' title='bbox 2267 810 2483 869; x_wconf 82' lang='lat' dir='ltr'>dignitatem</span> 
     </span>
     <span class='ocr_line' id='line_1_82' title="bbox 1428 856 2484 908; baseline 0.007 -16"><span class='ocrx_word' id='word_1_503' title='bbox 1428 856 1609 904; x_wconf 88' lang='lat' dir='ltr'>ipsorum.</span> <span class='ocrx_word' id='word_1_504' title='bbox 1640 858 1859 905; x_wconf 91' lang='lat' dir='ltr'>Specialiter</span> <span class='ocrx_word' id='word_1_505' title='bbox 1887 867 2014 896; x_wconf 87' lang='lat' dir='ltr'>autem</span> <span class='ocrx_word' id='word_1_506' title='bbox 2042 861 2210 908; x_wconf 84' lang='lat' dir='ltr'>pontifex</span> <span class='ocrx_word' id='word_1_507' title='bbox 2230 862 2314 898; x_wconf 92' lang='lat' dir='ltr'>oleo</span> <span class='ocrx_word' id='word_1_508' title='bbox 2340 862 2484 899; x_wconf 90' lang='lat' dir='ltr'>unctio-</span> 
     </span>
     <span class='ocr_line' id='line_1_83' title="bbox 1428 909 2484 963; baseline 0.007 -19"><span class='ocrx_word' id='word_1_509' title='bbox 1428 909 1484 945; x_wconf 89' lang='lat' dir='ltr'>nis</span> <span class='ocrx_word' id='word_1_510' title='bbox 1513 909 1551 945; x_wconf 90' lang='lat' dir='ltr'>in</span> <span class='ocrx_word' id='word_1_511' title='bbox 1580 910 1700 958; x_wconf 88' lang='lat' dir='ltr'>capite</span> <span class='ocrx_word' id='word_1_512' title='bbox 1722 912 1951 958; x_wconf 89' lang='lat' dir='ltr'>ungebatur:</span> <span class='ocrx_word' id='word_1_513' title='bbox 1971 919 2012 948; x_wconf 90' lang='lat' dir='ltr'>ut</span> <span class='ocrx_word' id='word_1_514' title='bbox 2036 913 2293 960; x_wconf 86' lang='lat' dir='ltr'>designaretur</span> <span class='ocrx_word' id='word_1_515' title='bbox 2312 915 2416 963; x_wconf 91' lang='lat' dir='ltr'>quod</span> <span class='ocrx_word' id='word_1_516' title='bbox 2435 916 2484 951; x_wconf 88' lang='lat' dir='ltr'>ab</span> 
     </span>
     <span class='ocr_line' id='line_1_84' title="bbox 1426 961 2482 1020; baseline 0.007 -23"><span class='ocrx_word' id='word_1_517' title='bbox 1426 961 1509 1020; x_wconf 88' lang='lat' dir='ltr'>ipso</span> <span class='ocrx_word' id='word_1_518' title='bbox 1539 962 1822 999; x_wconf 84' lang='lat' dir='ltr'>diffundebatur</span> <span class='ocrx_word' id='word_1_519' title='bbox 1849 972 2015 1012; x_wconf 91' lang='lat' dir='ltr'>potestas</span> <span class='ocrx_word' id='word_1_520' title='bbox 2044 967 2289 1003; x_wconf 90' lang='lat' dir='ltr'>consecrandi</span> <span class='ocrx_word' id='word_1_521' title='bbox 2309 967 2357 1003; x_wconf 89' lang='lat' dir='ltr'>ad</span> <span class='ocrx_word' id='word_1_522' title='bbox 2378 967 2482 1015; x_wconf 87' lang='lat' dir='ltr'>alios,</span> 
     </span>
     <span class='ocr_line' id='line_1_85' title="bbox 1429 1014 2485 1064; baseline 0.006 -14"><span class='ocrx_word' id='word_1_523' title='bbox 1429 1014 1523 1050; x_wconf 90' lang='lat' dir='ltr'>sicut</span> <span class='ocrx_word' id='word_1_524' title='bbox 1550 1015 1678 1051; x_wconf 90' lang='lat' dir='ltr'>oleum</span> <span class='ocrx_word' id='word_1_525' title='bbox 1709 1028 1731 1052; x_wconf 90' lang='lat' dir='ltr'>a</span> <span class='ocrx_word' id='word_1_526' title='bbox 1760 1016 1879 1064; x_wconf 91' lang='lat' dir='ltr'>capite</span> <span class='ocrx_word' id='word_1_527' title='bbox 1914 1017 2106 1054; x_wconf 88' lang='lat' dir='ltr'>derivatur</span> <span class='ocrx_word' id='word_1_528' title='bbox 2138 1019 2185 1055; x_wconf 90' lang='lat' dir='ltr'>ad</span> <span class='ocrx_word' id='word_1_529' title='bbox 2218 1019 2414 1064; x_wconf 83' lang='lat' dir='ltr'>inferiora3</span> <span class='ocrx_word' id='word_1_530' title='bbox 2443 1027 2485 1056; x_wconf 90' lang='lat' dir='ltr'>ut</span> 
     </span>
     <span class='ocr_line' id='line_1_86' title="bbox 1427 1068 2484 1121; baseline 0.006 -18"><span class='ocrx_word' id='word_1_531' title='bbox 1427 1068 1588 1104; x_wconf 89' lang='lat' dir='ltr'>habetur</span> <span class='ocrx_word' id='word_1_532' title='bbox 1614 1068 1653 1104; x_wconf 92' lang='lat' dir='ltr'>in</span> <span class='ocrx_word' id='word_1_533' title='bbox 1681 1069 1834 1105; x_wconf 89' lang='lat' dir='ltr'>Psalmo</span> <span class='ocrx_word' id='word_1_534' title='bbox 1863 1071 2037 1106; x_wconf 80' lang='lat' dir='ltr'>cxxx11*:</span> <span class='ocrx_word' id='word_1_535' title='bbox 2066 1071 2170 1107; x_wconf 86' lang='lat' dir='ltr'>Sicut</span> <span class='ocrx_word' id='word_1_536' title='bbox 2196 1078 2426 1121; x_wconf 80' lang='lat' dir='ltr'>unguentum</span> <span class='ocrx_word' id='word_1_537' title='bbox 2447 1073 2484 1109; x_wconf 88' lang='lat' dir='ltr'>in</span> 
     </span>
     <span class='ocr_line' id='line_1_87' title="bbox 1428 1121 2484 1169; baseline 0.006 -13"><span class='ocrx_word' id='word_1_538' title='bbox 1428 1121 1556 1168; x_wconf 85' lang='lat' dir='ltr'>capite,</span> <span class='ocrx_word' id='word_1_539' title='bbox 1577 1122 1678 1169; x_wconf 83' lang='lat' dir='ltr'>quod</span> <span class='ocrx_word' id='word_1_540' title='bbox 1704 1121 1919 1158; x_wconf 81' lang='lat' dir='ltr'>descendit&#39;</span> <span class='ocrx_word' id='word_1_541' title='bbox 1906 1135 1942 1159; x_wconf 92' lang='lat' dir='ltr'>zn</span> <span class='ocrx_word' id='word_1_542' title='bbox 1968 1124 2138 1169; x_wconf 84' lang='lat' dir='ltr'>barbam,</span> <span class='ocrx_word' id='word_1_543' title='bbox 2159 1125 2316 1161; x_wconf 86' lang='lat' dir='ltr'>barbam</span> <span class='ocrx_word' id='word_1_544' title='bbox 2339 1126 2484 1162; x_wconf 86' lang='lat' dir='ltr'>Aaron.</span> 
     </span>
    </p>
   </div>
   <div class='ocr_carea' id='block_1_13' title="bbox 2410 152 2484 198">
    <p class='ocr_par' dir='ltr' id='par_1_19' title="bbox 2410 152 2484 198">
     <span class='ocr_line' id='line_1_88' title="bbox 2410 152 2484 198; baseline 0.014 -11"><span class='ocrx_word' id='word_1_545' title='bbox 2410 152 2484 198; x_wconf 81' lang='lat'>245</span> 
     </span>
    </p>
   </div>
   <div class='ocr_carea' id='block_1_14' title="bbox 1427 1173 2493 3283">
    <p class='ocr_par' dir='ltr' id='par_1_20' title="bbox 1427 1173 2488 2439">
     <span class='ocr_line' id='line_1_89' title="bbox 1428 1173 2485 1215; baseline 0.006 -6"><span class='ocrx_word' id='word_1_546' title='bbox 1428 1173 1584 1210; x_wconf 89' lang='lat' dir='ltr'>Levitae</span> <span class='ocrx_word' id='word_1_547' title='bbox 1617 1186 1710 1210; x_wconf 88' lang='lat' dir='ltr'>vero</span> <span class='ocrx_word' id='word_1_548' title='bbox 1746 1187 1824 1211; x_wconf 90' lang='lat' dir='ltr'>non</span> <span class='ocrx_word' id='word_1_549' title='bbox 1858 1175 2051 1212; x_wconf 87' lang='lat' dir='ltr'>habebant</span> <span class='ocrx_word' id='word_1_550' title='bbox 2084 1176 2196 1213; x_wconf 89' lang='lat' dir='ltr'>aliam</span> <span class='ocrx_word' id='word_1_551' title='bbox 2233 1177 2485 1215; x_wconf 86' lang='lat' dir='ltr'>consecratio-</span> 
     </span>
     <span class='ocr_line' id='line_1_90' title="bbox 1428 1226 2485 1274; baseline 0.005 -12"><span class='ocrx_word' id='word_1_552' title='bbox 1428 1239 1528 1273; x_wconf 88' lang='lat' dir='ltr'>nem,</span> <span class='ocrx_word' id='word_1_553' title='bbox 1550 1226 1619 1263; x_wconf 84' lang='lat' dir='ltr'>nisi</span> <span class='ocrx_word' id='word_1_554' title='bbox 1639 1227 1742 1274; x_wconf 91' lang='lat' dir='ltr'>quod</span> <span class='ocrx_word' id='word_1_555' title='bbox 1765 1227 2023 1265; x_wconf 84' lang='lat' dir='ltr'>offerebantur</span> <span class='ocrx_word' id='word_1_556' title='bbox 2042 1229 2210 1266; x_wconf 90' lang='lat' dir='ltr'>Domino</span> <span class='ocrx_word' id='word_1_557' title='bbox 2227 1242 2249 1266; x_wconf 90' lang='lat' dir='ltr'>a</span> <span class='ocrx_word' id='word_1_558' title='bbox 2268 1229 2352 1267; x_wconf 87' lang='lat' dir='ltr'>filiis</span> <span class='ocrx_word' id='word_1_559' title='bbox 2373 1231 2485 1267; x_wconf 91' lang='lat' dir='ltr'>Israel</span> 
     </span>
     <span class='ocr_line' id='line_1_91' title="bbox 1427 1279 2486 1331; baseline 0.005 -16"><span class='ocrx_word' id='word_1_560' title='bbox 1427 1291 1494 1327; x_wconf 91' lang='lat' dir='ltr'>per</span> <span class='ocrx_word' id='word_1_561' title='bbox 1522 1291 1658 1316; x_wconf 90' lang='lat' dir='ltr'>manus</span> <span class='ocrx_word' id='word_1_562' title='bbox 1685 1279 1890 1328; x_wconf 87' lang='lat' dir='ltr'>pontificis,</span> <span class='ocrx_word' id='word_1_563' title='bbox 1921 1281 1984 1329; x_wconf 92' lang='lat' dir='ltr'>qui</span> <span class='ocrx_word' id='word_1_564' title='bbox 2014 1282 2146 1319; x_wconf 89' lang='lat' dir='ltr'>orabat</span> <span class='ocrx_word' id='word_1_565' title='bbox 2173 1295 2243 1331; x_wconf 90' lang='lat' dir='ltr'>pro</span> <span class='ocrx_word' id='word_1_566' title='bbox 2269 1283 2332 1320; x_wconf 89' lang='lat' dir='ltr'>eis.</span> <span class='ocrx_word' id='word_1_567' title='bbox 2362 1283 2486 1320; x_wconf 91' lang='lat' dir='ltr'>Mino-</span> 
     </span>
     <span class='ocr_line' id='line_1_92' title="bbox 1428 1333 2486 1373; baseline 0.004 -5"><span class='ocrx_word' id='word_1_568' title='bbox 1428 1344 1512 1369; x_wconf 90' lang='lat' dir='ltr'>rum</span> <span class='ocrx_word' id='word_1_569' title='bbox 1539 1345 1633 1369; x_wconf 91' lang='lat' dir='ltr'>vero</span> <span class='ocrx_word' id='word_1_570' title='bbox 1663 1333 1901 1370; x_wconf 89' lang='lat' dir='ltr'>sacerdotum</span> <span class='ocrx_word' id='word_1_571' title='bbox 1931 1334 2032 1370; x_wconf 88' lang='lat' dir='ltr'>solae</span> <span class='ocrx_word' id='word_1_572' title='bbox 2056 1346 2193 1373; x_wconf 89' lang='lat' dir='ltr'>manus</span> <span class='ocrx_word' id='word_1_573' title='bbox 2213 1336 2486 1372; x_wconf 84' lang='lat' dir='ltr'>consecraban-</span> 
     </span>
     <span class='ocr_line' id='line_1_93' title="bbox 1427 1386 2486 1434; baseline 0.003 -13"><span class='ocrx_word' id='word_1_574' title='bbox 1427 1392 1501 1431; x_wconf 87' lang='lat' dir='ltr'>tur,</span> <span class='ocrx_word' id='word_1_575' title='bbox 1531 1397 1630 1433; x_wconf 91' lang='lat' dir='ltr'>quae</span> <span class='ocrx_word' id='word_1_576' title='bbox 1659 1393 1763 1422; x_wconf 86' lang='lat' dir='ltr'>erant</span> <span class='ocrx_word' id='word_1_577' title='bbox 1790 1386 2037 1434; x_wconf 90' lang='lat' dir='ltr'>applicandae</span> <span class='ocrx_word' id='word_1_578' title='bbox 2066 1387 2114 1424; x_wconf 92' lang='lat' dir='ltr'>ad</span> <span class='ocrx_word' id='word_1_579' title='bbox 2143 1388 2335 1424; x_wconf 90' lang='lat' dir='ltr'>sacrificia.</span> <span class='ocrx_word' id='word_1_580' title='bbox 2366 1389 2415 1424; x_wconf 91' lang='lat' dir='ltr'>Et</span> <span class='ocrx_word' id='word_1_581' title='bbox 2438 1389 2486 1426; x_wconf 93' lang='lat' dir='ltr'>de</span> 
     </span>
     <span class='ocr_line' id='line_1_94' title="bbox 1428 1438 2484 1487; baseline 0.004 -14"><span class='ocrx_word' id='word_1_582' title='bbox 1428 1438 1609 1485; x_wconf 89' lang='lat' dir='ltr'>sanguine</span> <span class='ocrx_word' id='word_1_583' title='bbox 1621 1438 1792 1474; x_wconf 89' lang='lat' dir='ltr'>animalis</span> <span class='ocrx_word' id='word_1_584' title='bbox 1806 1439 2032 1476; x_wconf 89' lang='lat' dir='ltr'>immolatitii</span> <span class='ocrx_word' id='word_1_585' title='bbox 2047 1439 2260 1487; x_wconf 89' lang='lat' dir='ltr'>tingebatur</span> <span class='ocrx_word' id='word_1_586' title='bbox 2274 1448 2484 1477; x_wconf 90' lang='lat' dir='ltr'>extremum</span> 
     </span>
     <span class='ocr_line' id='line_1_95' title="bbox 1428 1491 2486 1541; baseline 0.004 -15"><span class='ocrx_word' id='word_1_587' title='bbox 1428 1491 1617 1527; x_wconf 90' lang='lat' dir='ltr'>auriculae</span> <span class='ocrx_word' id='word_1_588' title='bbox 1647 1491 1798 1527; x_wconf 90' lang='lat' dir='ltr'>dextrae</span> <span class='ocrx_word' id='word_1_589' title='bbox 1832 1492 2025 1540; x_wconf 89' lang='lat' dir='ltr'>ipsorum,</span> <span class='ocrx_word' id='word_1_590' title='bbox 2055 1499 2092 1528; x_wconf 92' lang='lat' dir='ltr'>et</span> <span class='ocrx_word' id='word_1_591' title='bbox 2119 1493 2273 1540; x_wconf 92' lang='lat' dir='ltr'>pollices</span> <span class='ocrx_word' id='word_1_592' title='bbox 2306 1493 2413 1541; x_wconf 90' lang='lat' dir='ltr'>pedis</span> <span class='ocrx_word' id='word_1_593' title='bbox 2442 1506 2486 1530; x_wconf 90' lang='lat' dir='ltr'>ac</span> 
     </span>
     <span class='ocr_line' id='line_1_96' title="bbox 1428 1544 2486 1594; baseline 0.002 -14"><span class='ocrx_word' id='word_1_594' title='bbox 1428 1556 1565 1580; x_wconf 89' lang='lat' dir='ltr'>manus</span> <span class='ocrx_word' id='word_1_595' title='bbox 1594 1544 1764 1580; x_wconf 85' lang='lat' dir='ltr'>dextrae:</span> <span class='ocrx_word' id='word_1_596' title='bbox 1793 1552 1835 1580; x_wconf 92' lang='lat' dir='ltr'>ut</span> <span class='ocrx_word' id='word_1_597' title='bbox 1854 1544 1992 1581; x_wconf 90' lang='lat' dir='ltr'>scilicet</span> <span class='ocrx_word' id='word_1_598' title='bbox 2017 1552 2141 1582; x_wconf 90' lang='lat' dir='ltr'>essent</span> <span class='ocrx_word' id='word_1_599' title='bbox 2169 1545 2389 1585; x_wconf 86' lang='lat' dir='ltr'>obedientes</span> <span class='ocrx_word' id='word_1_600' title='bbox 2414 1546 2486 1594; x_wconf 90' lang='lat' dir='ltr'>legi</span> 
     </span>
     <span class='ocr_line' id='line_1_97' title="bbox 1428 1596 2487 1647; baseline 0.003 -15"><span class='ocrx_word' id='word_1_601' title='bbox 1428 1596 1500 1632; x_wconf 92' lang='lat' dir='ltr'>Dei</span> <span class='ocrx_word' id='word_1_602' title='bbox 1527 1597 1564 1633; x_wconf 89' lang='lat' dir='ltr'>in</span> <span class='ocrx_word' id='word_1_603' title='bbox 1592 1596 1784 1633; x_wconf 90' lang='lat' dir='ltr'>oblatione</span> <span class='ocrx_word' id='word_1_604' title='bbox 1813 1597 2098 1645; x_wconf 87' lang='lat' dir='ltr'>sacrificiorum,</span> <span class='ocrx_word' id='word_1_605' title='bbox 2123 1599 2227 1647; x_wconf 91' lang='lat' dir='ltr'>quod</span> <span class='ocrx_word' id='word_1_606' title='bbox 2256 1598 2487 1646; x_wconf 86' lang='lat' dir='ltr'>significatur</span> 
     </span>
     <span class='ocr_line' id='line_1_98' title="bbox 1428 1649 2487 1699; baseline 0.003 -14"><span class='ocrx_word' id='word_1_607' title='bbox 1428 1649 1465 1685; x_wconf 90' lang='lat' dir='ltr'>in</span> <span class='ocrx_word' id='word_1_608' title='bbox 1494 1649 1710 1686; x_wconf 90' lang='lat' dir='ltr'>intinctione</span> <span class='ocrx_word' id='word_1_609' title='bbox 1739 1649 1838 1686; x_wconf 90' lang='lat' dir='ltr'>auris</span> <span class='ocrx_word' id='word_1_610' title='bbox 1867 1650 2038 1696; x_wconf 88' lang='lat' dir='ltr'>dextrae;</span> <span class='ocrx_word' id='word_1_611' title='bbox 2069 1658 2104 1688; x_wconf 89' lang='lat' dir='ltr'>et</span> <span class='ocrx_word' id='word_1_612' title='bbox 2132 1651 2236 1699; x_wconf 91' lang='lat' dir='ltr'>quod</span> <span class='ocrx_word' id='word_1_613' title='bbox 2262 1659 2386 1688; x_wconf 89' lang='lat' dir='ltr'>essent</span> <span class='ocrx_word' id='word_1_614' title='bbox 2413 1652 2487 1688; x_wconf 91' lang='lat' dir='ltr'>sol-</span> 
     </span>
     <span class='ocr_line' id='line_1_99' title="bbox 1428 1701 2486 1752; baseline 0.003 -14"><span class='ocrx_word' id='word_1_615' title='bbox 1428 1701 1513 1738; x_wconf 91' lang='lat' dir='ltr'>liciti</span> <span class='ocrx_word' id='word_1_616' title='bbox 1534 1710 1570 1738; x_wconf 89' lang='lat' dir='ltr'>et</span> <span class='ocrx_word' id='word_1_617' title='bbox 1596 1702 1763 1750; x_wconf 90' lang='lat' dir='ltr'>prompti</span> <span class='ocrx_word' id='word_1_618' title='bbox 1781 1702 1820 1739; x_wconf 92' lang='lat' dir='ltr'>in</span> <span class='ocrx_word' id='word_1_619' title='bbox 1840 1703 2060 1739; x_wconf 87' lang='lat' dir='ltr'>executione</span> <span class='ocrx_word' id='word_1_620' title='bbox 2081 1703 2364 1751; x_wconf 88' lang='lat' dir='ltr'>sacrificiorum,</span> <span class='ocrx_word' id='word_1_621' title='bbox 2381 1705 2486 1752; x_wconf 88' lang='lat' dir='ltr'>quod</span> 
     </span>
     <span class='ocr_line' id='line_1_100' title="bbox 1428 1754 2482 1804; baseline 0.003 -13"><span class='ocrx_word' id='word_1_622' title='bbox 1428 1754 1658 1802; x_wconf 87' lang='lat' dir='ltr'>significatur</span> <span class='ocrx_word' id='word_1_623' title='bbox 1677 1755 1714 1791; x_wconf 92' lang='lat' dir='ltr'>in</span> <span class='ocrx_word' id='word_1_624' title='bbox 1735 1755 1953 1792; x_wconf 90' lang='lat' dir='ltr'>intinctione</span> <span class='ocrx_word' id='word_1_625' title='bbox 1972 1756 2080 1804; x_wconf 92' lang='lat' dir='ltr'>pedis</span> <span class='ocrx_word' id='word_1_626' title='bbox 2109 1763 2144 1792; x_wconf 91' lang='lat' dir='ltr'>et</span> <span class='ocrx_word' id='word_1_627' title='bbox 2164 1768 2299 1793; x_wconf 89' lang='lat' dir='ltr'>manus</span> <span class='ocrx_word' id='word_1_628' title='bbox 2319 1758 2482 1794; x_wconf 84' lang='lat' dir='ltr'>dextrae.</span> 
     </span>
     <span class='ocr_line' id='line_1_101' title="bbox 1427 1808 2484 1857; baseline 0.002 -13"><span class='ocrx_word' id='word_1_629' title='bbox 1427 1809 1735 1856; x_wconf 88' lang='lat' dir='ltr'>Aspergebantur</span> <span class='ocrx_word' id='word_1_630' title='bbox 1766 1808 1879 1844; x_wconf 89' lang='lat' dir='ltr'>etiam</span> <span class='ocrx_word' id='word_1_631' title='bbox 1906 1808 1988 1856; x_wconf 89' lang='lat' dir='ltr'>ipsi,</span> <span class='ocrx_word' id='word_1_632' title='bbox 2019 1816 2055 1845; x_wconf 89' lang='lat' dir='ltr'>et</span> <span class='ocrx_word' id='word_1_633' title='bbox 2082 1809 2308 1846; x_wconf 87' lang='lat' dir='ltr'>vestimenta</span> <span class='ocrx_word' id='word_1_634' title='bbox 2339 1822 2484 1857; x_wconf 87' lang='lat' dir='ltr'>eorum,</span> 
     </span>
     <span class='ocr_line' id='line_1_102' title="bbox 1428 1860 2486 1910; baseline 0.001 -13"><span class='ocrx_word' id='word_1_635' title='bbox 1428 1861 1609 1908; x_wconf 88' lang='lat' dir='ltr'>sanguine</span> <span class='ocrx_word' id='word_1_636' title='bbox 1624 1860 1797 1898; x_wconf 91' lang='lat' dir='ltr'>animalis</span> <span class='ocrx_word' id='word_1_637' title='bbox 1816 1861 2012 1908; x_wconf 83' lang='lat' dir='ltr'>immolati,</span> <span class='ocrx_word' id='word_1_638' title='bbox 2034 1862 2072 1899; x_wconf 90' lang='lat' dir='ltr'>in</span> <span class='ocrx_word' id='word_1_639' title='bbox 2093 1862 2319 1898; x_wconf 88' lang='lat' dir='ltr'>memoriam</span> <span class='ocrx_word' id='word_1_640' title='bbox 2340 1863 2486 1910; x_wconf 88' lang='lat' dir='ltr'>sangui-</span> 
     </span>
     <span class='ocr_line' id='line_1_103' title="bbox 1428 1914 2483 1963; baseline 0.002 -13"><span class='ocrx_word' id='word_1_641' title='bbox 1428 1914 1485 1950; x_wconf 90' lang='lat' dir='ltr'>nis</span> <span class='ocrx_word' id='word_1_642' title='bbox 1518 1914 1603 1961; x_wconf 87' lang='lat' dir='ltr'>agni</span> <span class='ocrx_word' id='word_1_643' title='bbox 1635 1925 1703 1962; x_wconf 93' lang='lat' dir='ltr'>per</span> <span class='ocrx_word' id='word_1_644' title='bbox 1730 1925 1847 1962; x_wconf 91' lang='lat' dir='ltr'>quern</span> <span class='ocrx_word' id='word_1_645' title='bbox 1876 1914 2026 1951; x_wconf 86' lang='lat' dir='ltr'>fuerunt</span> <span class='ocrx_word' id='word_1_646' title='bbox 2062 1914 2206 1952; x_wconf 86' lang='lat' dir='ltr'>liberati</span> <span class='ocrx_word' id='word_1_647' title='bbox 2232 1915 2268 1951; x_wconf 91' lang='lat' dir='ltr'>in</span> <span class='ocrx_word' id='word_1_648' title='bbox 2297 1917 2483 1963; x_wconf 86' lang='lat' dir='ltr'>Aegypto.</span> 
     </span>
     <span class='ocr_line' id='line_1_104' title="bbox 1429 1966 2487 2004; baseline 0.001 -1"><span class='ocrx_word' id='word_1_649' title='bbox 1429 1967 1698 2003; x_wconf 84' lang='lat' dir='ltr'>Offerebantur</span> <span class='ocrx_word' id='word_1_650' title='bbox 1712 1975 1841 2003; x_wconf 90' lang='lat' dir='ltr'>autern</span> <span class='ocrx_word' id='word_1_651' title='bbox 1857 1966 1895 2003; x_wconf 91' lang='lat' dir='ltr'>in</span> <span class='ocrx_word' id='word_1_652' title='bbox 1910 1979 2043 2003; x_wconf 88' lang='lat' dir='ltr'>eorum</span> <span class='ocrx_word' id='word_1_653' title='bbox 2060 1968 2344 2004; x_wconf 89' lang='lat' dir='ltr'>consecratione</span> <span class='ocrx_word' id='word_1_654' title='bbox 2358 1969 2487 2004; x_wconf 91' lang='lat' dir='ltr'>huius-</span> 
     </span>
     <span class='ocr_line' id='line_1_105' title="bbox 1429 2019 2486 2068; baseline 0.003 -13"><span class='ocrx_word' id='word_1_655' title='bbox 1429 2019 1533 2056; x_wconf 90' lang='lat' dir='ltr'>modi</span> <span class='ocrx_word' id='word_1_656' title='bbox 1553 2019 1752 2056; x_wconf 83' lang='lat' dir='ltr'>sacrificia:</span> <span class='ocrx_word' id='word_1_657' title='bbox 1772 2019 1913 2056; x_wconf 88' lang='lat' dir='ltr'>vitulus</span> <span class='ocrx_word' id='word_1_658' title='bbox 1931 2032 2001 2068; x_wconf 92' lang='lat' dir='ltr'>pro</span> <span class='ocrx_word' id='word_1_659' title='bbox 2021 2028 2191 2068; x_wconf 90' lang='lat' dir='ltr'>peccato,</span> <span class='ocrx_word' id='word_1_660' title='bbox 2207 2021 2243 2056; x_wconf 91' lang='lat' dir='ltr'>in</span> <span class='ocrx_word' id='word_1_661' title='bbox 2260 2021 2486 2058; x_wconf 90' lang='lat' dir='ltr'>memoriam</span> 
     </span>
     <span class='ocr_line' id='line_1_106' title="bbox 1429 2072 2486 2121; baseline 0.002 -13"><span class='ocrx_word' id='word_1_662' title='bbox 1429 2072 1660 2109; x_wconf 88' lang='lat' dir='ltr'>remissionis</span> <span class='ocrx_word' id='word_1_663' title='bbox 1686 2072 1831 2121; x_wconf 89' lang='lat' dir='ltr'>peccati</span> <span class='ocrx_word' id='word_1_664' title='bbox 1858 2074 1988 2109; x_wconf 90' lang='lat' dir='ltr'>Aaron</span> <span class='ocrx_word' id='word_1_665' title='bbox 2016 2073 2113 2109; x_wconf 90' lang='lat' dir='ltr'>circa</span> <span class='ocrx_word' id='word_1_666' title='bbox 2143 2073 2412 2110; x_wconf 88' lang='lat' dir='ltr'>conflationem</span> <span class='ocrx_word' id='word_1_667' title='bbox 2431 2074 2486 2110; x_wconf 91' lang='lat' dir='ltr'>vi-</span> 
     </span>
     <span class='ocr_line' id='line_1_107' title="bbox 1429 2125 2487 2172; baseline 0.001 -10"><span class='ocrx_word' id='word_1_668' title='bbox 1429 2126 1515 2171; x_wconf 90' lang='lat' dir='ltr'>tuli;</span> <span class='ocrx_word' id='word_1_669' title='bbox 1545 2125 1642 2162; x_wconf 86' lang='lat' dir='ltr'>aries</span> <span class='ocrx_word' id='word_1_670' title='bbox 1669 2125 1706 2161; x_wconf 92' lang='lat' dir='ltr'>in</span> <span class='ocrx_word' id='word_1_671' title='bbox 1735 2126 2021 2172; x_wconf 87' lang='lat' dir='ltr'>holocaustum,</span> <span class='ocrx_word' id='word_1_672' title='bbox 2050 2126 2089 2162; x_wconf 91' lang='lat' dir='ltr'>in</span> <span class='ocrx_word' id='word_1_673' title='bbox 2123 2126 2352 2163; x_wconf 89' lang='lat' dir='ltr'>memoriam</span> <span class='ocrx_word' id='word_1_674' title='bbox 2382 2127 2487 2163; x_wconf 89' lang='lat' dir='ltr'>obla-</span> 
     </span>
     <span class='ocr_line' id='line_1_108' title="bbox 1427 2178 2488 2227; baseline 0 -12"><span class='ocrx_word' id='word_1_675' title='bbox 1427 2179 1539 2215; x_wconf 89' lang='lat' dir='ltr'>tionis</span> <span class='ocrx_word' id='word_1_676' title='bbox 1567 2178 1755 2225; x_wconf 89' lang='lat' dir='ltr'>Abrahae,</span> <span class='ocrx_word' id='word_1_677' title='bbox 1787 2178 1892 2215; x_wconf 91' lang='lat' dir='ltr'>cuius</span> <span class='ocrx_word' id='word_1_678' title='bbox 1920 2178 2177 2217; x_wconf 88' lang='lat' dir='ltr'>obedientiam</span> <span class='ocrx_word' id='word_1_679' title='bbox 2210 2179 2375 2227; x_wconf 87' lang='lat' dir='ltr'>pontifex</span> <span class='ocrx_word' id='word_1_680' title='bbox 2404 2179 2488 2216; x_wconf 90' lang='lat' dir='ltr'>imi-</span> 
     </span>
     <span class='ocr_line' id='line_1_109' title="bbox 1428 2230 2488 2280; baseline 0.001 -13"><span class='ocrx_word' id='word_1_681' title='bbox 1428 2231 1497 2268; x_wconf 90' lang='lat' dir='ltr'>tari</span> <span class='ocrx_word' id='word_1_682' title='bbox 1526 2231 1704 2277; x_wconf 81' lang='lat' dir='ltr'>debebat3</span> <span class='ocrx_word' id='word_1_683' title='bbox 1734 2231 1830 2267; x_wconf 84' lang='lat' dir='ltr'>aries</span> <span class='ocrx_word' id='word_1_684' title='bbox 1854 2230 1967 2268; x_wconf 89' lang='lat' dir='ltr'>etiam</span> <span class='ocrx_word' id='word_1_685' title='bbox 1995 2231 2299 2278; x_wconf 87' lang='lat' dir='ltr'>consecrationis,</span> <span class='ocrx_word' id='word_1_686' title='bbox 2320 2232 2383 2280; x_wconf 88' lang='lat' dir='ltr'>qui</span> <span class='ocrx_word' id='word_1_687' title='bbox 2409 2239 2488 2269; x_wconf 89' lang='lat' dir='ltr'>erat</span> 
     </span>
     <span class='ocr_line' id='line_1_110' title="bbox 1430 2283 2487 2343; baseline 0.001 -23"><span class='ocrx_word' id='word_1_688' title='bbox 1430 2284 1535 2333; x_wconf 87' lang='lat' dir='ltr'>quasi</span> <span class='ocrx_word' id='word_1_689' title='bbox 1554 2283 1677 2322; x_wconf 90' lang='lat' dir='ltr'>hostia</span> <span class='ocrx_word' id='word_1_690' title='bbox 1695 2283 1896 2343; x_wconf 82' lang='lat' dir='ltr'>pacifica,</span> <span class='ocrx_word' id='word_1_691' title='bbox 1887 2296 1925 2320; x_wconf 82' lang='lat' dir='ltr'>in</span> <span class='ocrx_word' id='word_1_692' title='bbox 1945 2285 2170 2321; x_wconf 88' lang='lat' dir='ltr'>memoriam</span> <span class='ocrx_word' id='word_1_693' title='bbox 2190 2285 2418 2322; x_wconf 89' lang='lat' dir='ltr'>liberationis</span> <span class='ocrx_word' id='word_1_694' title='bbox 2439 2285 2487 2322; x_wconf 94' lang='lat' dir='ltr'>de</span> 
     </span>
     <span class='ocr_line' id='line_1_111' title="bbox 1429 2336 2485 2396; baseline 0 -22"><span class='ocrx_word' id='word_1_695' title='bbox 1429 2340 1602 2385; x_wconf 87' lang='lat' dir='ltr'>Aegypto</span> <span class='ocrx_word' id='word_1_696' title='bbox 1631 2349 1699 2385; x_wconf 91' lang='lat' dir='ltr'>per</span> <span class='ocrx_word' id='word_1_697' title='bbox 1718 2336 1943 2384; x_wconf 87' lang='lat' dir='ltr'>sanguinem</span> <span class='ocrx_word' id='word_1_698' title='bbox 1963 2337 2093 2396; x_wconf 80' lang='lat' dir='ltr'>agni3</span> <span class='ocrx_word' id='word_1_699' title='bbox 2095 2337 2299 2374; x_wconf 85' lang='lat' dir='ltr'>canistrum</span> <span class='ocrx_word' id='word_1_700' title='bbox 2328 2350 2485 2386; x_wconf 85' lang='lat' dir='ltr'>panum,</span> 
     </span>
     <span class='ocr_line' id='line_1_112' title="bbox 1428 2383 2292 2439; baseline 0 -13"><span class='ocrx_word' id='word_1_701' title='bbox 1428 2391 1465 2427; x_wconf 89' lang='lat' dir='ltr'>in</span> <span class='ocrx_word' id='word_1_702' title='bbox 1495 2390 1722 2427; x_wconf 88' lang='lat' dir='ltr'>memoriam</span> <span class='ocrx_word' id='word_1_703' title='bbox 1752 2401 1916 2426; x_wconf 88' lang='lat' dir='ltr'>mannae</span> <span class='ocrx_word' id='word_1_704' title='bbox 1944 2383 2110 2438; x_wconf 84' lang='lat' dir='ltr'>praesti&#39;ti</span> <span class='ocrx_word' id='word_1_705' title='bbox 2136 2391 2292 2439; x_wconf 92' lang='lat' dir='ltr'>populo.</span> 
     </span>
    </p>

    <p class='ocr_par' dir='ltr' id='par_1_21' title="bbox 1429 2443 2489 2850">
     <span class='ocr_line' id='line_1_113' title="bbox 1481 2443 2488 2491; baseline 0 -12"><span class='ocrx_word' id='word_1_706' title='bbox 1481 2443 1697 2480; x_wconf 89' lang='lat' dir='ltr'>Pertinebat</span> <span class='ocrx_word' id='word_1_707' title='bbox 1726 2450 1855 2479; x_wconf 88' lang='lat' dir='ltr'>autem</span> <span class='ocrx_word' id='word_1_708' title='bbox 1884 2443 1932 2479; x_wconf 91' lang='lat' dir='ltr'>ad</span> <span class='ocrx_word' id='word_1_709' title='bbox 1967 2443 2258 2491; x_wconf 87' lang='lat' dir='ltr'>applicationem</span> <span class='ocrx_word' id='word_1_710' title='bbox 2294 2443 2488 2479; x_wconf 89' lang='lat' dir='ltr'>ministerii</span> 
     </span>
     <span class='ocr_line' id='line_1_114' title="bbox 1429 2496 2487 2545; baseline 0 -13"><span class='ocrx_word' id='word_1_711' title='bbox 1429 2496 1531 2544; x_wconf 91' lang='lat' dir='ltr'>quod</span> <span class='ocrx_word' id='word_1_712' title='bbox 1569 2496 1865 2544; x_wconf 89' lang='lat' dir='ltr'>imponebantur</span> <span class='ocrx_word' id='word_1_713' title='bbox 1892 2507 2006 2544; x_wconf 88' lang='lat' dir='ltr'>super</span> <span class='ocrx_word' id='word_1_714' title='bbox 2037 2508 2174 2532; x_wconf 89' lang='lat' dir='ltr'>manus</span> <span class='ocrx_word' id='word_1_715' title='bbox 2199 2508 2333 2532; x_wconf 87' lang='lat' dir='ltr'>eorum</span> <span class='ocrx_word' id='word_1_716' title='bbox 2371 2496 2487 2545; x_wconf 88' lang='lat' dir='ltr'>adeps</span> 
     </span>
     <span class='ocr_line' id='line_1_115' title="bbox 1430 2548 2487 2597; baseline 0 -12"><span class='ocrx_word' id='word_1_717' title='bbox 1430 2549 1564 2594; x_wconf 90' lang='lat' dir='ltr'>arietis,</span> <span class='ocrx_word' id='word_1_718' title='bbox 1587 2555 1622 2585; x_wconf 91' lang='lat' dir='ltr'>et</span> <span class='ocrx_word' id='word_1_719' title='bbox 1648 2556 1746 2585; x_wconf 88' lang='lat' dir='ltr'>torta</span> <span class='ocrx_word' id='word_1_720' title='bbox 1765 2548 1873 2597; x_wconf 89' lang='lat' dir='ltr'>panis</span> <span class='ocrx_word' id='word_1_721' title='bbox 1899 2548 2024 2596; x_wconf 92' lang='lat' dir='ltr'>unius,</span> <span class='ocrx_word' id='word_1_722' title='bbox 2047 2556 2083 2585; x_wconf 92' lang='lat' dir='ltr'>et</span> <span class='ocrx_word' id='word_1_723' title='bbox 2110 2561 2238 2585; x_wconf 87' lang='lat' dir='ltr'>armus</span> <span class='ocrx_word' id='word_1_724' title='bbox 2267 2549 2416 2585; x_wconf 84' lang='lat' dir='ltr'>dexter:</span> <span class='ocrx_word' id='word_1_725' title='bbox 2445 2555 2487 2585; x_wconf 91' lang='lat' dir='ltr'>ut</span> 
     </span>
     <span class='ocr_line' id='line_1_116' title="bbox 1430 2601 2487 2650; baseline -0.001 -12"><span class='ocrx_word' id='word_1_726' title='bbox 1430 2602 1692 2639; x_wconf 88' lang='lat' dir='ltr'>ostenderetur</span> <span class='ocrx_word' id='word_1_727' title='bbox 1718 2602 1824 2649; x_wconf 89' lang='lat' dir='ltr'>quod</span> <span class='ocrx_word' id='word_1_728' title='bbox 1853 2601 2087 2649; x_wconf 88' lang='lat' dir='ltr'>accipiebant</span> <span class='ocrx_word' id='word_1_729' title='bbox 2115 2609 2339 2650; x_wconf 86' lang='lat' dir='ltr'>potestatem</span> <span class='ocrx_word' id='word_1_730' title='bbox 2358 2601 2487 2638; x_wconf 88' lang='lat' dir='ltr'>huius-</span> 
     </span>
     <span class='ocr_line' id='line_1_117' title="bbox 1431 2654 2488 2703; baseline -0.001 -12"><span class='ocrx_word' id='word_1_731' title='bbox 1431 2654 1536 2703; x_wconf 84' lang='lat' dir='ltr'>modi</span> <span class='ocrx_word' id='word_1_732' title='bbox 1570 2654 1756 2691; x_wconf 84' lang='lat' dir='ltr'>offerendi</span> <span class='ocrx_word' id='word_1_733' title='bbox 1788 2654 1971 2691; x_wconf 87' lang='lat' dir='ltr'>Domino.</span> <span class='ocrx_word' id='word_1_734' title='bbox 2006 2654 2162 2692; x_wconf 88' lang='lat' dir='ltr'>Levitae</span> <span class='ocrx_word' id='word_1_735' title='bbox 2195 2666 2287 2691; x_wconf 88' lang='lat' dir='ltr'>vero</span> <span class='ocrx_word' id='word_1_736' title='bbox 2325 2654 2488 2702; x_wconf 87' lang='lat' dir='ltr'>applica-</span> 
     </span>
     <span class='ocr_line' id='line_1_118' title="bbox 1431 2706 2489 2755; baseline -0.001 -11"><span class='ocrx_word' id='word_1_737' title='bbox 1431 2709 1568 2744; x_wconf 88' lang='lat' dir='ltr'>bantur</span> <span class='ocrx_word' id='word_1_738' title='bbox 1595 2707 1643 2744; x_wconf 88' lang='lat' dir='ltr'>ad</span> <span class='ocrx_word' id='word_1_739' title='bbox 1671 2706 1919 2743; x_wconf 87' lang='lat' dir='ltr'>ministerium</span> <span class='ocrx_word' id='word_1_740' title='bbox 1948 2719 2016 2755; x_wconf 89' lang='lat' dir='ltr'>per</span> <span class='ocrx_word' id='word_1_741' title='bbox 2042 2708 2117 2744; x_wconf 92' lang='lat' dir='ltr'>hoc</span> <span class='ocrx_word' id='word_1_742' title='bbox 2137 2707 2240 2755; x_wconf 91' lang='lat' dir='ltr'>quod</span> <span class='ocrx_word' id='word_1_743' title='bbox 2268 2706 2489 2743; x_wconf 88' lang='lat' dir='ltr'>intromitte-</span> 
     </span>
     <span class='ocr_line' id='line_1_119' title="bbox 1431 2759 2489 2808; baseline -0.001 -11"><span class='ocrx_word' id='word_1_744' title='bbox 1431 2762 1566 2798; x_wconf 86' lang='lat' dir='ltr'>bantur</span> <span class='ocrx_word' id='word_1_745' title='bbox 1586 2760 1624 2796; x_wconf 93' lang='lat' dir='ltr'>in</span> <span class='ocrx_word' id='word_1_746' title='bbox 1651 2760 1939 2796; x_wconf 87' lang='lat' dir='ltr'>tabernaculum</span> <span class='ocrx_word' id='word_1_747' title='bbox 1967 2760 2141 2807; x_wconf 85' lang='lat' dir='ltr'>foederis,</span> <span class='ocrx_word' id='word_1_748' title='bbox 2172 2759 2278 2808; x_wconf 91' lang='lat' dir='ltr'>quasi</span> <span class='ocrx_word' id='word_1_749' title='bbox 2306 2759 2354 2796; x_wconf 90' lang='lat' dir='ltr'>ad</span> <span class='ocrx_word' id='word_1_750' title='bbox 2378 2759 2489 2796; x_wconf 91' lang='lat' dir='ltr'>mini-</span> 
     </span>
     <span class='ocr_line' id='line_1_120' title="bbox 1432 2813 2115 2850; baseline -0.001 0"><span class='ocrx_word' id='word_1_751' title='bbox 1432 2813 1628 2850; x_wconf 88' lang='lat' dir='ltr'>strandum</span> <span class='ocrx_word' id='word_1_752' title='bbox 1658 2813 1757 2849; x_wconf 91' lang='lat' dir='ltr'>circa</span> <span class='ocrx_word' id='word_1_753' title='bbox 1783 2825 1878 2849; x_wconf 86' lang='lat' dir='ltr'>vasa</span> <span class='ocrx_word' id='word_1_754' title='bbox 1905 2813 2115 2849; x_wconf 86' lang='lat' dir='ltr'>sanctuarii.</span> 
     </span>
    </p>

    <p class='ocr_par' dir='ltr' id='par_1_22' title="bbox 1433 2865 2493 3283">
     <span class='ocr_line' id='line_1_121' title="bbox 1486 2865 2490 2914; baseline -0.001 -12"><span class='ocrx_word' id='word_1_755' title='bbox 1486 2865 1666 2913; x_wconf 87' lang='lat' dir='ltr'>Figuralis</span> <span class='ocrx_word' id='word_1_756' title='bbox 1693 2877 1788 2902; x_wconf 89' lang='lat' dir='ltr'>vero</span> <span class='ocrx_word' id='word_1_757' title='bbox 1817 2866 1955 2903; x_wconf 89' lang='lat' dir='ltr'>horum</span> <span class='ocrx_word' id='word_1_758' title='bbox 1995 2866 2087 2902; x_wconf 83' lang='lat' dir='ltr'>ratio</span> <span class='ocrx_word' id='word_1_759' title='bbox 2118 2872 2196 2901; x_wconf 89' lang='lat' dir='ltr'>erat</span> <span class='ocrx_word' id='word_1_760' title='bbox 2232 2865 2320 2914; x_wconf 87' lang='lat' dir='ltr'>quia</span> <span class='ocrx_word' id='word_1_761' title='bbox 2348 2865 2396 2901; x_wconf 92' lang='lat' dir='ltr'>illi</span> <span class='ocrx_word' id='word_1_762' title='bbox 2425 2866 2490 2913; x_wconf 87' lang='lat' dir='ltr'>qui</span> 
     </span>
     <span class='ocr_line' id='line_1_122' title="bbox 1433 2917 2491 2967; baseline -0.001 -12"><span class='ocrx_word' id='word_1_763' title='bbox 1433 2926 1519 2955; x_wconf 90' lang='lat' dir='ltr'>sunt</span> <span class='ocrx_word' id='word_1_764' title='bbox 1547 2917 1793 2955; x_wconf 84' lang='lat' dir='ltr'>consecrandi</span> <span class='ocrx_word' id='word_1_765' title='bbox 1821 2918 1870 2955; x_wconf 90' lang='lat' dir='ltr'>ad</span> <span class='ocrx_word' id='word_1_766' title='bbox 1899 2918 2088 2967; x_wconf 89' lang='lat' dir='ltr'>spirituale</span> <span class='ocrx_word' id='word_1_767' title='bbox 2114 2917 2363 2954; x_wconf 90' lang='lat' dir='ltr'>ministerium</span> <span class='ocrx_word' id='word_1_768' title='bbox 2384 2918 2491 2954; x_wconf 89' lang='lat' dir='ltr'>Chri-</span> 
     </span>
     <span class='ocr_line' id='line_1_123' title="bbox 1433 2970 2491 3019; baseline -0.001 -11"><span class='ocrx_word' id='word_1_769' title='bbox 1433 2972 1490 3019; x_wconf 89' lang='lat' dir='ltr'>sti,</span> <span class='ocrx_word' id='word_1_770' title='bbox 1520 2972 1660 3009; x_wconf 90' lang='lat' dir='ltr'>debent</span> <span class='ocrx_word' id='word_1_771' title='bbox 1687 2971 1812 3019; x_wconf 90' lang='lat' dir='ltr'>primo</span> <span class='ocrx_word' id='word_1_772' title='bbox 1840 2971 2029 3019; x_wconf 87' lang='lat' dir='ltr'>purificari</span> <span class='ocrx_word' id='word_1_773' title='bbox 2056 2983 2124 3019; x_wconf 90' lang='lat' dir='ltr'>per</span> <span class='ocrx_word' id='word_1_774' title='bbox 2151 2982 2290 3018; x_wconf 87' lang='lat' dir='ltr'>aquam</span> <span class='ocrx_word' id='word_1_775' title='bbox 2314 2970 2491 3019; x_wconf 87' lang='lat' dir='ltr'>baptismi</span> 
     </span>
     <span class='ocr_line' id='line_1_124' title="bbox 1434 3023 2493 3072; baseline 0 -11"><span class='ocrx_word' id='word_1_776' title='bbox 1434 3033 1470 3061; x_wconf 90' lang='lat' dir='ltr'>et</span> <span class='ocrx_word' id='word_1_777' title='bbox 1488 3025 1742 3072; x_wconf 88' lang='lat' dir='ltr'>lacrymarum</span> <span class='ocrx_word' id='word_1_778' title='bbox 1771 3023 1810 3060; x_wconf 90' lang='lat' dir='ltr'>in</span> <span class='ocrx_word' id='word_1_779' title='bbox 1837 3024 1914 3060; x_wconf 91' lang='lat' dir='ltr'>fide</span> <span class='ocrx_word' id='word_1_780' title='bbox 1936 3023 2123 3072; x_wconf 87' lang='lat' dir='ltr'>passionis</span> <span class='ocrx_word' id='word_1_781' title='bbox 2143 3023 2289 3070; x_wconf 89' lang='lat' dir='ltr'>Christi,</span> <span class='ocrx_word' id='word_1_782' title='bbox 2311 3023 2416 3071; x_wconf 93' lang='lat' dir='ltr'>quod</span> <span class='ocrx_word' id='word_1_783' title='bbox 2436 3031 2493 3061; x_wconf 90' lang='lat' dir='ltr'>est</span> 
     </span>
     <span class='ocr_line' id='line_1_125' title="bbox 1435 3075 2492 3125; baseline 0 -12"><span class='ocrx_word' id='word_1_784' title='bbox 1435 3077 1663 3125; x_wconf 87' lang='lat' dir='ltr'>expiativurn</span> <span class='ocrx_word' id='word_1_785' title='bbox 1693 3083 1729 3112; x_wconf 90' lang='lat' dir='ltr'>et</span> <span class='ocrx_word' id='word_1_786' title='bbox 1755 3076 1995 3125; x_wconf 88' lang='lat' dir='ltr'>purgativum</span> <span class='ocrx_word' id='word_1_787' title='bbox 2015 3075 2253 3112; x_wconf 88' lang='lat' dir='ltr'>sacrificium.</span> <span class='ocrx_word' id='word_1_788' title='bbox 2284 3077 2332 3112; x_wconf 92' lang='lat' dir='ltr'>Et</span> <span class='ocrx_word' id='word_1_789' title='bbox 2352 3077 2492 3114; x_wconf 88' lang='lat' dir='ltr'>debent</span> 
     </span>
     <span class='ocr_line' id='line_1_126' title="bbox 1434 3128 2492 3177; baseline 0 -11"><span class='ocrx_word' id='word_1_790' title='bbox 1434 3130 1564 3166; x_wconf 88' lang='lat' dir='ltr'>radere</span> <span class='ocrx_word' id='word_1_791' title='bbox 1585 3140 1720 3165; x_wconf 87' lang='lat' dir='ltr'>omnes</span> <span class='ocrx_word' id='word_1_792' title='bbox 1739 3128 1836 3177; x_wconf 91' lang='lat' dir='ltr'>pilos</span> <span class='ocrx_word' id='word_1_793' title='bbox 1856 3128 1990 3175; x_wconf 81' lang='lat' dir='ltr'>carnis,</span> <span class='ocrx_word' id='word_1_794' title='bbox 2006 3128 2102 3165; x_wconf 87' lang='lat' dir='ltr'>idest</span> <span class='ocrx_word' id='word_1_795' title='bbox 2117 3140 2252 3165; x_wconf 89' lang='lat' dir='ltr'>omnes</span> <span class='ocrx_word' id='word_1_796' title='bbox 2270 3141 2409 3177; x_wconf 89' lang='lat' dir='ltr'>pravas</span> <span class='ocrx_word' id='word_1_797' title='bbox 2429 3142 2492 3166; x_wconf 93' lang='lat' dir='ltr'>co-</span> 
     </span>
     <span class='ocr_line' id='line_1_127' title="bbox 1433 3181 2493 3230; baseline 0.001 -12"><span class='ocrx_word' id='word_1_798' title='bbox 1433 3182 1642 3230; x_wconf 89' lang='lat' dir='ltr'>gitationes.</span> <span class='ocrx_word' id='word_1_799' title='bbox 1663 3181 1815 3218; x_wconf 87' lang='lat' dir='ltr'>Debent</span> <span class='ocrx_word' id='word_1_800' title='bbox 1835 3181 1946 3218; x_wconf 85' lang='lat' dir='ltr'>etiam</span> <span class='ocrx_word' id='word_1_801' title='bbox 1967 3181 2092 3218; x_wconf 87' lang='lat' dir='ltr'>ornari</span> <span class='ocrx_word' id='word_1_802' title='bbox 2110 3181 2326 3228; x_wconf 84' lang='lat' dir='ltr'>virtutibus3</span> <span class='ocrx_word' id='word_1_803' title='bbox 2348 3189 2384 3218; x_wconf 90' lang='lat' dir='ltr'>et</span> <span class='ocrx_word' id='word_1_804' title='bbox 2403 3194 2493 3219; x_wconf 94' lang='lat' dir='ltr'>con-</span> 
     </span>
     <span class='ocr_line' id='line_1_128' title="bbox 1434 3233 2493 3283; baseline 0.002 -12"><span class='ocrx_word' id='word_1_805' title='bbox 1434 3234 1571 3271; x_wconf 86' lang='lat' dir='ltr'>secrari</span> <span class='ocrx_word' id='word_1_806' title='bbox 1604 3234 1690 3270; x_wconf 92' lang='lat' dir='ltr'>oleo</span> <span class='ocrx_word' id='word_1_807' title='bbox 1726 3233 1886 3282; x_wconf 90' lang='lat' dir='ltr'>Spiritus</span> <span class='ocrx_word' id='word_1_808' title='bbox 1921 3234 2064 3281; x_wconf 88' lang='lat' dir='ltr'>Sancti,</span> <span class='ocrx_word' id='word_1_809' title='bbox 2094 3241 2131 3271; x_wconf 88' lang='lat' dir='ltr'>et</span> <span class='ocrx_word' id='word_1_810' title='bbox 2157 3234 2374 3283; x_wconf 89' lang='lat' dir='ltr'>aspersione</span> <span class='ocrx_word' id='word_1_811' title='bbox 2408 3247 2493 3273; x_wconf 89' lang='lat' dir='ltr'>san-</span> 
     </span>
    </p>
   </div>
   <div class='ocr_carea' id='block_1_15' title="bbox 1433 3339 2493 3406">
    <p class='ocr_par' dir='ltr' id='par_1_23' title="bbox 1434 3339 2493 3402">
     <span class='ocr_line' id='line_1_129' title="bbox 1485 3339 2493 3372; baseline 0.003 -9"><span class='ocrx_word' id='word_1_812' title='bbox 1485 3340 1522 3371; x_wconf 80' lang='grc' dir='ltr'>νν)</span> <span class='ocrx_word' id='word_1_813' title='bbox 1541 3342 1567 3363; x_wconf 85' lang='lat' dir='ltr'>et</span> <span class='ocrx_word' id='word_1_814' title='bbox 1587 3346 1694 3364; x_wconf 87' lang='lat' dir='ltr'>nonum.</span> <span class='ocrx_word' id='word_1_815' title='bbox 1711 3353 1730 3358; x_wconf 92' lang='lat'>-</span> <span class='ocrx_word' id='word_1_816' title='bbox 1748 3339 1810 3364; x_wconf 91' lang='lat' dir='ltr'>Om.</span> <span class='ocrx_word' id='word_1_817' title='bbox 1829 3339 1930 3364; x_wconf 82' lang='lat' dir='ltr'>codices</span> <span class='ocrx_word' id='word_1_818' title='bbox 1950 3344 1974 3363; x_wconf 86' lang='lat' dir='ltr'>et</span> <span class='ocrx_word' id='word_1_819' title='bbox 1988 3347 2019 3368; x_wconf 84' lang='lat' dir='ltr'>a‚·</span> <span class='ocrx_word' id='word_1_820' title='bbox 2035 3339 2078 3372; x_wconf 88' lang='lat' dir='ltr'>qui</span> <span class='ocrx_word' id='word_1_821' title='bbox 2093 3340 2169 3365; x_wconf 82' lang='lat' dir='ltr'>etiam</span> <span class='ocrx_word' id='word_1_822' title='bbox 2189 3348 2236 3372; x_wconf 89' lang='lat' dir='ltr'>pro</span> <span class='ocrx_word' id='word_1_823' title='bbox 2256 3341 2300 3365; x_wconf 78' lang='lat' dir='ltr'>Ad</span> <span class='ocrx_word' id='word_1_824' title='bbox 2313 3341 2441 3366; x_wconf 80' lang='lat' dir='ltr'>decimum</span> <span class='ocrx_word' id='word_1_825' title='bbox 2457 3342 2493 3366; x_wconf 90' lang='lat' dir='ltr'>le-</span> 
     </span>
     <span class='ocr_line' id='line_1_130' title="bbox 1433 3374 1683 3406; baseline 0 -8"><span class='ocrx_word' id='word_1_826' title='bbox 1433 3380 1497 3406; x_wconf 83' lang='lat' dir='ltr'>gunt</span> <span class='ocrx_word' id='word_1_827' title='bbox 1515 3374 1557 3398; x_wconf 78' lang='lat' dir='ltr'>Ad</span> <span class='ocrx_word' id='word_1_828' title='bbox 1577 3381 1683 3398; x_wconf 85' lang='lat' dir='ltr'>nonum.</span> 
     </span>
    </p>
   </div>
   <div class='ocr_carea' id='block_1_16' title="bbox 1434 3407 2493 3473">
    <p class='ocr_par' dir='ltr' id='par_1_24' title="bbox 1434 3407 2493 3469">
     <span class='ocr_line' id='line_1_131' title="bbox 1488 3407 2493 3444; baseline 0.003 -11"><span class='ocrx_word' id='word_1_829' title='bbox 1488 3407 1525 3441; x_wconf 79' lang='grc' dir='ltr'>ξξ)</span> <span class='ocrx_word' id='word_1_830' title='bbox 1545 3416 1609 3433; x_wconf 83' lang='lat' dir='ltr'>eos.</span> <span class='ocrx_word' id='word_1_831' title='bbox 1631 3427 1637 3433; x_wconf 95' lang='lat'>.</span> <span class='ocrx_word' id='word_1_832' title='bbox 1657 3409 1772 3434; x_wconf 77' lang='lat' dir='ltr'>virtutis.</span> <span class='ocrx_word' id='word_1_833' title='bbox 1787 3410 2009 3442; x_wconf 69' lang='lat' dir='ltr'>-praerogatiua</span> <span class='ocrx_word' id='word_1_834' title='bbox 2023 3410 2144 3435; x_wconf 76' lang='lat' dir='ltr'>veritatis</span> <span class='ocrx_word' id='word_1_835' title='bbox 2161 3414 2188 3436; x_wconf 77' lang='lat' dir='ltr'>et</span> <span class='ocrx_word' id='word_1_836' title='bbox 2201 3411 2308 3436; x_wconf 75' lang='lat' dir='ltr'>virtutis</span> <span class='ocrx_word' id='word_1_837' title='bbox 2322 3411 2358 3442; x_wconf 84' lang='lat' dir='ltr'>E;</span> <span class='ocrx_word' id='word_1_838' title='bbox 2377 3420 2424 3444; x_wconf 83' lang='lat' dir='ltr'>pro</span> <span class='ocrx_word' id='word_1_839' title='bbox 2438 3412 2493 3436; x_wconf 77' lang='lat' dir='ltr'>vir-</span> 
     </span>
     <span class='ocr_line' id='line_1_132' title="bbox 1434 3444 1734 3473; baseline 0 -5"><span class='ocrx_word' id='word_1_840' title='bbox 1434 3444 1506 3473; x_wconf 80' lang='lat' dir='ltr'>tutis,</span> <span class='ocrx_word' id='word_1_841' title='bbox 1527 3452 1554 3468; x_wconf 73' lang='grc' dir='ltr'>νι</span> <span class='ocrx_word' id='word_1_842' title='bbox 1551 3445 1647 3469; x_wconf 80' lang='lat' dir='ltr'>ritatis</span> <span class='ocrx_word' id='word_1_843' title='bbox 1667 3445 1734 3469; x_wconf 79' lang='lat' dir='ltr'>PFa.</span> 
     </span>
    </p>
   </div>
   <div class='ocr_carea' id='block_1_17' title="bbox 1490 3479 2065 3511">
    <p class='ocr_par' dir='ltr' id='par_1_25' title="bbox 1490 3479 2065 3511">
     <span class='ocr_line' id='line_1_133' title="bbox 1490 3479 2065 3511; baseline 0.003 -8"><span class='ocrx_word' id='word_1_844' title='bbox 1490 3480 1530 3511; x_wconf 67' lang='grc' dir='ltr'>σο)</span> <span class='ocrx_word' id='word_1_845' title='bbox 1550 3479 1725 3504; x_wconf 77' lang='lat' dir='ltr'>ornabantur.</span> <span class='ocrx_word' id='word_1_846' title='bbox 1744 3493 1762 3498; x_wconf 91' lang='lat'>—</span> <span class='ocrx_word' id='word_1_847' title='bbox 1781 3479 1977 3504; x_wconf 81' lang='lat' dir='ltr'>ordinabantur</span> <span class='ocrx_word' id='word_1_848' title='bbox 1994 3480 2065 3506; x_wconf 79' lang='lat' dir='ltr'>PKa.</span> 
     </span>
    </p>
   </div>
   <div class='ocr_carea' id='block_1_18' title="bbox 2606 241 2633 272">
    <p class='ocr_par' dir='ltr' id='par_1_26' title="bbox 2606 241 2633 272">
     <span class='ocr_line' id='line_1_134' title="bbox 2606 241 2633 272; baseline 0 0"><span class='ocrx_word' id='word_1_849' title='bbox 2606 241 2633 272; x_wconf 73' lang='grc' dir='ltr'>ἓξ</span> 
     </span>
    </p>
   </div>
   <div class='ocr_carea' id='block_1_19' title="bbox 2603 345 2634 362">
    <p class='ocr_par' dir='ltr' id='par_1_27' title="bbox 2603 345 2634 362">
     <span class='ocr_line' id='line_1_135' title="bbox 2603 345 2634 362; baseline 0.032 -1"><span class='ocrx_word' id='word_1_850' title='bbox 2603 345 2634 362; x_wconf 87' lang='grc'>00</span> 
     </span>
    </p>
   </div>
   <div class='ocr_carea' id='block_1_20' title="bbox 2510 597 2722 645">
    <p class='ocr_par' dir='ltr' id='par_1_28' title="bbox 2510 597 2722 645">
     <span class='ocr_line' id='line_1_136' title="bbox 2510 597 2722 625; baseline 0.005 -7.14"><span class='ocrx_word' id='word_1_851' title='bbox 2510 598 2572 619; x_wconf 56' lang='lat' dir='ltr'>*Ch</span> <span class='ocrx_word' id='word_1_852' title='bbox 2587 597 2654 618; x_wconf 87' lang='lat' dir='ltr'>Num.</span> <span class='ocrx_word' id='word_1_853' title='bbox 2669 604 2722 625; x_wconf 83' lang='lat' dir='ltr'>cap.</span> 
     </span>
     <span class='ocr_line' id='line_1_137' title="bbox 2511 630 2561 645; baseline 0 0"><span class='ocrx_word' id='word_1_854' title='bbox 2511 630 2561 645; x_wconf 79' lang='lat' dir='ltr'>vin.</span> 
     </span>
    </p>
   </div>
   <div class='ocr_carea' id='block_1_21' title="bbox 2514 1083 2639 1104">
    <p class='ocr_par' dir='ltr' id='par_1_29' title="bbox 2514 1083 2639 1104">
     <span class='ocr_line' id='line_1_138' title="bbox 2514 1083 2639 1104; baseline 0 0"><span class='ocrx_word' id='word_1_855' title='bbox 2514 1083 2604 1104; x_wconf 82' lang='lat' dir='ltr'>&#39;Vers.</span> <span class='ocrx_word' id='word_1_856' title='bbox 2619 1089 2639 1104; x_wconf 85' lang='lat'>2.</span> 
     </span>
    </p>
   </div>
  </div>
 </body>
</html>
