2840 4010
119 724 329 746 'VideComment.
375 726 379 732 ·
405 721 410 730 ’

121 751 193 773 Caiet.
200 754 252 778 post
260 754 301 772 art.
310 756 329 777 3.

117 778 141 789 ”“
155 777 222 798 Vei-⁵.
238 783 258 804 7.

122 1425 130 1433 ·
147 1423 194 1451 Qu.
209 1429 284 1444 Lxxw.

122 1636 130 1644 ·
145 1634 212 1656 Vers.
226 1640 263 1662 29.

124 1806 132 1814 '
149 1804 229 1826 Ordin.

121 2056 132 2066 '⁶
147 2056 196 2084 Qu.
205 2062 282 2083 Lxxxx,
292 2060 334 2078 art.

120 2088 142 2103 2.

355 160 403 206 96
956 159 1221 205 QUAESTIO
1252 158 1444 202 LXXXII,
1474 157 1769 194 ARTICULUS
1799 159 1848 204 ΙΙ,
1878 159 1926 194 111

1115 298 1431 340 ARTICULUS
1461 298 1758 341 SECUNDUS

778 403 933 434 UTRUM
957 403 999 432 IN
1024 401 1114 432 UNo
1140 401 1310 433 HOMINE
1334 401 1431 433 smT
1455 402 1608 433 MULTA
1632 401 1883 433 ORIGINALIA
1907 401 2108 434 PECCATA

705 490 724 514 11
745 490 827 519 Sent„
848 489 904 513 dist.
919 496 1003 519 xxxm,
1022 496 1065 521 qu.
1078 496 1096 520 1,
1116 493 1162 513 art.
1179 487 1206 518 33
1225 488 1321 521 Expos.
1335 488 1409 520 Litt.;
1432 489 1470 514 De
1484 489 1567 518 Malo,
1587 497 1632 522 qu.
1645 497 1679 518 1v,
1699 494 1744 514 art.
1758 489 1787 520 8,
1806 490 1838 514 ad
1857 496 1882 519 1;
1903 489 1932 514 In
1953 489 2052 514 Psalm.
2070 496 2139 520 xxxi,
2159 496 2186 520 ις

1131 523 1175 548 Ad
1193 523 1279 552 Rom„
1299 531 1355 557 cap.
1369 531 1403 555 rv,
1423 525 1481 549 lect.
1495 532 1516 555 ¹3
1536 532 1591 556 cap.
1605 532 1630 555 V,
1650 525 1707 549 lect.
1721 532 1759 549 m.

395 652 418 669 s*
445 637 453 651 ι
479 642 518 671 «42
552 633 590 657 D
609 631 802 658 SECUNDUM
817 632 869 657 sic
887 632 1126 658 PROCEDITUR.
1137 620 1296 658 Videtur
1312 621 1416 669 quod

621 685 700 710 uno
715 673 872 710 homine
892 673 963 710 sint
982 674 1100 711 multa
1119 673 1311 721 originalia
1330 686 1417 722 pec-

392 727 544 805 5423&
570 733 651 762 cata
660 725 691 762 ²¹⁸.
709 725 854 763 Dicitur
868 726 1024 763 enimin
1038 727 1192 763 Psalmo
1209 739 1230 763 L
1240 726 1297 762 **:
1317 727 1417 762 Ecce

414 790 425 804 x
445 778 510 812 :⁶1¹9

358 831 394 867 in
407 832 572 879 peccatis
591 832 758 881 concepit
775 844 835 868 me
853 837 975 869 mater
992 844 1088 869 mea.
1120 832 1197 868 Sed
1216 838 1415 880 peccatum

357 883 396 921 in
415 896 492 933 quo
512 884 631 921 homo
652 884 874 934 concipitur,
896 892 951 921 est
975 885 1165 932 originale.
1187 885 1288 931 Ergo
1308 885 1417 932 plura

357 943 515 985 peccata
542 937 739 985 originalia
767 945 854 975 sunt
880 938 918 974 in
945 950 1024 974 uno
1053 937 1222 977 homine.

411 1001 447 1026 2.
469 991 702 1038 PRAETEREA,
722 1003 822 1027 unus
842 998 878 1026 et
904 990 1006 1027 idern
1029 989 1179 1026 habitus
1208 1001 1288 1026 non
1315 989 1416 1026 incli-

358 1049 423 1079 nat
451 1044 499 1080 ad
527 1043 730 1080 contraria:
760 1043 909 1080 habitus
939 1042 1041 1079 enim
1071 1042 1222 1079 inclinat
1243 1054 1314 1090 per
1334 1054 1416 1079 rno-

359 1094 451 1132 dum
471 1103 638 1143 naturae,
656 1109 755 1145 quae
775 1095 894 1132 tendit
918 1095 956 1131 in
974 1107 1108 1132 unum.
1127 1095 1203 1132 Sed
1218 1102 1417 1144 peccatum

359 1146 550 1196 originale,
572 1149 684 1186 etiam
700 1149 738 1185 in
753 1161 831 1186 uno
846 1148 1015 1195 hor‘nine,
1035 1148 1189 1186 inclinat
1204 1148 1252 1185 ad
1268 1147 1417 1185 diversa

358 1209 514 1249 peccata
534 1209 570 1238 et
589 1201 786 1239 contraria.
808 1202 909 1248 Ergo
925 1209 1125 1250 peccatum
1141 1200 1320 1248 originale
1339 1213 1418 1239 non

360 1261 415 1291 est
441 1267 542 1291 unus
569 1254 732 1301 habitus,
754 1254 822 1291 sed
850 1255 989 1303 plures.

414 1307 448 1343 3.
470 1308 701 1354 PRAETEREA,
723 1314 922 1356 peccatum
944 1306 1122 1354 originale
1146 1306 1264 1343 inficit
1283 1318 1419 1343 omnes

359 1359 510 1397 animae
538 1367 675 1410 partes.
698 1360 776 1397 Sed
805 1359 978 1397 diversae
1001 1367 1127 1408 partes
1155 1359 1305 1396 animae
1333 1367 1420 1397 sunt

359 1412 511 1451 diversa
530 1413 698 1451 subiecta
715 1413 872 1463 peccati,
892 1420 934 1450 ut
962 1425 1007 1450 ex
1030 1412 1248 1462 praemissis
1266 1412 1286 1434 *
1304 1420 1418 1461 patet.

361 1467 461 1503 Cum
488 1465 599 1514 igitur
624 1478 746 1504 unum
779 1473 981 1515 peccatum
1016 1478 1094 1503 non
1122 1466 1241 1514 possit
1270 1478 1352 1502 esse
1380 1466 1420 1503 in

360 1519 519 1556 diversis
547 1519 738 1566 subiectis,
768 1519 919 1556 videtur
947 1519 1051 1568 quod
1080 1527 1280 1567 peccatum
1310 1518 1420 1567 origi-

359 1572 443 1609 nale
473 1584 551 1608 non
579 1572 624 1608 sit
650 1584 785 1619 unum,
807 1572 874 1609 sed
903 1573 1031 1608 multa.

415 1626 489 1662 SED
518 1636 663 1662 CONTRA
691 1637 757 1662 EST
785 1625 889 1673 quod
919 1625 1054 1662 dicitur
1082 1625 1185 1661 Ioan.
1217 1637 1226 1660 1
1250 1623 1290 1660 *ε
1318 1625 1418 1661 Ecce

359 1678 495 1728 Agnus
521 1678 606 1724 Dei,
627 1690 711 1715 ecce
729 1678 796 1726 qui
819 1676 912 1715 tollit
923 1683 1120 1726 peccatum
1140 1677 1282 1714 mundi.
1303 1677 1421 1724 Quod

361 1730 595 1778 singulariter
622 1731 768 1777 dicitur,
798 1731 887 1779 quia
907 1736 1107 1779 peccatum
1135 1730 1285 1777 mundi,
1315 1730 1421 1778 quod

362 1792 416 1822 est
443 1791 643 1832 peccatum
664 1789 680 1806 α
709 1783 900 1832 originale,
931 1791 986 1820 est
1012 1796 1151 1830 unum3
1176 1791 1219 1820 ut
1246 1784 1383 1820 Glossa
1401 1783 1422 1805 *

360 1836 503 1874 ibidem
533 1837 695 1885 exponit.

415 1891 639 1926 RESPONDEO
669 1901 852 1927 DICENDUM
881 1891 987 1938 quod
1015 1889 1053 1926 in
1071 1901 1150 1926 uno
1179 1889 1336 1926 homine
1366 1896 1420 1926 est

361 1955 481 1980 unum
509 1950 711 1991 peccatum
741 1942 931 1991 originale.
954 1942 1072 1980 Cuius
1101 1942 1193 1979 ratio
1223 1941 1419 1990 dupliciter

362 1995 483 2044 accipi
502 2003 638 2044 potest.
659 1996 746 2033 Uno
767 1996 899 2043 rnodo,
921 2008 966 2033 ex
984 2003 1090 2044 parte
1120 2007 1257 2032 causae
1276 1995 1421 2043 peccati

362 2048 561 2096 originalis.
584 2049 738 2085 Dictum
765 2057 824 2086 est
853 2049 954 2086 enim
979 2061 1094 2097 supra
1114 2049 1133 2069 '⁸
1163 2048 1268 2096 quod
1296 2048 1421 2085 solum

361 2101 530 2150 primum
554 2109 753 2150 peccatum
775 2102 886 2151 primi
914 2102 1079 2151 parentis
1099 2102 1137 2138 in
1155 2109 1330 2150 posteros
1349 2108 1422 2138 tra-

363 2155 520 2191 ducitur.
550 2155 661 2192 Unde
681 2163 883 2204 peccatum
904 2155 1084 2203 originale
1108 2154 1146 2191 in
1165 2167 1244 2191 uno
1264 2153 1421 2191 homine

363 2215 417 2247 est
445 2220 566 2246 unum
595 2220 775 2255 numero3
796 2216 831 2245 et
860 2209 897 2245 in
917 2208 1095 2245 omnibus
1123 2207 1342 2245 hominibus
1367 2214 1422 2245 est

361 2273 482 2299 unum
501 2261 761 2310 proportione,
782 2261 820 2299 in
840 2269 1015 2310 respectu
1029 2261 1169 2298 scilicet
1187 2260 1237 2298 ad
1255 2260 1421 2310 primum

360 2326 598 2362 princ1p1um.

414 2367 499 2404 Alio
528 2366 646 2404 modo
666 2374 791 2415 potest
814 2367 931 2416 accipi
957 2367 1050 2404 ratio
1073 2367 1153 2405 eius
1182 2378 1227 2403 ex
1255 2366 1337 2415 ipsa
1366 2377 1421 2403 es-

361 2420 480 2457 sentia
500 2420 688 2468 originalis
711 2417 868 2468 pec‘cati.
896 2422 937 2458 In
963 2420 1068 2457 omni
1088 2419 1189 2456 enim
1210 2418 1423 2457 inordinata

362 2472 607 2522 dispositione
635 2472 758 2510 unitas
791 2473 929 2523 speciei
959 2472 1217 2510 consideratur
1246 2484 1290 2509 ex
1317 2479 1422 2521 parte

363 2538 511 2573 causae;
527 2526 650 2564 unitas
666 2534 793 2563 autem
805 2526 1017 2564 secundum
1033 2538 1249 2572 numerum,
1262 2537 1306 2562 ex
1316 2532 1422 2574 parte

362 2578 531 2616 subiecti.
554 2579 656 2616 Sicut
675 2587 777 2627 patet
800 2579 838 2616 in
863 2579 1095 2627 aegritudine
1115 2578 1318 2627 corporali:
1339 2585 1425 2615 sunt

362 2632 463 2669 enim
484 2632 656 2670 diversae
677 2632 927 2679 aegritudines
948 2632 1083 2687 specie
1089 2644 1188 2680 quae
1204 2643 1249 2668 ex
1265 2630 1423 2668 diversis

414 2746 441 2777 α)
460 2748 500 2771 est
513 2748 662 2777 peccatum.
679 2759 697 2763 —
716 2745 816 2770 dicitur
830 2748 969 2776 peccatum
989 2745 1209 2777 ABCFGlKLpD,
1229 2744 1329 2770 dicitur
1346 2744 1378 2768 E.

414 2780 438 2813 β)
455 2781 480 2806 in
491 2780 617 2814 peccatis.
635 2794 654 2799 —
673 2780 743 2812 quod
758 2780 783 2804 ίη
795 2780 913 2812 peccatis
926 2780 1168 2814 ACDEFGIKLpB,
1181 2780 1252 2813 quod
1266 2779 1292 2804 1'n
1304 2779 1422 2812 peccatis

1471 621 1592 658 causis
1611 620 1842 669 procedunt,
1871 628 1963 669 puta
1988 633 2032 658 ex
2052 620 2400 669 superabundantia
2423 622 2533 663 calidi

1469 674 1531 710 vel
1559 673 1692 720 frigidi,
1720 674 1782 710 vel
1811 685 1857 710 ex
1885 673 2051 711 laesione
2074 674 2268 723 pulmonis
2286 675 2348 711 vel
2366 676 2531 723 hepatis3

1469 737 1547 761 una
1575 733 1702 762 autem
1731 726 1926 772 aegritudo
1955 726 2168 763 secundum
2197 727 2376 775 speciem,
2396 727 2435 764 in
2453 740 2532 765 uno

1469 777 1625 814 homine
1654 789 1733 814 non
1762 785 1817 814 est
1843 778 1913 815 nisi
1940 791 2017 817 una
2044 791 2219 818 numer0.
2251 780 2377 817 Causa
2404 788 2532 819 autem

1469 830 1581 867 huius
1609 837 1808 879 corruptae
1840 830 2096 880 dispositionis
2129 845 2226 882 quae
2256 825 2390 871 dicitur
2422 833 2533 882 origi-

1470 884 1553 920 nale
1582 890 1795 931 peccatum,
1825 891 1881 921 est
1906 896 1984 921 una
2011 892 2173 932 tantum,
2202 885 2343 923 scilicet
2369 886 2532 935 privatio

1470 936 1658 984 originalis
1686 935 1865 983 iustitiae,
1885 948 1955 984 per
1973 949 2090 985 quam
2108 939 2254 975 sublata
2274 946 2330 976 est
2348 939 2532 976 subiectio

1469 990 1661 1026 humanae
1680 989 1814 1025 mentis
1835 987 1882 1025 ad
1901 990 2040 1026 Deum.
2062 991 2111 1027 Et
2134 990 2220 1028 ideo
2240 999 2440 1040 peccatum
2461 992 2533 1029 ori-

1470 1041 1592 1090 ginale
1622 1049 1677 1078 est
1704 1053 1825 1078 unum
1855 1041 1992 1091 specie.
2022 1042 2071 1078 Et
2098 1042 2136 1080 in
2162 1055 2240 1080 uno
2268 1044 2425 1082 homine
2453 1057 2533 1085 non

1470 1102 1594 1144 potest
1623 1107 1704 1131 esse
1724 1094 1795 1131 nisi
1812 1106 1936 1131 unum
1955 1106 2135 1132 numero:
2163 1095 2202 1133 in
2227 1096 2384 1135 diversis
2404 1105 2533 1135 autem

1470 1147 1691 1184 hominibus
1711 1155 1766 1184 est
1785 1159 1906 1184 unum
1927 1147 2052 1196 specie
2072 1155 2109 1185 et
2126 1149 2386 1197 proportione,
2406 1149 2530 1188 diver-

1471 1213 1557 1237 sum
1581 1208 1709 1237 autem
1739 1212 1911 1237 numero.

1525 1255 1584 1290 AD
1612 1265 1749 1290 PthJM
1776 1264 1874 1289 ERGO
1902 1265 2086 1290 DtCENDUM
2119 1254 2225 1302 quod
2259 1254 2450 1302 pluraliter
2477 1255 2531 1292 di—

1473 1306 1567 1343 citur
1580 1307 1618 1342 in
1631 1306 1796 1354 peccatis
1811 1304 1837 1352 β,
1854 1306 2067 1343 secundum
2085 1305 2190 1343 illum
2210 1318 2360 1344 morem
2381 1307 2531 1346 divinae

1473 1359 1687 1408 Scripturae
1712 1371 1789 1407 quo
1813 1359 2029 1407 frequenter
2050 1359 2205 1408 ponitur
2222 1359 2375 1409 pluralis
2398 1372 2533 1401 nume-

1473 1424 1536 1449 rus
1555 1425 1625 1461 pro
1645 1411 1842 1459 singulari:
1872 1411 1967 1448 sicut
1987 1412 2120 1451 Matth.
2142 1424 2165 1448 11
2184 1411 2224 1449 *z
2244 1413 2425 1461 Defuncti
2448 1419 2536 1455 sunt
2559 1428 2569 1438 ·

1473 1465 1539 1514 qui
1563 1465 1793 1513 quaerebant
1819 1465 1988 1502 animam
2009 1465 2134 1513 pueri.
2164 1465 2234 1502 Vel
2263 1466 2353 1514 quia
2379 1465 2418 1502 in
2445 1479 2533 1515 pee-

1474 1525 1558 1554 cato
1587 1517 1756 1566 originali
1783 1517 1991 1554 virtualiter
2014 1518 2271 1566 praeexistunt
2297 1519 2427 1556 omnia
2445 1530 2534 1568 pee-

1475 1578 1556 1607 cata
1576 1570 1746 1618 actualia,
1768 1570 1864 1607 sicut
1882 1570 1920 1606 in
1940 1570 2111 1619 quodam
2130 1570 2335 1621 principio:
2354 1572 2459 1611 unde
2479 1578 2535 1609 est

1474 1624 1670 1672 multiplex
1700 1623 1837 1660 virtute
1865 1622 1895 1660 ³¹⁸.
1931 1623 2002 1660 Vel
2036 1623 2126 1673 quia
2152 1623 2191 1661 in
2226 1632 2384 1673 peceato
2420 1623 2534 1675 primi

1473 1677 1639 1726 parentis
1673 1676 1778 1725 quod
1805 1688 1874 1725 per
1911 1675 2095 1724 originem
2127 1677 2350 1724 traducitur,
2383 1677 2536 1719 fuerunt

1473 1731 1600 1779 plures
1623 1729 1898 1766 deformitates:
1919 1729 2061 1766 scilicet
2082 1729 2295 1778 superbiae,
2314 1729 2536 1767 inobedien-

1473 1783 1564 1829 tiae,
1594 1783 1720 1830 gulae,
1751 1790 1786 1818 et
1814 1782 1885 1818 alia
1913 1781 2145 1819 huiusmodi.
2174 1782 2245 1819 Vel
2273 1782 2364 1831 quia
2393 1783 2535 1820 multae

1473 1843 1599 1884 partes
1619 1835 1768 1872 animae
1789 1835 2006 1871 inficiuntur
2032 1847 2102 1884 per
2118 1842 2320 1884 peccatum
2341 1834 2533 1884 originale.

1527 1890 1586 1926 AD
1615 1900 1803 1925 SECUNDUM
1823 1899 2007 1925 DICENDUM
2026 1887 2131 1936 quod
2149 1900 2250 1926 unus
2277 1888 2428 1927 habitus
2455 1897 2536 1929 non

1473 1949 1598 1990 potest
1625 1941 1803 1978 inclinare
1832 1953 1900 1989 per
1919 1953 1960 1978 se
1989 1948 2026 1978 et
2049 1940 2201 1987 directe,
2226 1940 2322 1979 idest
2348 1954 2418 1990 per
2444 1953 2533 1991 pro-

1474 1994 1596 2042 priam
1616 1995 1792 2040 formam,
1815 1994 1863 2030 ad
1893 1994 2090 2031 contraria.
2113 1994 2190 2031 Sed
2209 1993 2390 2031 indirecte
2410 2002 2447 2032 et
2463 2006 2535 2043 per

1474 2047 1661 2094 accidens,
1679 2047 1817 2084 scilicet
1830 2059 1899 2095 per
1913 2047 2165 2084 remotionem
2184 2047 2429 2096 prohibentis,
2446 2046 2537 2085 nihil

1474 2100 1650 2151 prohibet
1668 2105 1699 2136 γε
1721 2100 1825 2147 sicut,
1847 2100 1970 2136 soluta
1993 2099 2193 2137 harmonia
2221 2100 2390 2149 eorporis
2418 2099 2537 2157 mixti,

1476 2153 1663 2190 elementa
1682 2153 1840 2190 tendunt
1860 2153 1897 2190 in
1917 2153 2001 2190 loca
2030 2152 2216 2191 contraria
2235 2150 2260 2192 ⁶.
2282 2153 2331 2190 Et
2353 2152 2538 2200 similiter,

1476 2207 1598 2243 soluta
1625 2205 1824 2243 harmonia
1843 2205 2032 2253 originalis
2060 2205 2237 2253 iustitiae,
2259 2205 2431 2245 diversae
2459 2205 2537 2245 ani-

1474 2271 1561 2296 mae
1589 2259 1779 2308 potentiae
1807 2258 1845 2295 in
1873 2259 2024 2296 diversa
2050 2259 2231 2296 feruntur.
2505 2272 2507 2276 ’
2531 2271 2534 2275 ·

1528 2314 1588 2349 AD
1611 2323 1770 2349 TER'rmM
1790 2323 1974 2349 DICENDUM
1994 2312 2099 2361 quod
2126 2312 2326 2360 peccatum
2356 2311 2538 2360 originale

1475 2365 1594 2402 inficit
1632 2365 1800 2404 diversas
1827 2372 1954 2414 partes
1987 2365 2150 2412 animae,
2181 2365 2394 2402 secundum
2431 2362 2537 2414 quod

1477 2425 1563 2455 sunt
1590 2426 1715 2467 partes
1734 2418 1846 2455 unius
1875 2418 2007 2456 totius:
2038 2417 2133 2455 sicut
2153 2425 2189 2454 et
2215 2417 2353 2456 iustitia
2376 2417 2537 2466 origina-

1476 2471 1519 2508 lis
1540 2471 1755 2508 continebat
1784 2483 1920 2508 omnes
1949 2471 2100 2508 animae
2123 2478 2248 2520 partes
2275 2470 2315 2508 in
2334 2482 2467 2508 unum.
2487 2469 2538 2508 Et

1476 2524 1562 2561 ideo
1593 2532 1648 2561 est
1675 2536 1796 2560 unum
1825 2531 1972 2561 tantum
1996 2520 2197 2572 peccatum
2218 2523 2413 2571 originale.
2430 2523 2539 2561 Sicut

1479 2576 1591 2613 etiam
1620 2584 1675 2613 est
1694 2589 1770 2614 una
1799 2577 1911 2614 febris
1930 2577 1970 2614 in
1988 2589 2067 2613 uno
2096 2576 2264 2624 homine,
2284 2575 2463 2624 quamvis
2482 2575 2539 2612 di-

1454 2635 1611 2667 'versae
1640 2638 1765 2679 partes
1795 2629 1964 2679 corporis
1992 2636 2204 2678 graventur.

1529 2744 1555 2776 γ)
1575 2743 1641 2768 nihil
1655 2743 1788 2776 prohibet.
1805 2758 1824 2763 -
1843 2745 1905 2769 Om.
1924 2743 2032 2769 PHIKa.

2584 1427 2651 1450 Ven-
2664 1433 2706 1450 eo.

2561 1635 2570 1646 ·
2585 1633 2613 1656 D.
2629 1640 2696 1663 ¹⁰⁰7—

2659 2101 2681 2175 ...⁴

1529 2777 1554 2812 δ)
1574 2779 1631 2804 loca
1650 2780 1796 2804 contraria.
1815 2794 1833 2799 —
1851 2787 1900 2805 sua
1918 2779 1978 2804 loca
1996 2779 2025 2809 Ε,
2044 2785 2093 2804 sua
2112 2779 2171 2804 loca
2189 2778 2328 2804 contraria
2346 2778 2375 2804 F.

358 2820 499 2848 conceptus
517 2823 576 2840 sum
595 2816 662 2840 KsB.
680 2829 698 2834 -
717 2815 824 2840 divinae
842 2823 895 2840 om.
915 2816 1026 2841 codices.
2435 2814 2438 2815 ⁷

1162 2960 1478 3003 ARTICULUS
1507 2959 1736 3001 TERTIUS

868 3049 1023 3080 UTRUM
1047 3049 1280 3080 ORIGINALE
1304 3048 1542 3080 PECCATUM
1565 3048 1631 3079 Sir
1657 3041 2032 3079 CONCUPISCENTIA

579 3139 599 3164 11
619 3138 702 3170 Sent„
723 3138 781 3163 dist.
800 3146 854 3168 xxx,
875 3145 918 3170 qu.
937 3145 955 3167 1,
975 3142 1019 3162 art.
1042 3136 1070 3167 3;
1089 3136 1185 3170 Expos.
1204 3136 1280 3167 Litt.;
1300 3137 1357 3162 dist.
1377 3144 1441 3167 xxxi,
1460 3144 1504 3168 qu.
1523 3143 1550 3167 n,
1570 3141 1616 3161 art.
1640 3143 1661 3166 1,
1680 3136 1711 3160 ad
1733 3135 1760 3166 3;
1776 3135 1833 3160 dist.
1853 3142 1927 3166 xxxn,
1947 3142 1991 3167 qu.
2011 3142 2028 3164 ι,
2048 3140 2094 3160 art.
2113 3143 2134 3165 i,
2153 3135 2185 3160 ad
2203 3142 2225 3165 1,
2246 3134 2269 3165 3,
2287 3142 2320 3167 45

1147 3172 1188 3196 De
1205 3171 1288 3200 Malo,
1309 3179 1354 3204 qu.
1372 3179 1409 3203 111,
1429 3176 1476 3197 art.
1496 3179 1525 3204 75
1547 3179 1591 3204 qu.
1611 3179 1644 3202 w,
1664 3175 1711 3195 art.
1731 3178 1754 3195 2.

389 3270 456 3321 2335»
477 3274 550 3324 μς(
572 3274 594 3298 D
622 3274 781 3299 TERTmM
801 3273 854 3299 sm
874 3273 1113 3299 PROCEDITUR.
1133 3258 1292 3298 Videtur
1316 3260 1420 3310 quod

395 3300 552 3371 R'JAQJJO
572 3322 771 3362 peccatum
792 3314 969 3362 originale
990 3326 1068 3351 non
1083 3313 1129 3350 sit
1148 3313 1418 3362 concupiscen-

380 3361 502 3418 '32⁷3
517 3355 544 3406 Ϋι
558 3360 633 3402 tia.
664 3368 791 3403 Omne
821 3367 924 3404 enim
961 3374 1159 3416 peccatum
1198 3374 1253 3403 est
1290 3373 1421 3404 contra

123 3413 334 3465 {iffiefflf‘ssiorm’1
420 3390 518 3456 ζ’)
533 3407 767 3466 naturam,
801 3427 843 3456 ut
875 3420 962 3458 dicit
994 3421 1278 3466 Damascenus,
1315 3419 1352 3456 in
1386 3421 1416 3455 ΙΙ

273 3455 278 3461 .
299 3446 334 3466 ιν,

123 3446 334 3514 ξῗῗιςιίὴλᾶοερ.
363 3470 458 3508 libro

1475 3272 1575 3296 ram:
1597 3266 1652 3296 est
1676 3259 1778 3296 enirn
1807 3259 1985 3308 proprius
2004 3266 2110 3296 actus
2133 3257 2280 3296 virtutis
2300 3255 2535 3305 concupisci-

1474 3313 1569 3359 bilis,
1597 3324 1694 3361 quae
1724 3319 1779 3349 est
1806 3311 1974 3360 potentia
2007 3311 2197 3349 naturalis.
2227 3311 2329 3358 Ergo
2358 3309 2539 3358 concupi-

1474 3365 1613 3402 scentia
1641 3377 1719 3402 non
1748 3371 1803 3401 est
1831 3371 2031 3413 peccatum
2061 3363 2252 3412 originale.

1529 3430 1563 3456 2.
1585 3420 1818 3466 PRAETEREA,
1846 3429 1915 3467 per
1941 3424 2141 3467 peccatum
2171 3414 2351 3464 originale
2380 3421 2468 3451 sunt
2494 3414 2534 3452 in

1474 3471 1584 3509 nobis
1606 3471 1800 3520 passiones
1813 3475 2074 3519 peccatorum,-
2101 3475 2140 3506 ut
2152 3474 2260 3520 *patet
2277 3479 2347 3517 per
2370 3469 2535 3517 Aposto-

476 3470 508 3508 *.
540 3471 616 3508 Sed
652 3472 955 3520 concupiscentia
991 3481 1045 3509 est
1073 3473 1283 3510 secundum
1313 3480 1419 3509 natu-
