2840 4010
134 836 144 846 ⁶
156 835 189 856 Ca
207 840 253 860 .11‚
269 839 290 854 n.
307 834 346 855 8.-

135 861 188 883 S.T
208 877 213 882 .
227 861 277 881 lect.
294 866 323 881 iv.

372 176 420 212 62

1019 175 1283 222 QUAESTIO
1314 174 1503 219 LXXVII,
1533 175 1826 212 ARTICULUS
1855 177 1887 213 11

375 254 552 302 quamvis
579 254 662 303 ipsa
698 255 823 303 passio
854 254 1038 302 appetitus
1076 252 1243 289 sensitivi
1275 263 1353 287 non
1383 251 1428 287 sit
1482 259 1592 288 vetur
1621 252 1668 288 ab
1689 252 1853 289 inferiori
1883 253 2038 291 directe:
2059 257 2125 293 sed
2146 256 2324 294 indirecte
2348 258 2534 306 quodam-

377 306 514 344 directe
542 307 743 344 voluntatis
773 307 975 344 obiectum.

429 361 487 396 Au
512 371 700 396 SECUNDUM
722 371 904 396 DlCENDUM
932 357 1037 406 quod
1057 356 1228 405 superius
1249 368 1326 393 non
1347 369 1427 393 mo-

1482 304 1600 341 rnodo
1630 304 1779 341 moveri
1806 313 1941 353 potest,
1963 306 2056 343 sicut
2085 307 2225 345 dictum
2256 317 2310 346 est
2339 311 2370 346 *.

1536 358 1584 393 Et
1612 357 1780 393 similiter
1809 357 2014 395 dicendum
2043 366 2098 396 est
2125 360 2173 396 ad
2201 361 2361 399 tertium.

1041 444 1372 477 comentem-ia
1394 444 1643 477 Car-<finalis
1666 445 1865 477 Caietam

404 536 423 555 N
443 526 547 566 primo
564 526 694 556 articulo
711 524 903 564 quaestionis
919 523 1328 563 septuagesimaeseptimae‚
1342 523 1429 553 solus

377 537 520 599 Imodus
549 579 613 609 quo
644 568 750 608 passio
774 574 882 598 movet
904 568 1114 603 voluntatem,
1145 567 1348 597 declarandus
1375 577 1428 597 oc-

374 613 462 648 curit,
479 613 622 642 addendo
647 612 685 641 ad
710 611 790 642 dicta
809 611 840 640 in
858 611 989 641 articulo
1006 611 1144 641 secundo
1164 611 1357 651 quaestionis
1373 621 1429 640 no-

373 666 440 692 nae,
466 656 519 685 ubi
544 656 653 685 eadem
676 655 819 695 quaestio
844 665 880 685 ex
903 662 989 694 parte
1005 654 1175 685 voluntatis
1199 655 1342 685 absolute
1365 654 1428 694 agi-

372 706 435 729 tata
458 706 517 729 est:
542 699 657 728 modus
681 699 766 728 enim
787 699 821 728 in
844 698 954 729 ordine
977 699 1016 729 ad
1035 699 1229 729 causandum
1253 705 1428 738 peccatum,

373 753 409 772 ex
424 750 510 782 parte
534 742 633 782 ipsius
656 742 810 782 passionis
834 749 990 773 tractatur.
1015 742 1131 773 Modus
1155 742 1249 781 igitur
1273 749 1318 772 est
1341 741 1428 781 quod

371 786 476 826 passio
493 785 629 816 afficiens
645 786 830 826 appetitum,
855 785 950 817 afficit
971 786 1256 826 proportionaliter,
1275 795 1329 825 per
1346 785 1428 814 viam

371 830 614 866 redundantiae,
640 830 847 870 phantasiam.
872 830 952 860 Sunt
975 830 1069 866 enim,
1092 829 1174 860 utin
1191 829 1217 858 II
1233 829 1272 859 de
1285 829 1400 858 Anima
1412 827 1429 846 *

372 873 504 910 dicitur,
538 874 744 914 appetitivum
775 881 805 904 et
835 874 1066 914 phantasticum
1099 873 1220 902 animae
1252 871 1429 901 indistincta

370 918 459 954 loco,
490 918 626 948 entomis
656 917 766 948 decisis
797 918 1028 948 attestantibus:
1053 923 1083 946 et
1110 916 1190 946 sicut
1216 915 1256 945 ad
1287 915 1428 955 linguam

1483 523 1614 563 positus.
1639 524 1680 554 Et
1695 523 1773 554 ratio
1795 531 1841 554 est
1863 523 1937 564 quia
1952 524 2108 564 appetitus
2125 525 2267 555 animalis
2282 532 2328 557 est
2342 527 2445 566 primo
2464 538 2536 568 pro-

1483 574 1551 607 pter
1573 574 1678 598 totum
1695 567 1907 607 suppositum,
1925 575 1960 598 ut
1977 578 2012 599 ex
2029 568 2117 598 dictis
2133 568 2166 598 in
2187 569 2291 599 Prima
2305 570 2420 600 Parte*
2434 578 2534 611 patet:
2563 576 2572 586 ⁶
2585 575 2632 602 Qu.
2647 581 2716 602 2¹¹¹,
2730 578 2773 597 trt-

1483 611 1514 640 in
1539 611 1599 641 hoc
1623 611 1707 641 enim
1731 611 1830 642 differt
1849 613 1887 641 ab
1908 612 2047 652 appetitu
2068 612 2201 642 naturali
2217 612 2411 652 singularum
2426 621 2536 654 poten·
2564 608 2578 629 '¹
2594 607 2607 622 ³

1483 654 1597 684 tiarum
1622 661 1652 684 et
1674 654 1827 694 partium;
1852 662 1882 686 et
1905 662 2033 695 propter
2055 656 2116 686 hoc
2141 657 2231 686 datus
2255 663 2301 687 est
2315 667 2333 687 a
2348 664 2459 688 natura
2473 658 2537 688 ani-

1483 697 1568 728 mali.
1592 698 1639 727 Ex
1662 698 1723 728 hoc
1747 705 1852 729 autem
1875 699 1964 739 quod
1987 699 2038 730 hic
2061 700 2160 730 homo
2185 707 2230 731 est
2253 700 2340 731 aliter
2355 701 2536 741 dispositus,

1483 741 1625 781 sequitur
1648 748 1684 771 ut
1699 741 1818 781 aliquid
1838 741 1876 773 sit
1894 743 1962 779 sibi,
1980 743 2110 774 durante
2126 743 2177 774 illa
2193 744 2408 784 dispositione,
2425 754 2537 776 conve-

1483 785 1581 820 niens,
1599 785 1687 824 quod
1706 785 1793 825 prius
1810 795 1875 815 non
1892 793 1964 823 erat,
1982 787 2133 828 quodque
2154 788 2297 819 absolute
2317 795 2347 819 et
2362 789 2538 819 secundum

1483 828 1638 858 rationem
1655 835 1701 858 est
1716 828 1970 860 disconveniens:
1991 831 2100 871 incipit
2116 842 2253 872 namque
2270 832 2487 863 convenientia
2502 842 2539 863 ex

1484 872 1581 902 altero
1605 879 1818 902 extremorum
1839 872 1968 904 variato.
1993 874 2040 904 Ex
2055 875 2116 906 hoc
2131 882 2238 906 autem
2254 876 2342 916 quod
2358 876 2477 917 aliquid
2493 883 2540 907 est

1484 915 1673 946 conveniens
1697 916 1795 946 modo
1818 915 1893 946 huic
1916 916 1959 947 sic
1982 917 2145 958 disposito,
2169 919 2311 960 sequitur
2334 927 2365 950 et
2386 920 2474 961 quod
2493 930 2539 950 se-

2563 319 2572 328 ·
2588 317 2613 339 In
2628 323 2733 346 corpore.

1484 959 1624 990 cundum
1648 959 1801 990 iudicium
1821 959 2030 991 aestimativae
2050 968 2080 992 et
2098 962 2236 1000 rationis,
2255 963 2372 994 iudicet
2385 964 2464 994 illud
2480 964 2539 994 sibi

373 961 498 991 cholera
524 961 689 998 infectam,
720 968 830 1001 gustus
858 961 1011 991 iudicium
1040 969 1208 990 erroneum
1238 958 1289 996 fit,
1317 959 1360 989 ita
1390 959 1429 989 ad

1483 1013 1568 1034 nunc
1588 1003 1793 1034 conveniens:
1818 1003 1893 1043 quia
1908 1004 2012 1044 qualis
2027 1007 2242 1047 unusquisque
2257 1012 2313 1044 est,
2331 1008 2405 1039 talis
2421 1009 2451 1038 ei
2454 1008 2539 1049 finis

372 1005 548 1044 appetitum
571 1005 717 1045 passione
740 1005 902 1040 infectum,
927 1004 1115 1034 immutatur
1138 1002 1311 1043 phantasia,
1337 1009 1367 1033 et
1382 1002 1430 1032 iu-

372 1048 491 1079 dicium
518 1049 611 1079 etiam
640 1048 850 1079 aestimativae
880 1054 1116 1088 consequenter.
1140 1047 1181 1077 Et
1208 1046 1283 1087 quia
1310 1046 1429 1077 intelle·
1484 1047 1609 1078 videtur
1623 1046 1650 1077 *ἦ
1675 1047 1716 1077 Et
1739 1047 1781 1077 sic
1805 1047 1970 1087 dispositio
1995 1048 2124 1079 subiecti
2148 1050 2293 1090 passione
2317 1050 2412 1088 facta,
2437 1058 2540 1082 mutat
2566 1055 2775 1086 {Arium-fflic-

374 1099 441 1123 ctus
465 1099 611 1123 movetur
634 1103 651 1122 a
674 1093 905 1132 phantasmate,
931 1100 1128 1131 consequens
1159 1097 1205 1121 est
1233 1097 1268 1120 ut
1291 1100 1308 1120 a
1331 1090 1429 1130 phan·
1483 1091 1638 1121 iudicium
1653 1091 1782 1121 rationis
1807 1091 1844 1120 de
1862 1090 1995 1128 obiecto,
2013 1092 2102 1132 quod
2125 1099 2170 1124 est
2184 1094 2341 1125 motivum
2356 1095 2537 1127 voluntatis.
2565 1082 2776 1136 llffiffifi'izlae'.

1483 1135 1524 1165 Et
1547 1134 1589 1164 sic
1613 1144 1649 1164 ex
1672 1141 1759 1174 parte
1783 1134 1905 1170 obiecti,
1929 1135 2034 1175 passio
2058 1143 2166 1167 movet
2187 1137 2393 1175 voluntatem,
2446 1149 2452 1152 ·
2565 1140 2615 1157 ¹¹¹¹·

1534 1178 1620 1208 Haec
1631 1178 1681 1208 via
1698 1188 1734 1208 ex
1750 1185 1835 1218 parte
1852 1178 1975 1215 obiecti,
1989 1185 2035 1210 est
2050 1179 2160 1210 tutior:
2181 1181 2292 1220 prima,
2309 1191 2346 1212 ex
2360 1189 2447 1222 parte
2460 1183 2539 1224 ipsa-

1483 1232 1556 1252 rum
1571 1222 1794 1262 potentiarum,
1815 1222 1895 1252 hanc
1910 1222 2029 1253 adiuvit
2040 1223 2065 1254 *.
2086 1223 2133 1254 Ex
2148 1231 2257 1255 neutra
2271 1231 2387 1262 autem,
2402 1232 2439 1257 ut
2452 1226 2539 1257 vides

1483 1266 1509 1296 si
1524 1276 1647 1296 memor
1659 1276 1691 1296 es
1704 1266 1862 1296 dictorum
1874 1263 1898 1302 *‚
1915 1266 2063 1297 voluntas
2079 1267 2295 1299 necessitatur:
2312 1269 2386 1310 quia
2402 1279 2438 1300 ex
2453 1277 2540 1310 parte

1484 1309 1597 1340 obiecti
1621 1309 1721 1340 motio
1746 1317 1799 1345 est,
1825 1317 1854 1340 et
1877 1310 1916 1340 ad
1935 1310 2150 1342 necessitatem
2162 1312 2330 1352 requiritur
2344 1313 2420 1344 alter
2434 1321 2540 1346 motor

1483 1363 1520 1384 ex
1538 1360 1624 1394 parte
1644 1353 1773 1384 subiecti
1790 1354 1829 1383 ad
1846 1354 2027 1385 exercitium
2046 1362 2142 1386 actus.
2167 1355 2299 1396 Propter
2322 1358 2411 1397 quod
2425 1358 2540 1389 volun-

1483 1403 1529 1428 tas
1551 1397 1647 1427 libere
1671 1407 1804 1438 sequens
1827 1397 2012 1428 huiusmodi
2036 1398 2205 1436 obiectum,
2229 1406 2347 1440 peccat.

371 1137 556 1167 tasmatibus
582 1136 626 1166 sic
654 1135 838 1175 compositis
865 1135 984 1165 iudicio
1014 1134 1240 1170 aestimativae,
1266 1141 1431 1164 moveatur

370 1180 546 1211 intellectus
570 1181 609 1210 ad
631 1180 836 1210 iudicandum
858 1179 959 1209 idem:
984 1178 1165 1218 praesertim
1180 1178 1254 1218 quia
1276 1177 1430 1208 iudicium

371 1231 418 1254 est
441 1224 479 1253 de
502 1223 669 1263 singulari,
693 1223 725 1253 in
750 1233 816 1263 quo
839 1222 1010 1262 plurimam
1033 1222 1099 1252 vim
1130 1222 1250 1252 obtinet
1276 1221 1428 1252 iudicium

372 1267 564 1308 cogitativae.

429 1312 550 1341 Rursus
575 1321 611 1341 ex
634 1311 695 1341 hoc
719 1310 808 1350 quod
831 1310 988 1350 appetitus
1018 1309 1183 1340 sensitivus
1211 1308 1357 1348 passione
1379 1319 1430 1339 ve-

373 1354 513 1385 hementi
537 1354 685 1390 afficitur,
710 1354 760 1385 hic
783 1354 882 1384 homo
912 1363 977 1384 non
1006 1354 1111 1384 solum
1140 1353 1316 1384 secundum
1343 1353 1430 1383 illam

373 1405 504 1439 partem,
529 1399 583 1428 sed
606 1398 748 1429 absolute
773 1405 914 1429 mutatur
937 1397 1120 1434 animaliter,
1146 1403 1176 1427 et
1199 1403 1245 1427 est
1268 1396 1355 1427 aliter
1369 1397 1430 1427 dis-

2567 1234 2618 1257 ἘΩ
2624 1241 2663 1263 qu.
2669 1240 2701 1262 rx,
2707 1237 2749 1257 nrt.
2755 1240 2775 1256 2.

2564 1279 2576 1291 *
2591 1279 2639 1307 Qu.
2654 1285 2682 1306 x,
2696 1282 2739 1301 ert.
2754 1283 2777 1301 a.

1135 1550 1452 1592 ARTICULUS
1481 1550 1777 1605 SECUNDUS

659 1644 814 1674 UTRUM
838 1643 972 1674 RATIO
996 1642 1142 1674 Possm·
1166 1642 1373 1673 SUPERAm
1396 1645 1426 1674 A
1448 1643 1651 1674 PAssmNE
1675 1643 1856 1675 CONTRA
1880 1632 1996 1676 SUAM
2020 1607 2254 1676 SCJEerAM

1115 1720 1157 1744 De
1175 1719 1260 1750 Malo,
1278 1727 1322 1752 qu.
1336 1727 1378 1750 m,
1397 1725 1443 1744 art.
1457 1727 1474 1753 9
1480 1727 1487 1750 ;
1506 1720 1551 1745 VII
1571 1720 1665 1750 Ethic„
1686 1721 1742 1745 lect.
1761 1728 1800 1746 111.

1480 1810 1656 1857 sterilem,
1686 1810 1754 1846 scit
1780 1811 1855 1847 hoc
1883 1810 2023 1847 animal
2051 1823 2132 1848 esse
2161 1811 2294 1858 sterile,
2325 1812 2538 1850 dummodo

1480 1863 1571 1899 sciat
1591 1863 1695 1911 quod
1715 1863 1761 1899 sit
1781 1863 1883 1899 mula
1902 1868 1933 1909 Ὺς
1959 1871 1999 1900 ut
2017 1871 2120 1912 patet
2138 1876 2206 1913 per
2224 1864 2263 1901 id
2282 1865 2387 1913 quod
2407 1865 2540 1903 dieitur
2661 1873 2679 1900 τ

1480 1915 1519 1952 in
1547 1917 1560 1951 I
1589 1917 1729 1952 Poster.
1750 1915 1770 1937 ’¹‘
1799 1916 1875 1952 Sed
1895 1915 1954 1952 ille
1974 1916 2040 1964 qui
2067 1916 2136 1953 scit
2153 1917 2296 1966 aliquid
2323 1917 2362 1954 in
2385 1917 2539 1955 univer·
2565 1928 2646 1977 ‘soffi-
2660 1934 2676 1977 f.
2690 1935 2712 1951 n·
2730 1935 2750 1958 5·
2764 1939 2777 1945 -

1481 1968 1562 2014 sali,
1593 1976 1683 2017 puta
1712 1969 1854 2005 nullam
1883 1969 2168 2006 fornicationem
2199 1982 2282 2007 esse
2310 1970 2535 2018 faciendam,
2584 1971 2590 1977 '
2669 1959 2753 1978 ‘⁶²¹¹'

459 1829 465 1842 r
491 1850 500 1865 η
522 1835 541 1846 „v
584 1822 606 1846 D
622 1821 811 1847 SECUNDUM
826 1821 879 1846 sic
894 1821 1133 1847 PROCEm‘rUR.
1149 1809 1308 1847 Videtur
1324 1810 1428 1858 quod

584 1863 677 1899 ratio
715 1875 793 1899 non
830 1862 948 1911 possit
984 1862 1151 1911 superari
1189 1874 1211 1898 a
1251 1862 1428 1911 passione

558 1922 714 1952 contra
752 1927 861 1951 suam
899 1915 1108 1952 scientiam.
1138 1914 1288 1952 Fortius
1325 1915 1427 1952 enim

1481 2021 1548 2057 scit
1567 2022 1641 2057 hoc
1666 2021 1889 2070 particulare
1910 2023 1980 2059 sub
1999 2022 2204 2059 universali
2233 2022 2426 2071 contineri,
2446 2031 2539 2072 puta

1480 2074 1580 2110 hunc
1601 2081 1727 2110 actum
1757 2086 1837 2111 esse
1857 2074 2112 2112 fornicarium.
2134 2076 2235 2123 Ergo
2262 2075 2414 2112 videtur
2432 2076 2539 2125 quod,
2836 2090 2840 2125 ς

1481 2126 1594 2163 etiam
1623 2127 1660 2163 in
1687 2127 1900 2175 particulari
1928 2128 2030 2164 sciat.

371 2027 526 2069 propter
540 2033 650 2058 suam
666 2020 939 2068 certitudinem,
958 2028 1012 2057 est
1027 2020 1271 2057 fortissimum
1293 2033 1427 2058 eorum

372 2085 470 2121 quae
499 2072 537 2109 in
564 2073 675 2110 nobis
703 2081 800 2110 sunt.
822 2074 924 2121 Ergo
954 2086 1032 2111 non
1061 2081 1185 2122 potest
1218 2074 1385 2122 superari
1405 2086 1427 2111 a

370 2126 560 2174 passione,
591 2138 687 2174 quae
717 2134 773 2163 est
799 2127 927 2163 debilis
954 2132 990 2163 et
1015 2127 1086 2163 cito
1115 2127 1296 2164 transiens
1315 2126 1346 2164 ²¹⁸.

134 2137 215 2158 'Arist.
223 2137 344 2166 Categor.,

135 2169 310 2191 ⁰⁸¹''v¹'¹¹'¹²'
426 2190 460 2215 2.
490 2180 723 2226 PRAETEREA‚
752 2180 929 2216 voluntas
958 2192 1036 2216 non
1065 2187 1120 2216 est
1147 2179 1218 2216 nisi
1246 2179 1336 2216 boni
1363 2180 1426 2217 vel
1538 2180 1570 2216 5.
1591 2181 1823 2227 PRAETEREA,
1849 2192 1893 2217 ea
1912 2192 2009 2229 quae
2035 2186 2120 2218 sunt
2139 2181 2175 2217 in
2203 2192 2306 2227 voce,
2325 2187 2412 2218 sunt
2426 2182 2537 2231 signa
2821 2199 2840 2228 ,4

371 2232 583 2280 apparentis
611 2232 716 2269 boni.
747 2233 823 2270 Sed
852 2244 940 2269 cum
968 2232 1093 2281 passio
1122 2232 1232 2269 trahit
1255 2233 1429 2270 volunta·
1480 2232 1680 2269 intellectus
1699 2233 1861 2279 animae,
1882 2233 2093 2270 secundum
2113 2233 2390 2282 Philosophum
2409 2233 2440 2271 *.
2458 2234 2540 2272 Sed
2563 2243 2776 2292 Iffiflemgg-
2831 2225 2840 2262 l

370 2291 448 2321 tem
476 2284 514 2321 in
541 2284 579 2321 id
607 2286 712 2332 quod
741 2293 796 2322 est
814 2297 905 2322 vere
925 2285 1084 2332 bonum,
1105 2298 1184 2322 non
1202 2285 1352 2322 inclinat
1371 2298 1427 2323 ra·
1479 2285 1598 2322 homo
1636 2285 1674 2322 in
1701 2285 1878 2334 passione
1912 2286 2070 2323 existens
2099 2286 2314 2334 frequenter
2338 2287 2540 2336 confitetur
2562 2286 2680 2350 ὶίιιὲεὲξῖ
2693 2286 2775 2345 ε’ὁξέἒ

370 2337 512 2374 tionem
543 2346 672 2374 contra
701 2337 907 2375 scientiam.
939 2339 1039 2374 Cum
1065 2346 1193 2375 autem
1213 2338 1322 2375 trahit
1341 2350 1426 2375 eam
1479 2337 1517 2375 id
1546 2338 1651 2385 quod
1680 2338 1779 2386 eligit
1807 2351 1888 2375 esse
1926 2339 2070 2376 malum
2099 2339 2213 2376 etiam
2245 2338 2285 2376 in
2310 2339 2536 2387 particulari.
2562 2348 2778 2372 nunt-comment-

2562 2375 2603 2397 lib.
2616 2375 2646 2403 n,
2661 2376 2712 2398 lect.
2726 2381 2775 2398 xtv.

131 3026 140 3035 ¹
150 3025 340 3048 Contin.Comm.

131 3050 204 3078 s.Th.‚
217 3052 267 3073 lect.
277 3058 340 3074 xiv.-

127 3077 182 3099 Did.
207 3078 245 3099 lib.
265 3078 338 3105 unic.,

126 3109 201 3131 cam,
217 3110 240 3126 n.
254 3110 286 3126 10.

370 2389 408 2426 in
436 2389 475 2427 id
502 2391 606 2437 quod
627 2398 681 2427 est
700 2403 887 2439 apparens
907 2391 1054 2428 bonum
1083 2398 1119 2427 et
1146 2403 1224 2428 non
1253 2391 1425 2438 existens,

369 2442 480 2479 trahit
499 2455 584 2479 earn
604 2443 642 2479 in
661 2443 699 2480 id
719 2444 822 2492 quod
842 2443 975 2480 rationi
999 2444 1168 2481 videtur:
1196 2445 1271 2481 hoc
1299 2451 1426 2481 autem

370 2502 426 2532 est
443 2495 482 2531 in
501 2495 654 2532 scientia
674 2496 840 2544 rationis,
861 2496 966 2544 quod
987 2496 1020 2533 ei
1038 2496 1198 2534 videtur.
1220 2497 1322 2545 Ergo
1342 2509 1426 2546 pas—

369 2547 425 2584 sio
446 2560 643 2597 nunquam
662 2548 813 2586 inclinat
832 2549 1017 2586 rationem
1039 2556 1169 2586 contra
1184 2562 1293 2586 suam
1309 2549 1427 2587 scien-

367 2607 470 2638 tiam.

424 2654 458 2690 3.
489 2653 529 2690 Si
566 2653 709 2691 dicatur
741 2654 845 2701 quod
876 2655 986 2692 trahit
1021 2654 1207 2691 rationem
1243 2655 1425 2692 scientem

369 2705 508 2754 aliquid
543 2705 581 2743 in
613 2706 836 2754 universali,
866 2715 907 2744 ut
945 2707 1176 2744 contrarium
1212 2707 1352 2744 iudicet
1387 2708 1425 2745 in

368 2758 592 2807 particulari,
614 2766 759 2796 contra:
782 2759 1012 2797 Universalis
1033 2767 1069 2796 et
1086 2760 1318 2808 particularis
1337 2773 1425 2809 pro·

367 2811 525 2859 positio,
563 2811 593 2848 si
631 2819 894 2860 opponantur,
928 2820 1176 2861 opponuntur
1212 2813 1424 2850 secundum

369 2863 718 2912 contradictionem,
739 2864 834 2901 sicut
853 2866 973 2902 omnis
1000 2866 1112 2902 homo
1138 2873 1174 2902 et
1201 2878 1275 2903 non
1305 2866 1425 2903 omnis

366 2917 478 2954 homo
499 2922 527 2953 α.
559 2917 636 2954 Sed
664 2918 762 2954 duae
786 2917 985 2966 opiniones
1007 2930 1106 2965 quae
1125 2926 1211 2955 sunt
1239 2919 1425 2956 contradi-

368 2969 570 3006 ctoriarum
591 2968 617 3017 β,
647 2977 734 3006 sunt
757 2970 976 3017 contrariae,
1001 2978 1043 3007 ut
1070 2970 1202 3008 dicitur
1227 2971 1266 3008 in
1286 2972 1317 3007 II
1337 2972 1426 3008 Peri

365 3023 502 3059 Herm.
522 3022 541 3044 '¹‘
571 3022 610 3059 Si
629 3022 738 3070 igitur
756 3023 1030 3072 aliquisvsciens
1050 3022 1188 3071 aliquid
1217 3023 1254 3060 in
1272 3023 1423 3061 univer-

366 3074 445 3121 sali,
474 3075 655 3112 iudicaret
682 3076 901 3124 oppositum
930 3075 968 3112 in
996 3075 1184 3123 singulari,
1205 3084 1424 3124 sequeretur

366 3127 470 3174 quod
498 3128 655 3165 haberet
683 3128 794 3165 simul
829 3127 1035 3166 contrarias
1068 3128 1288 3177 opiniones:
1316 3130 1422 3178 quod

366 3186 421 3215 est
448 3179 691 3228 impossibile.

417 3243 453 3277 4.
483 3233 714 3280 PRAETEREA,
743 3232 974 3282 quicumque
1003 3233 1070 3270 scit
1097 3233 1324 3281 universale,
1354 3234 1422 3271 scit

366 3282 479 3319 etiam
507 3285 726 3331 particulare
753 3286 860 3334 quod
882 3286 988 3324 novit
1015 3287 1086 3323 sub
1110 3286 1314 3323 universali
1332 3299 1421 3324 con-

363 3335 492 3381 tineri;
523 3336 616 3373 sicut
644 3338 873 3387 quicumque
903 3339 971 3375 scit
995 3351 1152 3376 ornnem
1173 3340 1316 3376 mulam
1337 3351 1419 3376 esse

417 3448 443 3479 α)
463 3448 549 3472 homo.
567 3461 585 3465 -
604 3447 664 3472 Om.
683 3448 904 3482 ACDEGHILpB.

417 3481 442 3515 β)
462 3483 741 3508 contradictoriarum.
759 3497 777 3502 —
795 3486 1066 3511 contradictor-iorum
1085 3486 1115 3516 D,
1134 3486 1359 3511 contradictoriae
1374 3487 1419 3511 Pa.

1480 2391 1582 2438 Ergo
1611 2390 1724 2427 etiam
1752 2391 1791 2427 in
1818 2391 2031 2439 particulari
2058 2392 2173 2428 habet
2199 2391 2407 2429 scientiam.
2427 2413 2452 2420 -
2473 2392 2536 2429 Sic

1478 2442 1588 2490 igitur
1605 2443 1756 2480 videtur
1774 2444 1880 2491 quod
1899 2444 2095 2493 passiones
2123 2457 2202 2481 non
2221 2444 2367 2493 possint
2385 2445 2533 2482 trahere

1480 2496 1664 2532 rationem
1685 2504 1813 2533 contra
1833 2497 2028 2534 scientiam
2047 2497 2319 2534 universalem:
2349 2497 2438 2546 quia
2456 2509 2536 2535 non

1478 2556 1603 2597 potest
1631 2561 1713 2585 esse
1742 2549 1847 2597 quod
1874 2550 2013 2587 habeat
2043 2549 2238 2587 scientiam
2266 2549 2534 2598 universalem,

1480 2609 1515 2638 et
1544 2601 1730 2638 existimet
1757 2602 1976 2650 oppositum
2003 2602 2042 2639 in
2068 2602 2293 2651 particulari.

1533 2655 1607 2691 SED
1622 2666 1768 2691 CONTRA
1782 2667 1847 2692 EST
1861 2655 1966 2703 quod
1982 2654 2069 2692 dicit
2082 2655 2301 2704 Apostolus,
2317 2654 2533 2692 Rom.v11*:

1484 2707 1596 2744 Video
1625 2707 1740 2744 aliam
1769 2707 1889 2757 legem
1918 2708 1955 2744 in
1984 2708 2161 2744 membris
2197 2708 2289 2744 meis
2316 2719 2532 2758 repugnan-

1478 2765 1550 2796 tem
1577 2758 1655 2809 legi
1672 2760 1803 2797 mentis
1831 2772 1948 2806 meae,
1969 2765 2005 2797 et
2030 2761 2277 2809 captivantem
2296 2772 2357 2797 me
2385 2761 2422 2797 in
2451 2760 2535 2810 lege

1470 2813 1627 2860 peccati.
1649 2813 1729 2849 Lex
1749 2820 1876 2850 autern
1896 2825 1994 2862 quae
2020 2820 2076 2850 est
2094 2813 2132 2850 in
2153 2812 2347 2860 membris,
2369 2820 2425 2850 est
2443 2824 2533 2851 con-

1477 2865 1724 2914 cupiscentia,
1753 2865 1799 2902 de
1833 2878 1909 2913 qua
1942 2878 2055 2915 supra
2091 2866 2239 2903 locutus
2273 2866 2404 2903 fuerat.
2435 2866 2535 2903 Cum

1476 2917 1585 2965 igitur
1605 2918 1909 2966 concupiscentia
1932 2918 1978 2955 sit
2004 2919 2130 2967 passio
2160 2918 2364 2967 quaedam,
2384 2918 2534 2955 videtur

1476 2972 1580 3020 quod
1618 2970 1744 3019 passio
1779 2971 1900 3008 trahat
1932 2971 2118 3009 rationem
2156 2971 2270 3009 etiam
2302 2978 2433 3009 contra
2459 2971 2537 3008 hoc,

1476 3023 1583 3071 quod
1610 3023 1690 3060 seit.

1529 3077 1753 3112 RESPONDEO
1774 3087 1958 3114 DICENDUM
1977 3078 2082 3125 quod
2102 3076 2232 3125 opinio
2262 3075 2426 3113 Socratis
2453 3074 2531 3122 fuit,

1474 3136 1515 3165 ut
1535 3128 1788 3177 Philosophus
1818 3129 1905 3166 dicit
1924 3129 1961 3167 in
1979 3130 2047 3167 VII
2067 3130 2186 3167 Ethic.
2202 3129 2234 3177 ²⁸,
2255 3129 2358 3178 quod
2379 3126 2532 3166 scientia
2558 3139 2630 3189 {cg

1474 3193 1671 3230 nunquam
1699 3189 1828 3230 posset
1859 3181 2028 3230 superari
2056 3195 2078 3219 a
2106 3182 2295 3231 passione.
2325 3180 2435 3219 Unde
2461 3192 2530 3229 po-

1473 3235 1587 3271 nebat
1624 3246 1758 3271 omnes
1792 3234 1949 3271 virtutes
1987 3247 2068 3272 esse
2106 3234 2300 3281 scientias,
2334 3241 2371 3270 et
2402 3231 2530 3270 omnia

1472 3294 1629 3335 peccata
1649 3299 1730 3325 esse
1750 3287 1976 3335 ignorantias
1995 3287 2026 3325 *.
2057 3288 2099 3324 In
2119 3300 2195 3336 quo
2215 3286 2370 3337 quidem
2390 3285 2531 3332 aliqua-

1473 3339 1554 3376 liter
1581 3346 1680 3376 recte
1710 3339 1889 3388 sapiebat.
1920 3340 2021 3386 Quia
2049 3352 2137 3377 curn
2164 3340 2339 3377 voluntas
2367 3337 2412 3374 sit
2439 3337 2530 3374 bom

1525 3453 1552 3485 γ)
1571 3452 1639 3477 sciat
1657 3452 1727 3484 quod
1745 3453 1779 3477 sit
1798 3453 1878 3477 mula.
1896 3466 1914 3472 -
1933 3452 2018 3484 ipsum
2036 3451 2104 3477 sciat
2121 3458 2176 3476 esse
2194 3451 2291 3476 mulam
2311 3450 2357 3475 Pa.

2560 2665 2572 2676 ¹*
2585 2664 2652 2687 Vera.
2666 2670 2702 2694 ²3·

2651 3146 2678 3167 n,
2692 3145 2715 3162 n.
2730 3146 2747 3162 1.

2632 3181 2639 3188 .
2654 3166 2706 3188 lect.
2721 3171 2747 3189 n.

2557 3275 2568 3286 ⁸
2577 3274 2614 3298 Cf.
2625 3274 2686 3302 ibid3
2697 3278 2719 3298 οι
2725 3275 2769 3298 lib.

2557 3301 2597 3328 vl,
2613 3307 2662 3330 etp.
2677 3307 2730 3329 xm,
2744 3307 2768 3324 n.

2521 3337 2527 3344 ·
2556 3333 2612 3356 3,5;
2632 3327 2770 3350 analect.
