2840 4010
157 523 165 531 ·
181 522 230 543 Ord

247 528 274 543 ex
292 522 353 548 Aug.

157 549 177 558 '¹
194 547 258 569 Vers.
274 548 304 569 18.

153 3069 234 3116 aeft:

153 3336 236 3409 ,ἑξ-

250 3075 265 3094 ι,
282 3075 303 3090 n.
320 3075 363 3096 15.-

250 3095 301 3116 lect.
317 3101 349 3116 ιιι.

242 3341 280 3383 τίἳ
297 3337 362 3383 ’Ἰεέε

390 171 438 207 3ο

446 252 671 287 RESPONDEO
700 262 881 287 DICENDUM
915 249 1019 298 quod
1051 249 1089 284 in
1117 258 1254 294 genere
1283 246 1447 294 peccati,

393 304 486 340 sicut
507 311 542 339 et
560 303 598 339 in
619 303 788 351 quolibet
806 303 879 338 alio
900 313 1048 348 genere,
1065 306 1190 347 potest
1209 298 1328 346 accipi
1344 303 1361 319 ‘²
1381 299 1448 335 du—

393 357 478 405 plex
509 368 632 392 causa.
662 356 746 392 Una
771 367 869 403 quae
890 361 943 389 est
963 352 1114 400 propria
1135 358 1170 387 et
1188 363 1256 399 per
1276 363 1315 387 se
1336 363 1449 387 causa

392 408 548 457 peccati,
570 419 666 456 quae
697 414 750 443 est
770 407 850 454 ipsa
868 406 1043 442 voluntas
1062 403 1265 452 peccandi:
1295 415 1450 452 compa-

394 468 495 497 ratur
523 460 623 496 enim
653 460 700 495 ad
728 466 853 495 actum
882 456 1025 505 peccati
1054 456 1148 492 sicut
1172 456 1285 492 arbor
1308 456 1357 492 ad
1376 457 1449 492 fru-

395 522 510 559 ctum,
521 520 561 548 ut
577 512 708 548 dicitur
723 511 759 547 in
775 511 951 555 Glossa*‚
968 521 1082 557 super
1097 509 1188 545 illud
1202 509 1447 555 Matth.v11**,

393 566 483 602 Non
507 570 628 612 potest
654 565 770 599 arbor
797 564 894 599 bona
911 563 1065 610 fructus
1088 561 1208 598 malos
1221 562 1371 610 facere.
1402 563 1450 598 Et

394 616 610 654 huiusmodi
640 628 753 652 causa
781 622 923 663 quanto
952 614 1063 651 fuerit
1085 614 1219 661 maior,
1240 622 1343 651 tanto
1363 627 1450 663 pec-

395 677 519 706 catum
549 669 616 705 erit
643 668 815 715 gravius:
844 674 987 715 quanto
1017 667 1118 704 enim
1137 668 1313 704 voluntas
1341 667 1450 703 fuerit

394 721 516 758 maior
535 721 584 758 ad
602 720 854 769 peccandum,
870 727 974 757 tanto
994 720 1114 756 homo
1133 720 1285 767 gravius
1304 727 1447 767 peccat.

446 774 552 810 Aliae
570 786 664 810 vero
686 785 822 810 causae
845 773 989 821 peccati
1009 772 1242 821 accipiuntur
1261 772 1368 820 quasi
1388 784 1449 808 ex·

392 826 574 863 trinsecae
603 833 640 862 et
668 834 849 872 remotae,
880 838 925 862 ex
954 825 1091 873 quibus
1117 825 1255 861 scilicet
1273 825 1449 861 voluntas

393 879 590 915 inclinatur
610 879 658 915 ad
677 879 927 927 peccandum.
958 879 1007 914 Et
1025 878 1063 914 in
1083 877 1140 913 his
1161 877 1282 913 causis
1302 885 1357 913 est
1377 877 1448 914 dis-

392 932 656 979 tinguendum.
680 932 883 978 Quaedam
905 931 1005 967 enim
1025 931 1161 966 harum
1182 929 1364 966 inducunt
1381 942 1449 967 vo-

393 985 575 1021 luntatem
605 984 652 1021 ad
681 984 932 1033 peccandum,
962 983 1173 1019 secundum
1202 982 1323 1030 ipsam
1344 990 1451 1019 natu-

394 1049 474 1074 ram
508 1037 733 1074 voluntatis:
768 1037 860 1073 sicut
893 1035 999 1081 finis,
1030 1035 1134 1082 quod
1168 1042 1222 1071 est
1254 1035 1449 1083 proprium

394 1090 586 1126 obiectum
604 1089 819 1127 voluntatis.
842 1089 891 1125 Et
910 1100 953 1124 ex
973 1087 1035 1124 tali
1056 1089 1169 1124 causa
1189 1095 1345 1135 augetur
1362 1100 1450 1136 pec-

394 1152 540 1180 catum:
570 1143 722 1189 gravius
743 1141 843 1178 enim
863 1148 996 1189 peccat
1015 1140 1119 1177 cuius
1138 1141 1313 1177 voluntas
1333 1153 1378 1177 ex
1397 1141 1451 1178 in-

393 1193 588 1232 tentione!3
609 1195 747 1243 peioris
776 1194 861 1230 finis
877 1193 1073 1230 inclinatur
1092 1193 1139 1230 ad
1159 1193 1408 1241 peccandum.
1426 1215 1449 1221 -

392 1248 499 1284 Aliae
514 1260 609 1284 vero
630 1260 765 1284 causae
789 1254 875 1283 sunt
893 1258 991 1294 quae
1020 1246 1197 1283 inclinant
1214 1246 1449 1283 voluntatem

393 1302 440 1338 ad
460 1301 710 1348 peccandum,
730 1306 880 1348 praeter
898 1306 1072 1336 naturam
1090 1306 1125 1335 et
1143 1299 1315 1335 ordinem
1335 1299 1450 1348 ipsius

391 1353 606 1399 voluntatis,
636 1365 733 1401 quae
762 1360 849 1389 nata
878 1359 932 1389 est
953 1351 1101 1389 moveri
1125 1351 1241 1388 libere
1262 1364 1306 1388 ex
1326 1352 1450 1400 seipsa

392 1406 603 1443 secundum
632 1405 813 1442 iudicium
848 1405 1012 1442 rationis.
1046 1404 1157 1441 Unde
1187 1417 1322 1441 causae
1351 1417 1449 1452 quae

393 1458 608 1495 diminuunt
633 1458 814 1496 iudicium
835 1458 1000 1505 rationis,
1021 1457 1116 1494 sicut
1134 1457 1362 1504 ignorantia3
1388 1459 1450 1494 vel

392 1523 489 1560 quae
520 1511 734 1548 diminuunt
761 1511 922 1547 liberum
951 1518 1099 1547 motum
1117 1510 1334 1556 voluntatis,
1355 1510 1449 1547 sicut

1030 170 1295 216 QUAESTIO
1325 170 1497 215 LXXIII,
1527 169 1821 206 ARTICULUS
1849 170 1917 206 VII

1503 246 1740 292 huiusmodi,
1771 247 1987 284 diminuunt
2014 256 2232 296 peccatum,
2264 249 2358 286 sicut
2387 256 2423 285 et
2451 248 2559 285 climi-v

1503 306 1624 335 nuunt
1652 298 1924 335 voluntarium:
1955 299 2140 337 intantum
2178 302 2282 348 quod
2315 301 2345 338 si
2377 309 2479 338 actus
2515 301 2560 338 sit

1504 351 1661 387 omnino
1691 350 1979 398 involuntarius,
2009 364 2088 389 non
2115 353 2228 390 habet
2260 353 2444 390 rationem
2471 365 2558 402 pec-

1504 403 1586 440 cati.

1557 458 1615 492 An
1648 468 1784 493 PRlMUM
1820 467 1915 492 ERGO
1945 467 2128 493 DICENDUM
2162 458 2266 505 quod
2300 458 2462 495 obiectio
2499 459 2558 495 illa

1504 508 1675 556 procedit
1695 509 1741 546 de
1762 521 1875 545 causa
1894 516 2074 545 movente
2095 510 2316 558 extrinseca,
2336 522 2432 559 quae
2453 511 2558 548 dimi-

1504 561 1584 597 nuit
1599 561 1875 598 voluntarium:
1906 561 2012 600 cuius
2038 562 2193 609 quidem
2214 574 2350 599 causae
2378 575 2557 610 augmen—

1504 621 1584 649 tum
1612 613 1786 650 diminuit
1813 621 2024 662 peccatum,
2054 622 2095 651 ut
2123 615 2265 651 dictum
2294 622 2349 651 est
2365 614 2396 651 ³¹⁸.

1556 667 1615 702 An
1644 677 1833 703 SECUNDUM
1861 678 2044 704 mcsnnum
2077 667 2182 716 quod
2214 667 2244 703 si
2277 668 2348 703 sub
2381 668 2558 716 concupi—

1504 718 1644 754 scentia
1676 718 1888 755 includatur
1922 720 2034 756 etiam
2067 720 2146 768 ipse
2180 726 2308 756 motus
2335 721 2556 767 voluntatis,

1504 770 1557 806 sic
1584 770 1649 806 ubi
1678 778 1732 807 est
1760 771 1883 808 maior
1910 773 2226 821 concupiscentia,
2251 780 2307 809 est
2329 772 2453 810 maius
2471 785 2558 821 pec—

1505 829 1643 859 catum.
1661 823 1701 859 Si
1715 835 1808 860 vero
1825 824 2129 873 concupiscentia
2145 826 2290 862 dicatur
2303 826 2429 874 passio
2444 837 2559 874 quae-

1505 876 1606 922 dam,
1628 887 1725 924 quae
1747 883 1802 912 est
1820 884 1947 914 motus
1960 877 2019 914 vis
2039 878 2350 927 concupiscibilis,
2370 878 2423 914 sic
2437 878 2559 915 maior

1505 928 1810 976 concupiscentia
1846 931 2078 977 praecedens
2113 930 2295 968 iudicium
2333 930 2486 968 rationis
2524 938 2559 967 et

1504 988 1651 1017 motum
1679 982 1897 1029 voluntatis,
1928 982 2101 1019 diminuit
2127 991 2347 1032 peccatum:
2378 983 2466 1032 quia
2494 984 2558 1032 qui

1505 1033 1640 1070 maiori
1669 1034 1972 1083 concupiscentia
2000 1034 2210 1073 stimulatus
2231 1044 2375 1085 peccat,
2396 1036 2495 1073 cadit
2515 1048 2559 1073 ex

1505 1086 1667 1133 graviori
1694 1087 1919 1133 tentatione;
1949 1087 2051 1124 unde
2071 1088 2196 1125 minus
2218 1089 2252 1125 ei
2270 1089 2488 1137 imputatur.
2519 1089 2559 1126 Si

1503 1151 1597 1175 vero
1619 1140 1923 1188 concupiscentia
1941 1139 1994 1177 sic
2013 1148 2164 1189 sumpta
2183 1149 2360 1190 sequatur
2378 1141 2558 1179 iudicium

1505 1192 1657 1229 rationis
1687 1201 1722 1229 et
1754 1200 1902 1229 motum
1929 1193 2144 1241 voluntatis,
2165 1193 2217 1230 sic
2249 1194 2315 1230 ubi
2349 1201 2406 1231 est
2423 1195 2560 1231 ‘maior

1505 1246 1819 1295 concupiscentia,
1836 1254 1892 1282 est
1906 1245 2028 1282 maius
2046 1253 2263 1294 peccatum:
2284 1246 2439 1295 insurgit
2457 1246 2558 1284 enim

1503 1298 1693 1336 interdum
1729 1299 1851 1335 maior
1886 1298 2213 1347 concupiscentiae
2245 1306 2373 1336 motus
2407 1311 2452 1336 ex
2483 1300 2560 1339 hoc

1504 1352 1608 1400 quod
1635 1353 1810 1390 voluntas
1842 1351 2063 1388 ineffrenate
2092 1352 2210 1389 tendit
2243 1352 2281 1388 in
2310 1362 2422 1389 suum
2456 1352 2559 1389 obie-

1503 1412 1619 1442 ctum.

1556 1459 1615 1495 AD
1642 1469 1801 1495 TER-rium
1830 1457 2145 1505 mcENDququod
2173 1457 2266 1494 ratio
2299 1457 2360 1494 illa
2392 1457 2562 1506 procedit

1504 1510 1552 1547 de
1581 1523 1695 1547 causa
1722 1523 1821 1559 quae
1843 1517 1970 1547 causat
1996 1509 2314 1547 involuntarium:
2339 1518 2375 1547 et
2393 1512 2489 1548 haec
2507 1509 2562 1547 di-

392 1564 590 1601 infirmitas
627 1565 689 1601 vel
721 1563 901 1600 violentia
938 1571 1002 1601 aut
1035 1570 1178 1609 metus,
1213 1570 1276 1599 aut
1309 1563 1449 1612 aliquid
1474 1558 1478 1611 i
1504 1563 1639 1600 minuit
1665 1571 1877 1612 peccatum,
1906 1570 1947 1599 ut
1974 1562 2116 1600 dictum
2146 1571 2201 1610 est
2219 1563 2249 1600 ²⁴⁸.
2298 1584 2301 1586 —

447 1676 473 1710 α)
493 1676 586 1707 accipi.
603 1691 623 1696 -
641 1684 695 1702 esse
714 1677 764 1701 EF.

1560 1675 1585 1711 β)
1604 1684 1642 1702 ex
1660 1678 1812 1702 intentione.
1831 1691 1850 1696 -
1868 1677 2015 1703 intensione
2033 1678 2061 1704 P.

1170 1820 1486 1863 ARTICULUS
1516 1821 1782 1864 SEPTIMUS

877 1908 1053 1939 UTRUM
1082 1907 1494 1939 CtRCUMSTANTIA
1522 1909 1787 1941 AGGRAVET
1815 1910 2084 1942 PECCATUM

967 1983 1008 2008 IV.
1029 1983 1112 2013 sent„
1133 1984 1191 2008 dist.
1211 1991 1266 2014 xvx,
1285 1991 1330 2016 qu.
1344 1991 1386 2013 ιιι,
1405 1988 1491 2022 αηρ,
1511 1985 1557 2016 qu·
1578 1992 1603 2015 ι;
1623 1985 1665 2010 De
1682 1985 1757 2010 Malo
1763 2003 1770 2015 ,
1791 1993 1835 2017 qu.
1854 1993 1885 2016 11,
1905 1990 1952 2010 art.
1967 1993 1991 2018 7.

474 2081 481 2095 ε
507 2062 623 2111 171)
644 2075 822 2100 SEPT1MUM
838 2075 891 2100 sic
906 2075 1144 2101 PROCEDlTUR.
1166 2064 1324 2102 Videtur
1344 2065 1449 2112 quod

417 2114 463 2153 ,“’“
513 2115 579 2166 ἦῆ,Ι
603 2116 882 2153 circumstantia
919 2129 997 2153 non
1030 2124 1209 2164 aggravet
1236 2125 1447 2166 peccatum.

420 2212 422 2215 v
451 2208 454 2214 ,
504 2189 519 2199 κ
546 2166 805 2216 (Peccatum
827 2169 928 2205 enim
944 2169 1058 2206 habet
1076 2170 1298 2217 gravitatem
1319 2182 1363 2207 ex
1383 2183 1450 2207 sua

446 2236 458 2250 x
476 2217 533 2257 ΥΞ]
556 2214 589 2258 K
602 2222 738 2271 specie.
752 2222 1042 2259 Circumstantia
1053 2230 1179 2259 autem
1195 2235 1273 2260 non
1289 2223 1353 2260 dat
1366 2235 1449 2272 spe-

392 2276 487 2311 ciem
522 2283 697 2323 peccato:
729 2287 815 2311 cum
845 2275 890 2312 sit
922 2275 1120 2322 quoddam
1154 2276 1328 2313 accidens
1357 2276 1448 2313 eius.

391 2329 491 2375 Ergo
512 2328 675 2375 gravitas
694 2328 838 2376 peccati
858 2340 936 2365 non
953 2328 1209 2365 consideratur
1230 2341 1273 2365 ex
1292 2329 1450 2366 circ'um-

390 2381 533 2417 stantia.

446 2445 479 2470 2.
501 2436 732 2479 PRAETEREA,
763 2442 826 2470 aut
855 2433 1133 2471 circumstantia
1161 2442 1216 2471 est
1244 2436 1356 2482 mala,
1386 2443 1450 2472 aut

390 2499 479 2522 non.
509 2486 547 2522 Si
569 2487 967 2523 circumstantia.mala
988 2495 1052 2534 est,
1075 2487 1155 2536 ipsa
1174 2499 1242 2536 per
1261 2500 1301 2524 se
1322 2495 1451 2525 causat

390 2539 585 2586 quandam
619 2540 784 2588 speciem
818 2540 928 2576 mali:
958 2540 987 2576 si
1015 2553 1109 2577 vero
1143 2553 1221 2577 non
1254 2541 1300 2578 sit
1327 2542 1447 2588 mala,

389 2604 467 2628 non
486 2592 601 2628 habet
621 2592 722 2629 unde
743 2601 877 2640 augeat
901 2593 1058 2629 malurn.
1085 2594 1186 2641 Ergo
1208 2594 1448 2631 circumstan-

390 2644 440 2681 tia
468 2645 572 2680 nullo
602 2646 719 2682 modo
736 2646 859 2692 ‘auget
886 2653 1126 2694 peccatumrs

445 2698 478 2733 3.
500 2698 732 2745 PRAETEREA,
754 2698 895 2734 malitia
913 2699 1058 2746 peccati
1078 2706 1132 2735 est
1153 2711 1196 2735 ex
1216 2707 1320 2748 parte
1342 2712 1449 2736 aver-

389 2749 516 2786 sionis.
539 2750 615 2787 Sed
633 2750 931 2787 circumstantiae
953 2759 1236 2800 consequuntur
1249 2760 1448 2801 peccatum

390 2814 435 2839 ex
453 2810 560 2850 parte
590 2803 859 2840 conversionis.
891 2805 992 2850 Ergo
1013 2817 1090 2841 non
1110 2811 1248 2852 augent
1267 2805 1448 2842 malitiam

388 2855 543 2904 peccati.

444 2908 518 2944 SED
538 2919 683 2944 CONTRA
702 2920 767 2945 EST
787 2908 892 2956 quod
920 2909 1129 2957 ignorantia
1150 2909 1448 2947 circumstantiae

391 2960 564 2997 diminuit
582 2968 803 3009 peccatum:
825 2961 888 3009 qui
907 2962 1006 2999 enim
1026 2969 1157 3010 peccat
1178 2974 1221 2999 ex
1240 2962 1449 3010 ignorantia

390 3013 702 3061 circumstantiae,
733 3021 900 3050 meretur
927 3014 1094 3062 veniam,
1123 3022 1164 3051 ut
1189 3015 1321 3052 dicitur
1340 3016 1378 3052 in
1399 3017 1448 3052 III

388 3067 507 3102 Ethic.
528 3066 547 3087 ²¹²
577 3067 662 3102 Hoc
691 3073 818 3103 autem
839 3079 917 3103 non
938 3074 1047 3114 esset,
1072 3067 1142 3103 nisi
1171 3067 1449 3106 circumstantia

391 3126 610 3165 aggravaret
637 3126 848 3167 peccatum.
880 3119 981 3168 Ergo
1012 3119 1288 3158 circumstantia
1316 3132 1449 3169 pecca-

391 3177 470 3206 tum
499 3180 687 3218 aggravat.

444 3223 667 3260 RESPONDEO
704 3236 887 3262 DICENDUM
922 3226 1027 3273 quod
1063 3225 1368 3274 unumquodque
1404 3238 1448 3263 ex

392 3275 530 3311 eodem
560 3284 689 3313 natum
719 3285 774 3314 est
802 3278 939 3325 augeri,
971 3290 1015 3314 ex
1034 3290 1111 3326 quo
1133 3286 1326 3324 causatur;
1356 3279 1449 3316 sicut

391 3327 645 3375 Philosophus
674 3329 760 3366 dicit
790 3330 835 3367 de
856 3331 985 3367 habitu
1006 3331 1162 3378 virtutis,
1183 3331 1222 3369 in
1242 3333 1272 3368 11
1293 3331 1411 3368 Ethic.
1428 3331 1448 3353 '¹‘

392 3379 635 3417 Manifestum
671 3389 724 3417 est
756 3390 883 3419 autern
913 3384 1016 3432 quod
1050 3391 1248 3432 peccatum
1275 3392 1449 3422 causatur

1503 2065 1622 2102 tando
1643 2077 1720 2102 non
1751 2066 1928 2103 observat
1949 2066 2092 2104 debitas
2113 2065 2422 2105 circumstantias.
2451 2067 2564 2111 Unde

1503 2118 1745 2155 manifestum
1775 2127 1829 2155 est
1858 2119 1962 2167 quod
1989 2127 2188 2168 peccatum
2208 2127 2340 2158 natum
2361 2127 2417 2158 est
2434 2131 2563 2169 aggra-

1502 2183 1583 2207 van
1609 2183 1678 2219 per
1708 2179 2040 2209 mrcumstantiam.

1557 2223 1635 2260 Sed
1661 2225 1736 2261 hoc
1765 2225 1919 2273 quidem
1945 2225 2126 2273 contingit
2144 2225 2345 2274 tripliciter.
2374 2226 2460 2263 Uno
2481 2225 2563 2274 qui-

1504 2275 1592 2312 dem
1620 2277 1752 2324 modo,
1781 2278 2005 2326 inquantum
2035 2277 2312 2315 circumstantia
2335 2278 2508 2316 transfert
2524 2277 2564 2315 in

1504 2329 1605 2366 aliud
1624 2341 1742 2377 genus
1762 2331 1917 2378 peccati.
1949 2330 2052 2367 Sicut
2080 2338 2278 2379 peccatum
2307 2330 2563 2368 fornicationis

1505 2382 1671 2419 consistit
1689 2382 1727 2419 in
1746 2383 1820 2419 hoc
1840 2383 1942 2432 quod
1963 2384 2082 2420 homo
2103 2383 2247 2420 accedit
2265 2384 2313 2420 ad
2333 2396 2411 2420 non
2430 2390 2561 2420 suam:

1502 2435 1534 2472 si
1563 2443 1690 2472 autem
1720 2436 1879 2472 addatur
1906 2437 2000 2473 haec
2029 2433 2327 2483 circumstantia,
2356 2444 2398 2472 ut
2424 2436 2485 2473 illa
2512 2436 2562 2473 ad

1503 2499 1619 2536 quam
1649 2489 1793 2525 accedit
1820 2489 1864 2525 sit
1893 2489 2041 2526 alterius
2061 2501 2168 2536 uxor,
2189 2490 2408 2525 transfertur
2427 2489 2503 2525 iam
2523 2489 2562 2526 in

1502 2540 1603 2578 aliud
1622 2553 1741 2589 genus
1760 2542 1916 2590 peccati,
1938 2542 2076 2579 scilicet
2094 2542 2133 2579 in
2151 2541 2382 2588 iniustitiam,
2402 2542 2562 2591 inquan-

1503 2601 1584 2630 tum
1617 2595 1736 2630 homo
1770 2602 1927 2643 usurpat
1962 2607 2042 2632 rem
2072 2594 2233 2631 alterius.
2272 2595 2322 2631 Et
2349 2594 2560 2631 secundum

1501 2647 1587 2692 hoe,
1618 2647 1842 2684 adulterium
1862 2655 1918 2684 est
1945 2647 2096 2695 gravius
2124 2655 2323 2696 peccatum
2344 2659 2460 2695 quam
2487 2648 2560 2684 for-

1502 2699 1639 2736 nicatio
1659 2699 1689 2736 *.

1556 2752 1771 2800 Aliquando
1786 2765 1880 2790 vero
1897 2752 2172 2790 circumstantia
2187 2765 2265 2790 non
2280 2755 2562 2803 aggravavp'ee-

1503 2813 1627 2842 catum
1655 2805 1762 2854 quasi
1790 2805 1941 2842 trahens
1968 2805 2006 2842 in
2034 2805 2136 2842 aliud
2163 2817 2282 2852 genus
2309 2804 2466 2854 peccati,
2489 2805 2561 2852 sed

1503 2858 1626 2894 solum
1654 2857 1741 2906 quia
1769 2858 1988 2906 multiplicat
2007 2858 2191 2894 rationem
2220 2858 2376 2907 peccati.
2407 2857 2564 2898 Sicutsi

1501 2911 1682 2959 prodigus
1702 2911 1764 2948 det
1784 2910 1938 2959 quando
1958 2923 2036 2948 non
2057 2911 2180 2957 debet,
2203 2918 2238 2947 et
2258 2910 2317 2947 cui
2337 2922 2415 2948 non
2435 2902 2561 2961 debet}

1503 2963 1742 3012 multiplicius
1770 2970 1901 3012 peccat
1929 2963 2066 3000 eodem
2095 2975 2232 3011 genere
2259 2963 2417 3012 peccati,
2443 2975 2560 3013 quam

1502 3016 1532 3053 si
1554 3017 1677 3053 solum
1698 3016 1760 3053 det
1789 3016 1848 3053 cui
1877 3028 1955 3053 non
1983 3015 2107 3053 debet.
2137 3017 2185 3053 Et
2205 3029 2250 3053 ex
2269 3017 2344 3054 hoc
2370 3016 2453 3065 ipso
2471 3028 2559 3067 pec-

1503 3077 1628 3106 catum
1657 3069 1699 3106 fit
1717 3068 1888 3117 gravius:
1919 3067 2013 3105 sicut
2042 3068 2153 3106 etiam
2183 3069 2376 3117 aegritudo
2406 3076 2463 3107 est
2478 3077 2559 3117 gra-

1501 3121 1586 3158 vior
1605 3133 1702 3170 quae
1730 3122 1856 3170 plures
1884 3128 2008 3169 partes
2033 3122 2200 3170 corporis
2228 3121 2356 3158 inficit.
2384 3118 2502 3171 Unde
2523 3128 2561 3158 et

1502 3173 1650 3210 Tullius
1678 3174 1777 3220 dicit,
1805 3175 1843 3211 in
1861 3174 2073 3212 Paradoxis
2091 3173 2122 3222 ³⁸,
2151 3174 2257 3223 quod
2283 3175 2321 3211 in
2342 3174 2465 3224 patris
2481 3173 2559 3211 vita

1500 3226 1694 3272 violanda,
1724 3227 1839 3263 multa
1862 3233 2090 3275 peccantur:
2121 3227 2285 3264 violatur
2311 3227 2413 3267 enim¹
2437 3225 2468 3263 is
2495 3226 2561 3275 qui

1495 3280 1722 3327 procreavit,
1752 3280 1818 3328 qui
1843 3280 1946 3326 aluit,
1975 3280 2040 3328 qui
2065 3279 2234 3326 erudivit,
2254 3280 2321 3328 qui
2344 3276 2382 3316 in
2405 3278 2490 3316 sede
2512 3291 2558 3316 ac

1500 3333 1623 3378 domo,
1652 3338 1762 3381 atque
1789 3333 1825 3369 in
1854 3332 2043 3381 republica
2071 3331 2275 3382 collocavit.

1555 3385 1685 3422 Tertio
1715 3385 1832 3422 modo
1858 3385 2134 3422 circumstantia
2162 3391 2340 3432 aggravat
2357 3391 2556 3432 peccatum

393 3443 437 3468 ex
466 3432 614 3469 defectu
642 3433 796 3470 alicuius
826 3435 1148 3473 circumstantiae:
1179 3449 1222 3474 ex
1251 3437 1325 3474 hoc
1346 3437 1446 3475 enim
1503 3451 1547 3475 ex
1567 3451 1614 3475 eo
1636 3438 1739 3487 quod
1759 3445 1870 3486 auget
1893 3436 2171 3475 deformitatem
2193 3444 2481 3485 provenlentem
2512 3449 2556 3473 ex

392 3484 576 3521 receditur
604 3485 652 3521 ab
682 3486 813 3523 ordine
843 3487 1005 3535 rationis,
1027 3489 1130 3536 quod
1151 3489 1281 3538 aliquis
1302 3490 1339 3526 in
1358 3503 1448 3538 ope·
1502 3491 1574 3528 alia
1603 3490 1890 3527 circumstantia.
1921 3489 2025 3526 Sicut
2044 3488 2212 3537 accipere
2233 3485 2396 3525 alienum
2422 3488 2556 3525 consti-

2588 624 2594 631 ·
2610 621 2635 643 ln
2650 627 2756 649 corpore.

2590 1570 2599 1579 '¹
2605 1568 2673 1595 jhm.

2589 2698 2698 2725 ·1).84.

2585 3183 2596 3193 ⁸
2611 3182 2691 3205 Pin-nd.
2705 3182 2747 3204 nt.
