2840 4010
91 385 101 396 '⁴
117 384 175 405 Vide
190 382 265 404 Exod.
281 389 301 404 c.

91 417 153 437 xxii,
168 416 226 431 vers.
243 415 287 437 1-9.

90 1272 97 1280 ”
115 1270 198 1292 Strabi.

89 1906 98 1913 ·
114 1904 160 1931 Qu.
177 1910 201 1931 c,
217 1908 258 1926 art.
274 1911 297 1932 5,

91 1931 114 1952 in
125 1937 197 1958 corp„
209 1935 230 1952 et
239 1931 267 1952 ad
278 1937 298 1952 2.

89 2017 98 2024 ⁸
109 2015 181 2036 Levit.
191 2021 240 2042 cap.
250 2021 297 2036 xvu

90 2047 140 2068 sqq.
152 2042 212 2062 Vide
222 2042 298 2062 Exod.

90 2074 140 2098 cap.
149 2074 188 2089 xxi
197 2074 244 2095 sq.;
255 2068 298 2089 Le-

90 2096 131 2115 vtt.
146 2100 166 2116 c.
176 2101 223 2116 xvu
239 2101 298 2122 sqq.,

90 2121 157 2142 Deut.
178 2127 229 2148 cap.
244 2127 298 2146 xix,

90 2153 149 2168 vers.
161 2147 184 2168 16
199 2153 263 2175 sqq.;
279 2154 299 2168 c.

90 2179 142 2194 xxv.

187 2269 204 2303 ψ

96 2885 104 2893 ”
120 2883 185 2905 Vers.
201 2891 221 2912 3.

98 3175 106 3183 ·
122 3173 187 3195 Vers.
203 3179 233 3200 ¹9-

328 191 402 226 268

381 268 601 305 Secundum
627 268 711 313 hoc,
743 266 946 303 dicendum
977 272 1031 300 est
1059 263 1164 310 quod
1193 264 1230 299 in
1258 274 1384 310 poena

328 321 412 358 furti
435 321 744 357 considerabatur
763 317 973 354 secundum
992 317 1113 363 legem
1136 315 1174 352 id
1190 315 1294 363 quod
1314 315 1384 351 fre-

328 381 488 423 quenter
506 373 674 409 accidere
693 377 840 419 poterat
853 369 883 405 ⁹¹⁴.
914 370 962 404 Et
981 368 1068 404 ideo
1088 380 1157 416 pro
1178 368 1275 404 furto
1297 366 1384 404 alia-

329 439 410 463 rum
446 437 592 470 rerum,
623 435 719 472 quae
753 422 800 458 de
833 421 934 457 facili·
962 420 1139 457 custodiri
1175 427 1335 469 possunt
1362 432 1384 456 a

328 479 482 524 furibus,
512 489 589 514 non
618 475 798 511 reddebat
825 474 884 509 fur
903 473 972 509 nisi
993 473 1162 520 duplum.
1193 473 1299 509 Oves
1319 484 1384 509 au-

328 540 403 567 tem
432 542 509 567 non
538 530 585 565 de
614 527 709 564 facili
737 533 895 574 possunt
924 524 1101 561 custodiri
1122 538 1143 562 a
1162 526 1273 572 furto,
1295 525 1384 573 quia

326 590 530 632 pascuntur
557 581 594 616 in
624 579 738 627 agris:
770 585 805 614 et
825 578 910 615 ideo
936 578 1166 626 frequentius
1194 578 1385 626 continge-

329 637 391 671 bat
424 633 531 681 quod
564 645 657 669 oves
691 632 788 667 furto
824 631 1142 668 subtraherentur.
1177 631 1288 668 Unde
1325 632 1383 668 lex

327 687 510 723 maiorem
547 696 714 733 poenam
748 683 942 732 apposuit:
976 691 1018 720 ut
1049 684 1189 720 scilicet
1222 691 1384 732 quatuor

328 751 419 776 oves
445 751 513 786 pro
533 750 610 774 una
629 749 703 773 ove
724 737 980 773 redderentur.
1011 737 1148 773 Adhuc
1167 744 1295 773 autem
1316 737 1383 785 bo-

326 804 393 829 ves
414 790 599 827 difficilius
617 789 887 836 custodiuntur,
904 789 993 836 quia
1008 789 1197 826 habentur
1216 790 1254 825 in
1274 789 1382 837 agris,

327 852 362 881 et
390 856 467 880 non
501 843 550 879 ita
581 850 786 891 pascuntur
809 847 825 863 ²²
854 842 1034 890 gregatim
1069 842 1164 879 sicut
1196 854 1301 879 oves.
1336 843 1385 878 Et

326 897 411 933 ideo
431 896 556 932 adhuc
575 896 635 931 hic
655 894 839 931 maiorem
855 906 1023 943 poenam
1043 895 1235 943 apposuit:
1256 902 1298 931 ut
1317 895 1384 931 sci-

326 950 410 985 licet
443 949 607 997 quinque
637 949 757 984 boves
784 959 855 995 pro
884 960 961 983 uno
991 949 1094 984 bove
1123 949 1382 985 redderentur.

326 1003 374 1038 Et
401 1003 476 1038 hoc
504 1001 604 1047 dico,
636 1000 705 1037 nisi
738 1001 832 1036 forte
870 1000 972 1037 idern
1011 1000 1150 1037 animal
1185 1001 1383 1037 inventum

326 1055 436 1091 fuerit
454 1054 589 1099 vivens
609 1054 710 1102 apud
731 1065 841 1089 eum:
862 1054 950 1100 quia
970 1061 1059 1090 tunc
1078 1054 1202 1090 solum
1225 1054 1383 1102 duplum

327 1108 552 1155 restituebat,
582 1107 677 1143 sicut
697 1114 732 1142 et
751 1106 788 1142 in
809 1106 941 1142 ceteris
960 1106 1083 1152 furtis;
1113 1114 1262 1155 poterat
1281 1107 1383 1143 enim

326 1161 455 1197 haberi
484 1159 740 1208 praesumptio
770 1159 876 1206 quod
905 1159 1084 1206 cogitaret
1112 1159 1318 1206 restituere,
1339 1172 1384 1196 ex

327 1225 402 1262 quo
431 1213 564 1249 vivum
593 1219 792 1248 servasset.
822 1212 891 1248 Vel
918 1219 1044 1260 potest
1067 1212 1151 1258 dici,
1173 1212 1383 1249 secundum

328 1267 504 1303 Glossam
523 1266 554 1312 ²³²,
576 1265 680 1313 quod
700 1266 765 1301 hos
783 1266 894 1301 hahet
911 1265 1073 1313 quinque
1093 1265 1274 1311 utilitates,
1295 1266 1383 1313 quia

326 1319 558 1365 immolatur,
589 1324 684 1364 arat,
708 1318 832 1366 pascit
857 1318 1044 1364 carnibus,
1076 1317 1188 1354 lactat
1205 1323 1233 1364 φ,
1263 1323 1299 1354 et
1324 1329 1384 1355 co-

326 1372 424 1408 rium
445 1372 556 1408 etiam
584 1371 739 1407 diversis
768 1371 892 1407 usibus
918 1371 1123 1407 ministrat:
1152 1378 1188 1407 et
1207 1371 1293 1408 ideo
1313 1382 1382 1419 pro

325 1436 403 1461 uno
433 1426 534 1461 bove
563 1424 730 1472 quinque
760 1425 880 1460 boves
909 1424 1173 1460 reddebantur.
1203 1424 1300 1461 Ov-is
1320 1436 1384 1461 au-

326 1485 402 1514 tem
427 1483 444 1506 χ
472 1478 587 1514 habet
614 1485 777 1525 quatuor
808 1477 1001 1513 utilitates:
1031 1477 1122 1524 quia
1150 1477 1383 1523 immolatur,

320 1531 452 1578 pascit,
477 1531 536 1567 lac
563 1531 637 1576 dat,
658 1536 692 1566 et
710 1530 838 1566 lanam
858 1530 1052 1566 ministrat.
1074 1550 1097 1557 -
1119 1530 1236 1566 Filius
1256 1538 1384 1568 autern

327 1591 542 1630 contumax,
572 1595 650 1619 non
678 1583 766 1631 quia
796 1583 1023 1620 comedebat
1047 1591 1081 1619 et
1101 1582 1266 1630 bibebat,
1287 1583 1384 1620 occi-

327 1636 504 1672 debatur:
539 1636 606 1672 sed
638 1643 794 1684 propter
827 1635 1104 1672 contumaciam
1141 1644 1177 1672 et
1213 1636 1384 1673 rebellio—

327 1701 427 1735 nem,
450 1698 547 1738 quae
577 1701 728 1737 semper
756 1697 878 1725 morte
906 1689 1146 1737 puniebatur,
1174 1696 1217 1725 ut
1244 1689 1384 1727 dictum

328 1749 392 1778 est.
417 1762 440 1769 -
467 1742 530 1778 Ille
557 1754 651 1778 vero
686 1741 752 1789 qui
786 1742 983 1789 colligebat
1011 1742 1111 1789 ligna
1139 1742 1177 1778 in
1204 1743 1383 1790 sabbato,

325 1794 509 1843 lapidatus
541 1795 610 1831 fuit
635 1802 817 1843 tanquam
846 1795 937 1842 legis
964 1795 1143 1842 violator,
1173 1807 1272 1843 quae
1301 1796 1384 1832 sab-

326 1848 456 1884 batum
478 1847 672 1884 observari
700 1846 957 1896 praecipiebat
984 1848 1022 1884 in
1052 1849 1385 1885 commemoratio-

326 1913 415 1937 nem
444 1900 534 1937 fidei
562 1900 737 1937 novitatis
766 1901 915 1948 mundi,
945 1901 1040 1937 sicut
1067 1901 1216 1949 supra*
1243 1902 1382 1939 dictum

327 1961 392 1990 est.
422 1953 533 1990 Unde
563 1953 709 1990 occisus
738 1953 805 1990 fuit
831 1961 1012 2001 tanquam
1041 1954 1215 1992 infidelis.

378 2008 437 2042 AD
460 2018 621 2043 Damnum
641 2018 825 2043 mcENDUM
840 2006 860 2028 ’¹‘
883 2006 988 2055 quod
1006 2007 1064 2043 lex
1084 2014 1195 2044 vetus
1218 2019 1384 2056 poenam

327 2059 458 2095 mortis
477 2059 609 2095 inflixit
628 2059 666 2096 in
685 2059 920 2107 gravioribus
936 2059 1172 2097 criminibus:
1193 2061 1331 2098 scilicet
1348 2061 1386 2097 in

326 2113 384 2149 his
412 2124 510 2161 quae
540 2119 670 2149 contra
692 2114 825 2149 Deum
854 2120 1069 2161 peccantur,
1100 2120 1138 2149 et
1163 2113 1201 2150 in
1222 2113 1386 2150 homici-

328 2165 402 2212 dio,
434 2172 470 2201 et
498 2165 535 2201 in
563 2166 660 2202 furto
690 2166 904 2212 hominum,
935 2173 971 2202 et
998 2165 1035 2202 in
1064 2166 1308 2204 irreverentia
1337 2166 1385 2204 ad

327 2226 514 2267 parentes,
536 2226 572 2255 et
590 2218 627 2254 in
648 2218 844 2267 adulterio,
867 2226 902 2255 et
920 2218 958 2255 in
978 2218 1194 2256 incestibus.
1226 2221 1268 2256 In
1287 2220 1385 2257 furto

329 2278 456 2307 autem
475 2269 493 2299 ψ
523 2271 680 2308 aliarum
709 2283 835 2308 rerum
865 2271 1035 2308 adhibuit
1053 2283 1221 2320 poenam
1243 2272 1384 2310 damni.

329 2325 372 2360 In
406 2325 638 2372 pereussuris
672 2332 798 2361 autern
837 2332 874 2361 et
909 2324 1208 2362 mutilationibus
1242 2325 1387 2363 induxit

328 2388 495 2425 poenam
515 2377 683 2424 talionis;
715 2385 750 2414 et
769 2377 935 2414 similiter
955 2378 992 2414 in
1010 2386 1167 2426 peccato
1187 2378 1268 2415 falsi
1287 2378 1386 2416 testi—

329 2429 458 2466 monii.
496 2431 538 2466 In
574 2430 654 2466 aliis
687 2437 814 2467 autern
848 2431 1060 2467 minoribus
1089 2431 1207 2480 culpis
1241 2431 1387 2469 induxit

328 2494 493 2531 poenam
522 2483 782 2531 flagellationis
809 2484 871 2520 vel
900 2484 1140 2531 ignominiae.

382 2536 554 2572 Poenam
575 2544 701 2572 autem
722 2536 912 2573 servitutis
931 2537 1076 2574 induxit
1095 2537 1132 2573 in
1154 2538 1305 2574 duobus
1326 2549 1387 2574 ca·

329 2588 443 2625 sibus.
475 2590 516 2625 In
543 2601 621 2625 uno
648 2589 816 2637 quidem,
838 2590 1004 2638 quandO,
1027 2590 1189 2639 septimo
1210 2602 1310 2627 anno
1331 2602 1386 2627 re-

330 2641 530 2688 missionis,
559 2642 619 2678 ille
648 2642 713 2690 qui
742 2650 820 2679 erat
848 2655 992 2691 servus,
1022 2644 1175 2680 nolebat
1199 2643 1386 2681 beneficio

329 2694 419 2741 legis
440 2694 493 2731 uti
522 2702 563 2731 ut
590 2695 684 2731 liber
708 2695 833 2732 exiret.
864 2696 974 2732 Unde
995 2709 1064 2744 pro
1093 2709 1220 2745 poena
1240 2697 1274 2733 ei
1292 2696 1388 2734 infli-

329 2748 486 2794 gebatur
511 2755 553 2783 ut
577 2748 615 2784 in
634 2756 860 2797 perpetuum
882 2761 1014 2785 servus
1035 2758 1256 2787 remaneret.
1277 2772 1302 2778 -
1322 2750 1388 2787 Se-

331 2801 467 2847 cundo,
483 2800 722 2848 infligebatur
736 2802 818 2848 furi,
834 2802 989 2849 quando
1006 2814 1084 2839 non
1103 2803 1270 2840 habebat
1283 2803 1388 2851 quod

330 2862 457 2900 posset
484 2853 698 2902 restituere,
729 2854 824 2891 sicut
851 2855 1012 2892 habetur
1030 2861 1050 2877 ω
1077 2857 1202 2892 Exod.
1223 2868 1294 2893 xxn
1314 2855 1345 2892 ⁹⁸.

384 2907 555 2943 Poenam
584 2915 712 2944 autem
742 2907 836 2944 exilii
864 2908 1125 2945 universaliter
1143 2909 1200 2946 lex
1219 2921 1298 2946 non
1317 2917 1388 2945 sta-

330 2958 408 2995 tuit.
439 2959 540 3005 Quia
572 2960 610 2996 in
643 2961 725 2997 solo
754 2961 898 3010 populo
931 2961 992 2997 illo
1030 2962 1135 2998 Deus
1173 2962 1387 3009 colebatur,

332 3011 508 3048 omnibus
537 3012 615 3049 aliis
643 3014 795 3062 populis
823 3026 891 3062 per
914 3014 1165 3051 idololatriam
1186 3014 1387 3064 corruptis:

331 3065 431 3101 unde
460 3064 490 3101 si
519 3065 601 3113 quis
621 3078 643 3102 a
661 3067 805 3115 populo
835 3067 897 3103 illo
925 3067 1188 3106 universaliter
1217 3068 1388 3104 exclusus

333 3125 445 3164 esset,
476 3118 626 3154 daretur
655 3119 688 3155 ei
717 3120 867 3157 occasio
901 3119 1147 3157 idololatriae.
1182 3122 1231 3157 Et
1258 3121 1344 3159 ideo
1374 3122 1387 3157 I

332 3170 428 3218 Reg.
457 3182 539 3206 xxvi
563 3170 583 3191 *
613 3171 746 3208 dicitur
781 3173 884 3221 quod
918 3173 1043 3210 David
1077 3174 1166 3211 dixit
1198 3174 1246 3211 ad
1276 3174 1388 3210 Saul:

387 3299 412 3332 υ)
427 3303 583 3331 pascuntur.
595 3314 614 3319 -
627 3304 743 3331 pascunt
762 3301 931 3326 ABCDGHL.

388 3335 415 3367 φ)
434 3335 524 3359 Iactat.
537 3348 554 3353 ·
573 3335 613 3360 lac
632 3337 679 3360 dat
697 3337 725 3360 P.

387 3371 415 3403 χ)
436 3372 533 3394 autem.
546 3384 564 3388 —
583 3371 661 3394 etiam
682 3372 726 3395 Pa.
739 3385 756 3389 -
776 3371 825 3395 Pro
845 3372 886 3396 lac
906 3372 960 3401 dat,
980 3373 1063 3397 Iactat
1083 3374 1114 3397 H.

389 3403 416 3437 ψ)
436 3407 533 3428 autem.
546 3418 564 3422 —
583 3405 643 3429 Orn.
658 3406 686 3430 Ρ.
699 3420 716 3424 -
735 3406 784 3429 Pro
803 3407 930 3435 adhibuit,
953 3407 1067 3432 instituit
1086 3408 1160 3433 EFK.

1026 184 1291 232 QUAESTIO
1321 184 1403 230 CV,
1433 184 1729 221 ARTICULUS
1760 185 1792 221 11

1439 262 1637 300 Maledicti
1665 269 1751 299 sunt
1785 264 1851 311 qui
1883 265 2072 301 eiecerunt
2102 278 2162 302 me
2193 267 2318 312 hodie,
2354 272 2394 302 ut
2424 278 2498 303 non

1438 316 1600 352 habitem
1632 316 1668 352 in
1704 316 1906 352 hereditate
1941 317 2117 363 Domini,
2155 318 2336 356 dicentes.-
2377 319 2498 365 Vade,

1437 369 1539 405 servi
1564 369 1633 405 diis
1665 368 1806 405 alienis.
1837 369 1929 405 Erat
1955 376 2084 406 tamen
2103 370 2256 418 aliquod
2275 371 2500 419 particulare

1440 421 1602 459 exilium.
1632 421 1778 458 Dicitur
1806 421 1907 457 enim
1935 422 2047 458 Deut.
2068 433 2128 458 Xix
2149 421 2170 443 ’¹‘
2197 423 2302 471 quod
2330 424 2394 471 qui
2414 435 2500 472 per-

1439 475 1593 511 cusserit
1614 475 1837 523 proximum
1865 486 1975 511 suum
2005 474 2182 520 nesciens,
2203 480 2240 511 et
2264 476 2329 524 qui
2355 476 2499 513 nullum

1439 533 1569 564 contra
1603 528 1723 575 ipsum
1759 527 1932 564 hahuisse
1968 527 2094 563 odium
2129 528 2415 575 comprobatur,
2449 529 2499 566 ad

1437 591 1556 616 unam
1585 581 1738 617 urbium
1768 580 1898 627 refugii
1918 579 2174 627 confugiebat,
2196 587 2232 616 et
2249 579 2301 616 ibi
2320 581 2501 618 manebat

1437 644 1559 680 usque
1589 633 1636 669 ad
1664 640 1828 669 mortem
1857 633 1998 669 summi
2027 632 2244 669 sacerdotis.
2266 633 2378 669 Tunc
2398 633 2500 670 enim

1437 684 1573 721 licebat
1602 685 1634 721 ei
1664 685 1786 722 redire
1813 685 1863 722 ad
1892 685 2053 722 domurn
2073 697 2205 722 suam:
2234 685 2323 733 quia
2351 685 2390 722 in
2417 685 2500 722 uni-

1437 737 1574 774 versali
1603 738 1746 784 damno
1779 738 1909 786 populi
1941 745 2224 775 consueverunt
2258 737 2500 786 particulares

1439 790 1515 827 irae
1536 790 1669 837 sedari,
1691 798 1727 826 et
1750 790 1799 826 ita
1826 790 1988 840 proximi
2018 791 2183 828 defuncti
2207 803 2285 827 non
2310 791 2362 827 sic
2389 791 2500 840 proni

1439 851 1544 879 erant
1572 843 1619 879 ad
1650 843 1728 879 eius
1757 843 2001 880 occisionem.

1492 898 1550 933 AD
1578 907 1789 933 UNDECtMUM
1818 907 2002 933 DmENDUM
2034 897 2140 944 quod
2178 896 2355 933 animalia
2388 897 2498 934 bruta

1439 949 1717 985 mandabantur
1745 948 1886 995 occidi,
1915 960 1995 985 non
2022 957 2177 998 propter
2205 949 2372 997 aliquam
2399 949 2500 998 ipso-

1439 1014 1523 1038 rum
1554 1002 1725 1050 culpam;
1761 1002 1827 1038 sed
1861 1001 1898 1037 in
1931 1013 2097 1050 poenam
2137 1002 2404 1048 dominorum,
2435 1002 2499 1051 qui

1437 1055 1524 1091 talia
1542 1054 1717 1091 animalia
1737 1066 1816 1090 non
1836 1053 2091 1090 custodierant
2109 1055 2157 1091 ab
2177 1055 2397 1092 huiusmodi
2411 1067 2499 1104 pec-

1439 1107 1540 1144 catis.
1571 1108 1620 1144 Et
1647 1107 1734 1144 ideo
1759 1106 1879 1154 magis
1906 1106 2135 1154 puniebatur
2162 1107 2342 1144 dominus
2371 1108 2401 1144 si
2429 1108 2499 1144 bos

1439 1168 1645 1209 cornupeta
1671 1160 1791 1196 fuerat
1809 1160 1856 1196 ab
1885 1159 1966 1195 heri
1995 1166 2031 1195 et
2058 1159 2337 1208 nudiustertius,
2362 1161 2402 1197 in
2420 1173 2498 1209 quo

1439 1225 1528 1250 casu
1547 1220 1695 1262 poterat
1714 1212 1857 1249 occurri
1877 1211 2066 1260 pericu103
2087 1224 2204 1259 quam
2223 1213 2255 1249 si
2274 1213 2398 1250 subito
2418 1225 2499 1250 cor·

1438 1274 1578 1315 nupera
1613 1266 1834 1302 efficeretur.
1865 1285 1889 1292 -
1915 1265 1986 1301 Vel
2019 1264 2290 1302 occidebantur
2323 1265 2500 1303 animalia

1437 1319 1476 1356 in
1496 1319 1782 1356 detestationem
1802 1317 1964 1366 peccati;
1986 1325 2023 1354 et
2045 1330 2093 1354 ne
2122 1329 2167 1354 ex
2191 1329 2327 1355 eorum
2347 1325 2501 1367 aspectu

1438 1372 1572 1420 aliquis
1600 1373 1736 1408 horror
1759 1371 1980 1407 hominibus
2007 1370 2244 1407 incuteretur.

1492 1427 1550 1462 An
1586 1436 1824 1462 DUODEClMUM
1856 1435 2040 1461 morannum
2074 1424 2179 1471 quod
2213 1424 2305 1460 ratio
2334 1423 2500 1460 litteralis

1438 1478 1534 1515 illius
1554 1477 1721 1514 mandati
1745 1477 1822 1523 fuit,
1843 1484 1884 1513 ut
1903 1476 2028 1513 Rabbi
2057 1477 2214 1525 Moyses
2244 1476 2331 1513 dicit
2348 1476 2380 1524 ²¹²,
2411 1476 2500 1525 quia

1438 1531 1653 1580 frequenter
1677 1529 1893 1566 interfector
1911 1537 1968 1566 est
1986 1531 2034 1567 de
2054 1529 2203 1566 civitate
2223 1529 2499 1578 propinquiori.

1438 1584 1550 1621 Unde
1580 1583 1719 1620 occisio
1747 1582 2034 1633 vitulae-fiebat
2056 1583 2105 1620 ad
2125 1583 2401 1631 explorandum
2429 1583 2499 1619 ho—

1439 1637 1635 1674 micidium
1656 1641 1692 1657 αα
1721 1636 1923 1672 occultum.
1954 1636 2072 1682 Quod
2104 1635 2260 1684 quidem
2288 1636 2407 1672 fiebat
2431 1647 2501 1684 per

1437 1690 1517 1727 tria.
1549 1690 1725 1736 Quorum
1759 1701 1881 1725 unum
1916 1696 1972 1725 est
2008 1689 2113 1737 quod
2141 1688 2310 1725 seniores
2345 1688 2502 1726 civitatis

1438 1743 1612 1780 iurabant
1631 1742 1727 1778 nihil
1755 1754 1796 1778 se
1824 1741 2123 1790 praetermisisse
2152 1741 2190 1778 in
2219 1741 2391 1778 custodia
2420 1741 2501 1778 via—

1440 1808 1538 1832 rum.
1568 1795 1681 1832 Ali-ud
1707 1802 1761 1831 est
1785 1794 1873 1844 quia
1892 1794 1952 1831 ille
1977 1794 2082 1831 cuius
2106 1802 2185 1831 erat
2203 1794 2334 1841 vitula,
2355 1794 2501 1831 damni-

1440 1849 1625 1886 ficabatur
1652 1848 1689 1884 in
1719 1847 1908 1884 occisione
1938 1847 2121 1895 animalis,
2144 1855 2180 1884 et
2203 1847 2233 1884 si
2256 1847 2362 1896 prius
2381 1847 2502 1884 mani·

1440 1902 1636 1938 festaretur
1669 1901 1939 1948 homicidium,
1970 1900 2111 1937 animal
2146 1912 2224 1937 non
2253 1900 2500 1937 occideretur.

1440 1955 1614 1992 Tertium
1645 1961 1699 1990 est
1734 1954 1826 2002 quia·
1856 1955 1962 1991 locus
1996 1953 2035 1990 in
2067 1965 2145 2002 quo
2174 1953 2419 1990 occidebatur
2445 1953 2501 1990 vi·

1439 2009 1528 2055 tula,
1550 2007 1771 2044 remanebat
1794 2007 1967 2044 incultus.
1997 2007 2046 2044 Et
2073 2006 2177 2054 ideo,
2203 2006 2252 2043 ad
2281 2005 2501 2044 evitandum

1439 2068 1643 2109 utrumque
1680 2060 1884 2106 damnum,
1914 2060 2091 2096 homines
2130 2059 2288 2096 civitatis
2320 2059 2370 2096 de
2403 2058 2502 2096 facili

1438 2113 1719 2151 manifestarent
1737 2113 1970 2150 homicidam
1986 2111 2029 2160 ββ,
2051 2113 2081 2149 si
2100 2112 2252 2149 scirent:
2274 2120 2311 2149 et
2329 2124 2414 2149 raro
2433 2124 2502 2161 po·

1440 2174 1534 2204 terat
1554 2179 1635 2203 esse
1655 2166 1747 2215 quin
1771 2166 1896 2215 aliqua
1915 2166 2035 2203 verba
2053 2166 2116 2203 vel
2139 2165 2277 2203 indicia
2296 2177 2410 2215 super
2427 2166 2503 2203 hoc

1440 2220 1537 2257 facta
1566 2227 1699 2256 essent.

1492 2273 1562 2310 Vel
1590 2273 1664 2309 hoc
1692 2272 1809 2308 fiebat
1837 2273 1885 2309 ad
1914 2279 2117 2319 terrorem,
2147 2271 2185 2308 in
2213 2271 2501 2309 detestationem

1440 2325 1645 2362 homicidii.
1675 2326 1749 2362 Per
1768 2325 1999 2361 occisionem
2025 2325 2128 2361 enim
2146 2324 2299 2372 vitulae,
2329 2336 2428 2374 quae
2448 2331 2503 2362 est

1440 2379 1581 2416 animal
1602 2378 1690 2414 utile
1712 2385 1747 2414 et
1770 2378 1985 2415 fortitudine
2005 2378 2176 2426 plenum,
2203 2371 2409 2426 praecipue
2437 2389 2503 2414 an·

1439 2439 1594 2480 tequam
1614 2432 1759 2468 laboret
1778 2432 1850 2468 sub
1868 2431 1970 2479 iugo,
1999 2430 2281 2478 significabatur
2298 2430 2405 2479 quod
2424 2429 2503 2479 qui-

1441 2497 1606 2533 cumque
1634 2484 1882 2521 homicidium
1902 2483 2067 2532 fee-isset,
2093 2484 2268 2532 quamvis
2289 2491 2387 2520 esset
2404 2482 2503 2520 utilis

1441 2545 1478 2574 et
1496 2537 1612 2584 fortis,
1643 2537 1874 2574 occidendus
1903 2544 1995 2582 erat3
2018 2544 2054 2573 et
2073 2544 2196 2574 morte
2216 2536 2371 2584 crudeli,
2396 2536 2502 2584 quod

1441 2588 1598 2628 cervicis
1627 2590 1792 2627 concisio
1825 2590 2079 2638 significabat;
2114 2597 2150 2626 et
2182 2589 2288 2638 quod
2321 2597 2502 2637 tanquam

1440 2643 1524 2680 vilis
1541 2651 1576 2680 et
1595 2643 1762 2680 abiectus
1777 2655 1799 2680 a
1815 2643 2006 2680 consortio
2021 2642 2224 2680 hominum
2245 2642 2502 2679 excludendus

1441 2704 1536 2743 erat,
1565 2696 1670 2745 quod
1698 2696 1980 2743 significabatur
2000 2708 2068 2744 per
2086 2697 2161 2733 hoc
2179 2696 2286 2744 quod
2305 2695 2422 2732 vitula
2441 2707 2504 2732 oc·

2528 436 2536 442 “
2553 433 2588 455 Cf.
2606 432 2672 454 Num.
2688 439 2738 461 cap.

2527 466 2596 481 xxxv.

2527 1484 2737 1512 *Doceat-ptem,

2528 1515 2586 1538 part.
2600 1511 2640 1538 m,
2656 1517 2676 1533 ο.
2691 1518 2728 1534 xi..

2618 2109 2648 2144 1³5¹

1442 2749 1518 2786 cisa
1537 2749 1575 2786 in
1590 2750 1674 2786 loco
1695 2761 1830 2798 aspero
1852 2756 1888 2785 et
1906 2749 2046 2786 inculto
2066 2748 2359 2798 relinquebatur,
2380 2748 2418 2786 in
2435 2760 2505 2797 pu·
2528 2787 2530 2791 Δ

1441 2802 1627 2840 tredinem
1656 2802 1925 2839 convertenda.

1497 2854 1656 2904 Mystice
1690 2863 1818 2892 autern
1842 2867 1910 2904 per
1937 2855 2097 2892 vitulam
2123 2854 2170 2891 de
2195 2862 2369 2891 armento
2394 2853 2505 2902 signi-

1443 2909 1578 2946 ficatur
1606 2920 1692 2944 caro
1716 2908 1872 2954 Christi;
1903 2919 2001 2957 quae
2020 2920 2099 2944 non
2126 2907 2235 2944 traxit
2254 2907 2396 2955 iugum,
2416 2907 2506 2956 quia

1443 2974 1521 2998 non
1537 2961 1623 2998 fecit
1636 2968 1855 3009 peccatum;
1867 2973 1938 2997 nec
1953 2968 2092 2998 terram
2108 2960 2217 2998 scidit
2225 2972 2398 3008 vomere,
2410 2960 2506 2997 idest

1444 3014 1636 3051 seditionis
1656 3014 1846 3050 maculam
1866 3026 1945 3050 non
1965 3013 2127 3051 admisit.
2148 3014 2223 3051 Per
2235 3014 2311 3051 hoc
2329 3020 2457 3050 autern
2472 3017 2505 3042 ΥΥ

1443 3067 1548 3116 quod
1576 3067 1614 3104 in
1642 3067 1740 3103 valle
1768 3067 1908 3103 inculta
1937 3067 2196 3114 occidebatur,
2226 3066 2507 3114 significabatur

1445 3121 1622 3169 despecta
1641 3132 1744 3156 mors
1759 3119 1915 3166 Christi;
1933 3132 2002 3169 per
2017 3132 2134 3168 quam
2153 3127 2361 3169 purgantur
2375 3118 2506 3157 omnia

1443 3180 1610 3222 peccata,
1619 3181 1655 3210 et
1666 3173 1839 3210 diabolus
1851 3185 1932 3210 esse
1943 3173 2134 3211 homicidii
2143 3180 2275 3210 auctor
2285 3172 2505 3209 ostenditur.

1499 3302 1529 3336 ω)
1550 3303 1669 3328 habetur.
1683 3317 1702 3321 -
1719 3303 1832 3327 habebat
1849 3302 2038 3335 ABCDGLpl-l.

1499 3338 1544 3370 αα)
1565 3338 1745 3363 homicidium.
1757 3352 1776 3357 -
1794 3338 1925 3363 hominem
1945 3338 2170 3370 ABCDEGILpH.

1499 3372 1541 3407 (³⁶3)
1562 3373 1730 3398 homicidam.
1740 3373 1939 3398 -homicidium
1952 3373 2069 3406 ABFpG,
2083 3372 2254 3398 homicidium
2265 3372 2296 3403 D,
2307 3371 2451 3396 homicidia
2465 3371 2507 3396 El.

1499 3410 1542 3442 γγ)
1562 3412 1660 3434 autem.
1672 3422 1690 3428 --
1708 3409 1777 3433 enim
1798 3408 1843 3433 Pa.
