2840 4010
79 1009 90 1020 '
103 1007 172 1036 thid..
186 1008 215 1031 nd
229 1015 251 1038 3.

73 1427 88 1438 ⁴¹
97 1423 170 1449 Vm.
185 1431 217 1455 ¹7-

68 1739 286 1771 ‘Ait-md.

69 2366 85 2377 ‘
100 2365 149 2394 Qu.
163 2370 184 2392 ι,
198 2367 240 2388 ιη.
255 2370 272 2387 1.

69 2978 87 2989 ¹·
100 2977 184 2999 Palm.
202 2977 287 3004 XXXI,

73 3009 137 3052 *herm
147 3010 169 3031 ις
184 3003 288 3026 Eum-at.

974 182 1238 228 QUAESTIO
1270 183 1477 229 LXXXVI,
1508 185 1801 222 ARTICULUS
1831 186 1862 221 II

2423 194 2493 230 119

1087 317 1400 359 ARTICULUS
1431 319 1727 361 SECUNDUS

748 409 901 440 UTRUM
924 410 1105 440 MACULA
1129 409 1310 439 MANEAT
1336 409 1377 438 IN
1402 410 1537 439 ANIMA
1562 411 1669 441 POST
1694 411 1848 442 ACTUM
1872 375 2056 442 PECCATI

1212 490 1285 519 Infra,
1305 499 1349 523 qu.
1368 499 1479 519 Lxxxvn,
1499 498 1545 517 art.
1565 491 1589 517 6.

347 591 411 634 ³:³5>
438 600 506 637 rig<
529 592 551 618 ι)
572 592 759 617 SECUNDUM
774 591 827 616 sm
844 590 1081 615 pnocemrun.
1097 577 1255 614 Videtur
1270 577 1374 626 quod

345 632 399 689 {43¹
448 619 519 690 {⁴33
529 633 678 670 macula
693 645 770 669 non
785 639 938 668 maneat
952 630 989 667 in
1005 630 1132 667 anima
1145 638 1232 679 post
1247 639 1373 667 actum

336 684 358 730 ᾗ
444 702 450 732 ᾗ
474 688 502 755 (ζ
529 685 684 734 peccati.
706 684 808 722 Nihil
829 683 928 721 enim
951 691 1079 720 manet
1094 683 1132 720 in
1146 683 1274 720 anima
1288 691 1375 732 post

378 723 385 761 ἓ
408 745 463 766 ¹3
503 745 668 784 actum,
694 737 763 773 nisi
791 736 942 773 habitus
969 737 1031 772 vel
1061 736 1267 784 dispositio.
1299 736 1376 772 Sed

79 798 291 853 23212‘2‘004‘
319 790 469 826 macula
494 802 573 826 non
602 797 656 826 est
683 789 834 826 habitus
852 789 914 826 vel
935 789 1142 837 dispositio,
1163 796 1205 825 ut
1224 801 1337 837 supra
1356 787 1376 810 '¹‘

318 841 488 878 habitum
518 849 584 879 est.
615 842 717 889 Ergo
745 843 894 878 macula
921 854 1000 878 non
1028 849 1157 878 manet
1184 841 1223 879 in
1249 841 1375 878 anima

318 901 405 943 post
431 902 556 931 actum
584 894 740 943 peceati.

372 958 408 983 2.
437 947 668 993 ΡΜΕΤΕΒΕΑ,
698 948 772 984 hoc
800 947 920 984 modo
947 959 988 984 se
1017 947 1132 984 habet
1158 947 1307 984 macula
1327 947 1375 983 ad

316 1007 529 1047 peccatum,
556 999 651 1036 sicut
670 1000 806 1036 umbra
835 1000 883 1037 ad
913 1012 1062 1048 coerS‚
1082 1007 1124 1036 ut
1142 1011 1256 1048 supra
1274 999 1295 1021 ’¹‘
1323 999 1376 1036 di-

318 1057 421 1088 ctum
441 1059 508 1089 est.
529 1052 607 1089 Sed
626 1060 842 1089 transeunte
863 1064 1033 1102 corpore,
1050 1064 1128 1088 non
1148 1059 1277 1088 manet
1291 1064 1376 1088 um-

317 1103 396 1140 bra.
433 1105 555 1153 Ergo,
585 1113 802 1142 transeunte
830 1113 915 1142 actu
942 1105 1106 1154 peccati,
1141 1116 1218 1141 non
1247 1113 1376 1141 manet

318 1157 478 1194 macula.

372 1210 406 1246 3.
430 1211 662 1261 ΡΚᾼΕῙΕΗΕΑ,
688 1211 814 1247 omnis
844 1210 1000 1247 effectus
1028 1210 1218 1258 dependet
1242 1222 1287 1246 ex
1307 1222 1375 1246 sua

271 1270 442 1300 eausa.
483 1263 609 1300 Causa
637 1272 765 1300 autem
803 1264 974 1300 maculae
1003 1271 1060 1300 est
1086 1270 1190 1299 actus
1217 1262 1373 1310 peccati.

316 1315 436 1373 Ergo,
467 1323 615 1353 remoto
636 1323 721 1353 actu
740 1316 896 1365 peccati,
927 1327 1006 1353 non
1035 1322 1207 1352 remanet
1226 1316 1375 1352 macula

316 1379 354 1404 m
384 1380 522 1405 anima.
641 1411 649 1415 ‚

370 1421 444 1458 SED
464 1433 610 1458 CONTRA
641 1433 707 1458 Est
735 1422 839 1470 quod
868 1421 1002 1458 dicitur
1028 1421 1139 1458 Iosue
1156 1432 1228 1457 xxu
1247 1419 1284 1456 *ε
1313 1421 1373 1457 Αη

311 1485 452 1523 parum
480 1474 584 1511 vobis
613 1480 667 1511 est
691 1475 793 1523 quod
812 1474 994 1522 peccastis
1017 1474 1054 1510 in
1073 1473 1321 1522 Beelphegor,
1342 1479 1377 1509 et

316 1537 433 1575 usque
459 1527 496 1563 in
520 1533 757 1576 praesentem
790 1528 886 1564 diem
915 1526 1065 1563 macula
1093 1526 1202 1562 huius
1227 1525 1376 1562 sceleris

315 1579 352 1615 in
379 1579 485 1616 vobis
506 1580 737 1628 permanet?

368 1632 594 1670 Rsspownsso
622 1644 807 1670 memnon
835 1632 940 1680 quod
968 1631 1118 1668 macula
1144 1631 1288 1680 peccati
1317 1643 1374 1667 re-

314 1693 446 1721 manet
472 1685 510 1722 in
539 1685 687 1732 anima,
719 1685 831 1721 etiam
859 1692 1076 1721 transeunte
1104 1691 1189 1720 actu
1216 1683 1372 1732 peccati.

315 1737 433 1774 Cuius
462 1738 555 1775 ratio
585 1746 640 1774 est
667 1738 756 1786 quia
784 1738 945 1784 macula,
976 1737 1070 1773 sicut
1097 1736 1239 1774 dictum
1269 1744 1324 1773 est
1341 1736 1372 1784 ²¹³,

314 1789 494 1838 importat
522 1790 716 1840 quendam
750 1790 941 1828 defectum
975 1789 1104 1826 nitoris
1131 1797 1287 1838 propter
1319 1801 1375 1825 re-

315 1854 464 1879 cessum
492 1855 515 1880 a
541 1844 683 1880 lumine
719 1843 872 1880 rationis
905 1843 968 1879 vel
1005 1842 1155 1879 divinae
1188 1842 1289 1890 legis.
1327 1843 1375 1878 Et

313 1894 401 1932 ideo
431 1896 600 1944 quandiu
627 1897 746 1933 homo
785 1903 916 1932 manet
943 1903 1045 1932 extra
1071 1894 1291 1932 huiusmodi
1321 1896 1374 1931 lu-

313 1959 414 1996 men,
445 1957 576 1986 manet
595 1949 632 1986 in
654 1962 699 1986 eo
720 1950 869 1986 macula
888 1948 1052 1997 peccati:
1082 1948 1149 1984 sed
1168 1955 1371 1996 postquam

1430 579 1525 615 redit
1552 579 1601 615 ad
1630 580 1759 616 lumen
1789 581 1958 618 divinum
1987 590 2023 618 et
2051 581 2099 618 ad
2126 582 2255 618 lumen
2284 581 2436 618 rationis
2456 587 2485 628 α,

1430 631 1534 678 quod
1563 632 1604 667 fit
1632 644 1700 679 per
1727 633 1896 680 gratiam,
1925 642 2014 670 tunc
2042 635 2191 671 macula
2220 641 2351 671 cessat.
2381 633 2488 670 Licet

1430 690 1558 719 autem
1585 692 1704 720 cesset
1731 692 1834 721 actus
1861 686 2017 734 peccati,
2039 699 2116 734 quo
2136 687 2255 723 homo
2276 686 2445 732 discessit
2463 698 2486 723 a

1429 735 1571 771 lumine
1601 736 1754 773 rationis
1781 738 1843 773 vel
1871 738 1960 785 legis
1987 738 2148 785 divinae,
2170 752 2248 776 non
2266 734 2394 776 tamen
2414 746 2486 776 sta-

1429 789 1495 824 tim
1516 789 1635 824 homo
1655 789 1703 825 ad
1731 789 1821 826 illud
1841 790 1937 826 redit
1955 790 1992 826 in
2012 803 2087 838 quo
2107 792 2246 828 fuerat:
2276 792 2343 829 sed
2363 792 2486 840 requi-

1430 840 1522 876 ritur
1554 840 1686 888 aliquis
1719 849 1846 878 motus
1877 843 2081 879 voluntatis
2119 843 2325 880 contrarius
2360 843 2484 892 primo

1430 893 1562 929 motui.
1594 893 1697 930 Sicut
1724 893 1754 930 si
1783 894 1916 941 aliquis
1944 894 1990 931 sit
2017 895 2157 932 distans
2186 896 2294 932 alicui
2320 908 2389 944 per
2422 896 2485 932 ali-

1430 957 1544 994 quem
1573 953 1734 992 motum‚
1765 958 1844 983 non
1872 947 1994 983 statim
2024 956 2191 984 cessante
2220 956 2328 985 motu
2355 949 2398 985 fit
2417 949 2451 984 ei
2470 947 2485 977 β

1429 998 1683 1047 propinquus,
1713 999 1779 1035 sed
1808 1006 1957 1047 oportet
1985 1000 2089 1047 quod
2122 1000 2399 1048 appropinquet
2426 1013 2482 1037 re-

1430 1050 1536 1087 diens
1564 1063 1634 1099 per
1662 1058 1810 1087 motum
1840 1052 2081 1088 contrarium.

1482 1106 1540 1139 AD
1560 1115 1696 1140 PRtMuM
1715 1115 1813 1140 ERGO
1834 1116 2016 1141 ulcENDuM
2031 1105 2134 1153 quod
2153 1112 2240 1152 post
2255 1111 2379 1141 actum
2397 1117 2484 1153 pec-

1430 1156 1500 1192 cati
1519 1161 1535 1183 Υ
1562 1156 1652 1193 nihil
1679 1156 1840 1205 positive
1862 1164 2032 1194 remanet
2048 1157 2088 1194 in
2107 1157 2235 1194 anima
2263 1157 2332 1193 nisi
2359 1156 2485 1205 dispo-

1429 1209 1512 1245 sitio
1536 1210 1598 1245 vel
1627 1209 1797 1246 habitus:
1832 1218 2004 1246 remanet
2036 1218 2165 1247 tamen
2193 1209 2333 1258 aliquid
2360 1209 2485 1258 priva-

1428 1261 1524 1307 tive,
1554 1261 1692 1298 scilicet
1727 1262 1887 1310 privatio
1926 1262 2199 1299 coniunctionis
2234 1262 2283 1299 ad
2311 1262 2483 1299 divinum

1428 1315 1569 1351 lumen.
2096 1339 2100 1342 -

1481 1369 1540 1404 AD
1559 1379 1747 1404 SECUNDUM
1771 1378 1954 1404 D1CENDUM
1983 1367 2098 1414 quod,
2119 1374 2334 1404 transeunte
2359 1367 2484 1404 obsta-

1429 1421 1513 1456 culo
1544 1420 1724 1468 corporis,
1754 1427 1924 1456 remanet
1953 1431 2090 1467 corpus
2114 1420 2346 1468 diaphanum
2365 1419 2402 1456 in
2423 1432 2484 1456 ae-

1429 1472 1530 1521 quali
1557 1472 1835 1521 propinquitate
1856 1480 1892 1508 et
1910 1471 2130 1508 habitudine
2159 1472 2207 1508 ad
2237 1484 2374 1520 corpus
2402 1472 2482 1508 illu-

1429 1525 1595 1562 minans:
1617 1533 1653 1561 et
1671 1525 1758 1561 ideo
1778 1525 1901 1561 statim
1920 1525 2056 1561 umbra
2075 1525 2215 1561 transit.
2238 1525 2314 1561 Sed
2334 1531 2482 1561 remoto

1429 1585 1513 1614 actu
1541 1577 1697 1626 peccati,
1727 1590 1804 1614 non
1833 1585 2002 1614 remanet
2021 1577 2147 1613 anima
2166 1577 2204 1614 in
2224 1578 2358 1614 eadem
2378 1577 2483 1613 habi-

1427 1631 1556 1667 tudine
1586 1631 1634 1667 ad
1662 1631 1801 1666 Deum.
1831 1630 1942 1667 Unde
1971 1642 2048 1666 non
2077 1637 2132 1666 est
2158 1629 2287 1666 similis
2315 1629 2420 1666 ratio.

1481 1685 1539 1720 AD
1567 1695 1725 1720 TERTIUM
1745 1694 1927 1719 DicENDuM
1947 1683 2051 1730 quod
2071 1690 2174 1719 actus
2193 1680 2206 1703 δ
2234 1682 2378 1730 peccati
2398 1682 2484 1718 facit

1430 1736 1640 1772 distantiam
1669 1748 1691 1772 a
1718 1737 1820 1781 Deo,
1850 1747 1966 1783 quam
1996 1735 2151 1783 quidem
2181 1734 2394 1771 distantiam
2427 1746 2484 1771 se-

1428 1789 1552 1836 quitur
1581 1789 1747 1825 defectus
1772 1787 1911 1834 nitoris,
1932 1788 2007 1824 hoc
2026 1788 2144 1824 modo
2165 1787 2258 1824 sicut
2285 1795 2411 1823 motus
2430 1788 2484 1823 lo-

1429 1842 1515 1878 calis
1535 1842 1621 1878 facit
1640 1842 1801 1878 localem
1818 1840 2040 1877 distantiam.
2061 1840 2172 1877 Unde
2192 1840 2296 1887 sicut,
2315 1847 2483 1876 cessante

1427 1902 1534 1931 motu
1553 1899 1576 1940 Ε,
1607 1906 1685 1930 non
1703 1893 1842 1930 tollitur
1866 1893 2038 1930 distantia
2057 1893 2205 1938 localis3
2234 1892 2284 1929 ita
2302 1904 2383 1939 nec,
2406 1904 2483 1928 ces-

1427 1955 1532 1984 sante
1561 1953 1644 1983 actu
1673 1946 1828 1995 peccati⁷
1857 1946 1994 1982 tollitur
2026 1946 2186 1982 macula.

367 2083 394 2111 α)
415 2082 533 2107 divinum
602 2081 724 2106 rationis.
742 2095 760 2099 -
779 2080 892 2105 rationis
963 2080 1081 2105 divinum
1100 2081 1147 2105 Pa.

367 2116 393 2149 β)
413 2118 445 2142 ei.
462 2131 481 2136 -
500 2117 560 2142 Om.
579 2116 805 2141 ABCDEFGIKL.

366 2153 393 2186 γ)
407 2152 521 2184 peccati.
539 2166 558 2171 —
576 2152 637 2177 Om.
655 2150 882 2176 ABCDEFGIKL.

1482 2078 1507 2112 ὃ)
1528 2082 1610 2104 actus.
1628 2093 1646 2098 -
1664 2079 1772 2112 affectus
1791 2079 2018 2103 ABCDEFGHIK.
2035 2092 2054 2098 -
2072 2079 2122 2102 Pro
2135 2078 2213 2111 jacit,
2227 2078 2295 2111 fecit
2309 2077 2485 2102 ABCDEFIL.

1482 2115 1504 2146 ε)
1524 2118 1606 2139 motu.
1624 2127 1641 2132 —
1659 2114 1738 2139 locali
1755 2114 1851 2138 addunt
1870 2114 1916 2138 Pa.

989 2229 1318 2261 Commentaria
1341 2227 1588 2261 cardinalis
1611 2227 1810 2260 Caietani

343 2322 363 2341 N
380 2311 510 2342 articulo
531 2317 667 2350 utroque
683 2309 876 2349 quaestionis
895 2308 1219 2348 octogesimaesextae‚
1241 2307 1374 2338 dubium

316 2324 480 2387 Ioccurrit
502 2364 540 2384 ex
562 2354 668 2389 Scoto,
689 2353 721 2383 in
741 2363 792 2383 xrv
812 2353 1012 2383 distinctione
1035 2353 1078 2383 IV
1097 2352 1183 2383 Seni.
1197 2352 1225 2389 *‚
1248 2352 1375 2382 volente

313 2400 403 2441 quod
422 2399 546 2429 macula
569 2408 635 2428 non
659 2397 697 2428 sit
721 2396 864 2437 privatio,
882 2397 936 2426 sed
955 2396 1063 2427 relatio
1079 2395 1207 2427 rationis
1221 2396 1254 2426 in
1271 2395 1377 2426 anima

314 2443 436 2474 obiecta
460 2442 567 2472 divino
591 2441 762 2472 intellectui
786 2448 816 2471 et
838 2440 994 2471 voluntati
1018 2447 1053 2471 ut
1073 2440 1215 2471 ordinata
1238 2440 1277 2470 ad
1300 2449 1375 2480 poe-

313 2498 390 2518 nam
413 2485 713 2526 coi-respondentem
737 2491 876 2525 peccato.
901 2485 942 2514 Et
964 2485 1052 2525 quod
1075 2494 1141 2514 non
1165 2484 1204 2514 sit
1227 2483 1374 2524 privatio,

314 2533 466 2572 probatur
490 2529 664 2570 dupliciter.
690 2529 806 2564 Primo,
831 2528 905 2569 quia
925 2528 1057 2568 privatio
1082 2528 1314 2559 coniunctionis
1337 2528 1376 2557 ad

314 2576 420 2606 Deum
434 2584 491 2615 per
512 2574 644 2613 gratiam
666 2574 716 2603 vel
741 2573 910 2608 can'tatem,
927 2582 992 2602 non
1009 2572 1139 2612 suscipit
1154 2572 1253 2612 magis
1273 2579 1303 2602 et
1318 2571 1376 2601 mi-

315 2629 384 2650 nus.
414 2619 539 2649 Macula
562 2621 687 2653 autem,
712 2627 776 2658 qua
799 2624 944 2656 peccator
971 2624 1044 2657 post
1071 2623 1236 2656 peccatum
1264 2616 1377 2647 dicitur

315 2669 470 2703 peccator,
488 2661 618 2701 suscipit
634 2661 734 2701 magis
751 2668 781 2691 et
796 2661 917 2691 minus:
943 2668 989 2690 est
1011 2670 1149 2701 namque
1173 2670 1256 2690 unus
1275 2660 1375 2700 magis

315 2713 461 2747 peccator
484 2706 592 2741 altero,
616 2712 646 2735 et
669 2705 773 2745 seipso
797 2715 882 2735 nunc
905 2715 1002 2745 quam
1026 2704 1123 2744 prius.
1147 2704 1241 2744 Ergo.

371 2750 533 2785 Secundo,
558 2749 633 2789 quia
656 2749 780 2779 macula
804 2748 921 2778 summi
946 2748 1011 2778 odii
1033 2751 1077 2784 A,
1107 2755 1137 2779 et
1160 2758 1305 2778 summus
1329 2748 1376 2778 in—

317 2794 480 2824 ordinatus
503 2803 594 2823 amor
608 2795 650 2828 A,
674 2799 859 2832 repugnant.
883 2793 968 2831 Ergo
992 2792 1116 2822 macula
1139 2793 1234 2822 unius
1258 2791 1376 2831 peccati

317 2838 522 2878 expelleretur
543 2847 599 2877 per
622 2836 717 2866 aliud.
743 2836 841 2874 Quod
865 2843 910 2866 est
933 2836 1059 2867 falsum.

372 2882 410 2912 11.
434 2881 532 2918 Quod
561 2887 667 2910 autem
696 2881 820 2910 macula
848 2880 887 2910 sit
913 2880 1022 2910 relatio
1051 2879 1196 2916 rationis,
1225 2880 1377 2920 probatur

316 2925 499 2956 auctoritate
527 2924 714 2964 Augustini,
740 2934 836 2964 super
862 2924 940 2954 illud
966 2923 1100 2960 Psalmi,
1124 2924 1218 2954 Beati
1239 2934 1374 2964 quorum

316 2970 468 3000 remissae
490 2974 566 2999 sunt
593 2969 774 3008 iniquitates
792 2968 823 3004 *,
849 2967 902 2998 ubi
925 2968 994 2998 vult
1017 2968 1106 3008 quod
1129 2974 1256 3008 peccata
1278 2967 1376 2998 videri

316 3024 334 3044 a
349 3014 418 3043 Deo
443 3019 490 3043 est
507 3012 560 3042 illa
575 3012 615 3041 ad
630 3022 769 3052 poenam
792 3012 958 3051 imputari;
983 3012 1045 3051 tegi
1062 3018 1168 3042 autem
1184 3018 1230 3041 est
1245 3011 1286 3042 ad·
1301 3021 1376 3051 poe-

315 3067 391 3088 nam
414 3067 479 3087 non
503 3065 667 3091 reservare,
692 3065 747 3086 seu
771 3055 856 3086 nolle
880 3055 1002 3095 punire.
1026 3056 1074 3085 Ex
1092 3065 1158 3096 quo
1180 3062 1266 3095 patet
1287 3055 1376 3095 quod

316 3101 395 3132 nihil
419 3101 505 3131 aliud
528 3107 574 3130 est
596 3099 682 3130 hunc
704 3109 863 3130 remanere
887 3106 1096 3139 peccatorem,
1116 3109 1214 3139 quam
1229 3099 1377 3129 reservari

316 3155 372 3175 seu
401 3144 537 3175 ordinari
562 3143 601 3174 ad
625 3153 763 3183 poenam
791 3153 847 3183 per
874 3150 980 3173 actum
1008 3143 1131 3173 divinae
1154 3143 1336 3173 voluntatis.
1355 3160 1376 3166 -

316 3190 357 3220 Et
376 3188 591 3223 confirmatur,
608 3187 721 3227 inquit,
737 3197 773 3217 ex
793 3196 830 3216 eo
855 3187 930 3227 quia
949 3186 981 3216 in
997 3186 1175 3217 offendente
1191 3186 1376 3226 principem,

315 3239 390 3273 post
413 3242 476 3262 non
502 3238 642 3262 remanet
661 3231 778 3272 aliquid
803 3230 834 3260 in
859 3240 897 3260 eo
921 3240 987 3271 quo
1008 3230 1297 3266 diciturinimicus;
1323 3231 1376 3260 sed

315 3277 424 3307 relatio
443 3275 572 3306 rationis
592 3275 623 3305 in
644 3274 714 3315 ipso
734 3274 858 3305 obiecto
881 3273 1036 3304 voluntati
1060 3273 1182 3303 domini
1206 3274 1378 3304 ordinantis

316 3321 423 3361 ipsum
446 3321 485 3350 ad
509 3329 657 3360 poenam.

370 3365 421 3395 111.
446 3364 497 3394 Ad
521 3362 710 3394 evidentiam
734 3362 828 3392 huius
853 3361 1052 3396 difficultatis,
1069 3371 1134 3390 non
1150 3367 1276 3400 oportet
1291 3361 1377 3391 aliud
1403 3396 1404 3400 Ἰ

316 3408 415 3439 iacere
438 3408 683 3438 fundamentum
707 3416 805 3447 quam
828 3406 860 3435 id
884 3406 972 3446 quod
995 3405 1027 3434 in
1051 3404 1151 3435 littera
1175 3404 1317 3444 positum
1333 3411 1378 3434 est
1403 3401 1404 3430 ἶ

1403 3449 1404 3465 l
1431 3457 1530 3486 gnum
1549 3456 1662 3486 poena,
1687 3446 1775 3486 quod
1799 3452 1845 3476 est
1867 3451 1981 3480 reatus,
2001 3444 2090 3484 quod
2114 3450 2159 3473 est
2175 3443 2296 3473 malum
2312 3442 2397 3482 apud
2412 3441 2484 3471 Dio-

316 3452 355 3491 in?
372 3452 476 3492 primo
500 3451 642 3487 articulo,
660 3451 691 3481 in
712 3449 917 3490 responsione
932 3449 971 3479 ad
990 3448 1133 3479 tertium:
1159 3448 1274 3478 scilicet
1289 3448 1377 3488 quod

317 3496 442 3527 macula
461 3506 526 3526 non
551 3494 702 3535 significat
726 3504 838 3535 puram
862 3493 1082 3533 privationem,
1100 3493 1153 3523 sed
1168 3492 1376 3532 privationem
1403 3512 1404 3518 η

1428 2307 1460 2338 in
1485 2307 1593 2337 ordine
1618 2307 1656 2336 ad
1681 2317 1822 2342 causam,
1846 2306 1926 2336 idest
1949 2306 1988 2336 ad
2012 2312 2177 2346 peccatum
2200 2315 2218 2335 a
2241 2315 2306 2345 quo
2331 2310 2484 2335 causatur.

1428 2352 1476 2382 Ex
1491 2351 1552 2382 hoc
1569 2351 1654 2381 enim
1668 2351 1834 2381 solvuntur
1857 2360 1968 2380 omnes
1992 2349 2189 2380 difficultates
2205 2349 2378 2379 accidentes
2394 2348 2426 2377 in
2444 2358 2484 2377 re.

1429 2395 1516 2426 Licet
1539 2395 1624 2425 enim
1647 2394 1780 2435 privatio
1805 2394 2051 2430 coniunctionis,
2076 2386 2306 2428 similitudinis,
2331 2391 2485 2431 refulgen-

1429 2439 1498 2476 tiae,
1516 2439 1641 2478 gratiae,
1666 2438 1809 2474 caritatis,
1834 2448 1899 2468 non
1915 2437 2064 2478 suscipiat
2082 2437 2182 2477 magis
2197 2443 2227 2467 et
2242 2436 2347 2466 minus
2357 2435 2384 2472 *,
2409 2435 2483 2475 quia

1430 2483 1570 2514 consistit
1592 2483 1625 2512 in
1649 2482 1731 2513 facto
1748 2491 1828 2518 esse;
1854 2492 1947 2512 causa
1962 2489 2067 2512 tamen
2085 2481 2161 2516 eius,
2179 2480 2294 2511 scilicet
2309 2486 2483 2520 peccatum,

1429 2527 1559 2567 suscipit
1574 2527 1673 2566 magis
1694 2533 1724 2557 et
1738 2526 1853 2556 minus.
1877 2528 1924 2556 Ac
1940 2536 1996 2565 per
2009 2526 2071 2555 hoc
2086 2525 2219 2560 macula,
2237 2534 2318 2565 quae
2334 2522 2485 2562 significat

1429 2571 1638 2611 privationem
1660 2580 1726 2600 non
1743 2570 1895 2605 absolute,
1913 2570 1967 2600 sed
1983 2577 2019 2600 ut
2033 2579 2068 2599 ex
2084 2575 2223 2609 peccato,
2239 2567 2368 2607 suscipit
2387 2566 2485 2606 magis

1430 2623 1459 2646 et
1476 2615 1580 2645 minus
1603 2625 1668 2644 non
1683 2614 1715 2644 in
1731 2624 1774 2652 se,
1795 2615 1849 2644 sed
1864 2614 1896 2643 in
1913 2624 2015 2644 causa.
2040 2613 2081 2643 Et
2097 2623 2133 2643 ex
2149 2613 2210 2642 hoc
2229 2611 2373 2652 provenit
2395 2610 2483 2650 quod

1430 2660 1486 2690 iste
1511 2666 1556 2689 est
1580 2658 1679 2698 magis
1695 2658 1880 2694 maculatus,
1905 2658 2014 2688 eadem
2038 2657 2162 2687 macula
2185 2656 2296 2696 specie,
2322 2655 2428 2689 altero,
2453 2659 2483 2683 et

1430 2703 1528 2743 magis
1546 2710 1691 2743 peccator
1707 2702 1813 2737 altem,
1830 2708 1903 2742 post
1918 2709 2004 2732 actus
2024 2708 2236 2741 peccatorum.
2261 2700 2302 2729 Et
2320 2699 2380 2728 hoc
2399 2696 2484 2727 suffi-

1430 2748 1483 2778 cit:
1509 2754 1539 2777 et
1562 2746 1655 2776 solvit
1679 2745 1814 2776 rationes
1838 2745 1923 2775 Scoti
1947 2752 1977 2776 et
2000 2744 2130 2775 Aureoli
2153 2744 2260 2774 allatas
2279 2753 2297 2772 a
2316 2740 2483 2781 Capreolo,

1429 2792 1460 2821 in
1484 2801 1535 2821 >nv
1558 2790 1756 2820 distinctione
1781 2789 1891 2827 Quarti
1906 2789 1932 2819 *.

1430 2887 1531 2919 ptum.
1556 2878 1642 2909 Mille
1659 2877 1744 2908 enim
1767 2884 1970 2917 peccatorum
1985 2875 2126 2906 maculae
2143 2875 2181 2904 ad
2197 2874 2341 2909 invicem,
2357 2882 2414 2902 nec
2430 2871 2484 2902 ali-

1430 2934 1493 2964 qua
1516 2922 1608 2952 alicui
1632 2928 1772 2961 peccato,
1790 2921 2029 2951 contrariantur:
2054 2918 2208 2959 quoniam
2231 2928 2267 2947 ex
2290 2923 2376 2957 parte
2400 2925 2484 2945 aver-

1430 2967 1527 2997 sionis
1551 2973 1753 3006 peccatorum
1778 2971 1988 3004 consurgunt,
2013 2963 2096 2993 unde
2120 2972 2185 2992 non
2210 2968 2255 2991 est
2275 2959 2483 2991 contrarietas.

1486 3011 1538 3040 IV.
1555 3010 1676 3040 Positio
1693 3016 1800 3039 autern
1816 3008 1900 3039 Scoti
1911 3008 1928 3027 '¹‘
1943 3007 2028 3043 falsa,
2046 3014 2076 3036 et
2091 3016 2156 3035 non
2172 3005 2303 3045 probata
2319 3011 2375 3034 est.
2395 3003 2486 3033 Falsa

1430 3055 1569 3095 quidem,
1594 3053 1669 3094 quia
1692 3059 1846 3093 peccator,
1863 3058 1899 3082 ut
1913 3051 1965 3087 sic,
1990 3060 2054 3080 non
2079 3056 2124 3080 est
2143 3059 2160 3078 a
2178 3049 2340 3079 voluntate
2364 3047 2486 3077 divina:

1430 3099 1531 3128 immo
1548 3097 1728 3128 Altissimus
1747 3096 1822 3126 odio
1846 3096 1938 3125 habet
1958 3100 2164 3134 peccatorem.
2189 3092 2354 3123 Ordinatio
2379 3097 2486 3121 autem

1430 3143 1469 3172 ad
1494 3151 1631 3181 poenam
1655 3147 1700 3170 est
1723 3150 1740 3169 a
1763 3140 1925 3169 voluntate
1949 3138 2062 3168 divina.
2086 3137 2180 3176 Ergo.

1484 3187 1654 3220 Praeterea,
1675 3190 1829 3223 peccator,
1854 3190 1889 3212 ut
1912 3182 1964 3217 sic,
1981 3189 2026 3211 est
2041 3187 2187 3220 peccator
2202 3180 2288 3210 malo
2304 3189 2341 3210 ex
2357 3185 2486 3219 peccato

1430 3230 1554 3259 relicto:
1578 3228 1652 3268 quia
1672 3237 1738 3257 esse
1762 3233 1957 3266 peccatorem
1975 3233 2020 3255 est
2034 3234 2100 3254 esse
2117 3224 2249 3254 malum.
2273 3223 2334 3254 Sed
2350 3222 2487 3253 ordinari

1431 3273 1469 3303 ad
1489 3282 1626 3312 poenam
1650 3277 1695 3301 est
1719 3271 1857 3300 bonum:
1883 3279 1956 3300 cum
1981 3268 2019 3299 sit
2042 3279 2060 3298 a
2082 3269 2162 3299 Deo.
2187 3268 2282 3307 Ergo.

1485 3317 1573 3346 Patet
1596 3322 1754 3354 praeterea
1777 3314 1865 3354 quod
1888 3312 2042 3343 inerudite
2068 3312 2144 3342 haec
2161 3311 2270 3342 omnia
2286 3310 2487 3341 confundun-

1431 3367 1481 3390 tur
1498 3369 1514 3388 a
1531 3359 1636 3394 Semo,
1661 3357 1776 3388 scilicet
1799 3357 1931 3392 macula,
1951 3363 2064 3391 reatus,
2089 3362 2119 3386 et
2142 3355 2279 3385 ordinari
2295 3355 2334 3385 ad
2349 3363 2486 3394 poenam

1431 3414 1447 3433 a
1472 3403 1551 3433 Deo.
1576 3403 1744 3432 Peccatum
1761 3401 1845 3431 enim
1861 3400 1947 3441 prius
1964 3400 2036 3431 facit
2051 3407 2082 3430 et
2097 3399 2245 3439 relinquit
2260 3398 2424 3428 hominem
2441 3397 2486 3426 di-

1431 3491 1567 3531 nysium,
1585 3501 1615 3520 tv
1630 3500 1698 3529 cap.
1715 3490 1753 3520 de
1772 3489 1844 3519 Diu.
1861 3489 1955 3519 Nom.
1971 3488 1999 3525 *‚
2025 3487 2179 3518 dicentem
2195 3487 2283 3527 quod
2297 3487 2409 3526 puniri
2425 3494 2486 3515 non

2510 2446 2520 2456 ⁸
2536 2445 2570 2466 Cf.
2586 2451 2648 2467 num.
2664 2451 2682 2466 ι.

2510 2792 2518 2799 ⁹
2536 2789 2582 2816 Qu.
2598 2795 2618 2815 1,
2637 2793 2679 2810 art.
2699 2795 2719 2813 2„

1485 2835 1535 2865 Ad
1559 2834 1730 2864 secundam
1753 2840 1859 2864 autem
1889 2833 2043 2863 rationem
2073 2831 2173 2866 Scoti,
2205 2837 2334 2869 negatur
2364 2838 2483 2858 assum·
2510 2820 2590 2862 centra
2617 2816 2721 2837 conclus.

2512 3014 2521 3021 ⁹
2538 3012 2574 3034 cf.
2589 3017 2652 3033 num.
2671 3018 2696 3033 n.

2514 3496 2521 3503 “
2528 3493 2598 3515 §.Tru
2604 3493 2724 3514 leenxvm.
