2840 4010
937 178 1200 224 QUAEsr1o
1231 179 1420 225 Lxxwi,
1450 179 1743 216 ART1CULUS
1777 180 1790 215 1

641 382 1048 458 QUAESTIO
1086 381 2086 441 SEPTUAGESIMASEPTIMA

438 500 527 540 DE
568 501 792 542 CAUSA
830 500 1120 541 PECCATI
1161 500 1245 540 EX
1289 501 1509 542 PARTE
1543 503 1914 545 APPETITUS
1958 504 2286 546 SENSITIVI

1098 614 1131 638 IN
1161 614 1258 639 OCTO
1286 614 1485 639 ARTICULOS
1512 616 1628 641 DIVISA

366 721 473 746 ΕΙΝΒΕ
502 707 819 745 considerandum
844 714 899 743 est
919 706 966 742 de
987 719 1100 743 causa
1128 707 1271 755 peccati
1292 719 1336 743 ex

366 770 470 811 parte
494 759 680 810 appetitus
700 759 876 806 sensitivi,
896 767 1022 796 utrum
1043 760 1168 808 passio
1188 759 1336 796 animae

220 828 255 848 w,
283 814 328 852 sit
357 826 468 852 causa
495 812 638 862 peccati
657 811 687 848 ²¹³.

282 867 331 904 Et
360 866 457 904 circa
483 867 557 903 hoc
585 871 815 913 quaeruntur
842 873 940 901 octo.

335 919 486 956 Primo:
515 925 641 954 utrum
670 917 795 965 passio
824 917 1009 966 appetitus
1034 916 1200 953 sensitivi
1219 916 1338 964 possit

387 981 546 1007 movere
573 971 634 1006 vel
664 969 841 1006 inclinare
868 971 1115 1006 voluntatem.

336 1022 535 1061 Secundo:
565 1030 692 1059 utrum
712 1022 829 1071 possit
848 1034 1025 1071 superare
1046 1021 1228 1058 rationem
1250 1032 1338 1057 con-

387 1083 443 1113 tra
472 1075 551 1112 eius
579 1074 786 1112 scientIam.

335 1128 484 1165 Tertio:
503 1135 631 1169 utrum
650 1135 849 1175 peccatum
870 1127 975 1175 quod
995 1139 1039 1164 ex
1055 1126 1231 1174 passione
1250 1138 1336 1174 pro-

386 1180 501 1227 venit,
531 1181 576 1217 sit
603 1188 802 1228 peccatum
831 1192 877 1216 ex
904 1179 1129 1216 infirmitate.

29 805 54 833 ¹·
69 822 104 844 cf.
119 828 158 850 qu.
173 828 218 843 Lxx

0 870 2 874 ,
42 848 131 871 Introd.

371 1568 377 1590 z
400 1567 471 1611 ξεί(
494 1562 516 1588 D
545 1562 681 1587 PRIMUM
710 1562 763 1586 Sic
791 1561 1028 1586 PROCEmTUR.
1045 1548 1204 1591 Videtur
1232 1548 1336 1597 quod

418 1604 670 1660 gvoluntas
693 1615 771 1639 non
800 1611 1000 1639 moveatur
1019 1614 1040 1638 a
1068 1603 1244 1650 passione
1272 1614 1336 1650 ap-

307 1688 312 1696 ,
338 1645 378 1709 “2
400 1699 411 1708 „
440 1658 466 1694 ‘6
495 1656 632 1705 petitus
667 1655 845 1692 sensitivi.
879 1655 994 1692 Nulla
1030 1655 1132 1691 enim
1171 1655 1337 1703 potentia

420 1723 427 1732 ¹
456 1699 647 1757 passiva
666 1716 844 1745 movetur
862 1708 932 1744 nisi
952 1720 974 1744 a
995 1720 1064 1744 suo
1084 1707 1246 1745 obiecto.
1261 1709 1338 1744 Vo-

284 1763 407 1800 luntas
435 1770 561 1799 autem
582 1769 637 1798 est
656 1761 824 1809 potentia
846 1762 998 1809 passiva
1017 1769 1053 1797 et
1072 1761 1193 1797 activa
1213 1761 1336 1808 simul,

143 1818 162 1836 ²
284 1815 509 1865 inquantum
530 1822 584 1851 est
612 1826 765 1851 movens
793 1820 829 1850 et
846 1819 863 1836 ‘²
888 1820 1006 1851 mota:
1026 1813 1121 1850 sicut
1148 1813 1186 1850 in
1215 1815 1264 1850 III
1294 1815 1339 1851 de

139 1901 193 1924 leet.
206 1906 245 1923 xv.

22 1871 164 1925 2303*
177 1880 201 1897 n·
215 1880 258 1902 ⁷--
283 1869 425 1906 Anima
443 1868 463 1890 ³⁸
482 1867 737 1915 Philosophus
757 1867 845 1904 dicit
867 1867 1127 1904 universaliter
1147 1867 1194 1903 de
1212 1867 1252 1904 vi
1273 1880 1339 1916 ap-

284 1921 451 1971 petitiva.
482 1921 583 1957 Cum
612 1932 701 1968 ergo
731 1920 921 1957 obiectum
953 1919 1156 1956 voluntatis
1189 1932 1267 1957 non
1295 1921 1340 1957 sit

285 1974 412 2024 passio
441 1974 627 2022 appetitus
656 1972 837 2019 sensitivi,
867 1973 932 2010 sed
961 1972 1080 2020 magis
1107 1973 1254 2010 bonurn
1284 1986 1340 2010 ra-

285 2027 414 2073 tionis;
434 2027 585 2064 videtur
603 2026 707 2075 quod
727 2025 851 2074 passio
872 2025 1058 2074 appetitus
1076 2026 1243 2062 sensitivi
1261 2039 1339 2063 non

285 2088 443 2118 moveat
467 2080 714 2116 voluntatem.

342 2145 376 2170 2.
396 2134 629 2179 PRAETEREA,
651 2132 822 2180 superior
841 2139 968 2168 motor
990 2144 1068 2169 non
1097 2141 1273 2170 movetur
1292 2134 1340 2170 ab

286 2185 470 2224 inferiori:
501 2185 596 2222 sicut
632 2185 759 2221 anima
792 2197 870 2221 non
905 2193 1082 2221 movetur
1109 2197 1131 2222 a
1168 2199 1338 2235 corpore.

288 2239 365 2276 Sed
392 2239 584 2284 voluntas,
614 2249 712 2285 quae
741 2245 796 2274 est
823 2238 1011 2285 appetitus
1039 2238 1206 2285 rationis,
1237 2251 1341 2276 com-

286 2299 440 2341 paratur
459 2292 508 2328 ad
528 2290 736 2340 appetitum
760 2290 982 2327 sensitivum
1005 2290 1100 2327 sicut
1126 2299 1254 2328 motor
1282 2304 1342 2328 su-

55 2361 71 2374 r:
287 2344 414 2393 perior
433 2345 481 2381 ad
500 2344 735 2380 inferiorern:
765 2343 853 2380 dicit
881 2343 983 2380 enim
1012 2344 1278 2393 Philosophus,
1303 2345 1341 2381 in

47 2397 262 2454 381¹&th
289 2398 339 2434 111
373 2398 418 2434 de
444 2397 585 2434 Anima
613 2396 649 2442 ³¹⁶,
680 2397 785 2443 quod
813 2396 994 2444 appetitus
1029 2397 1184 2434 rationis
1219 2403 1344 2434 movet

287 2451 489 2498 appetitum
507 2449 733 2494 sensitivam,
753 2449 849 2485 sicut
874 2449 910 2485 in
935 2450 1153 2497 corporibus
1180 2451 1342 2487 caelesti—

288 2505 356 2542 bus
382 2505 542 2551 sphaera
566 2507 691 2538 movet
705 2503 915 2550 sphaeram.
942 2503 1043 2550 Ergo
1070 2504 1245 2540 voluntas
1265 2516 1342 2541 non

287 2564 415 2606 potest
441 2554 590 2592 moveri
618 2567 640 2591 a
666 2554 843 2603 passione
872 2555 1058 2603 appetitus
1086 2556 1263 2593 sensitivi.

345 2611 379 2647 3.
399 2610 632 2654 PRAETEREA,
653 2608 798 2643 nullum
827 2607 1074 2644 immateriale
1102 2615 1225 2656 potest
1259 2621 1342 2646 mo-

288 2662 371 2699 veri
398 2662 448 2698 ab
466 2660 594 2709 aliquo
623 2660 816 2696 materiali.
848 2661 923 2697 Sed
950 2662 1127 2697 voluntas
1156 2669 1211 2698 est
1229 2674 1343 2710 quae-

290 2716 381 2752 dam
408 2713 578 2763 potentia
605 2712 876 2749 immaterialis:
906 2725 984 2749 non
1013 2713 1114 2750 enim
1142 2714 1257 2751 utitur
1285 2727 1343 2751 or-

290 2779 389 2815 gano
419 2765 617 2814 corporali,
639 2777 726 2802 cum
756 2765 802 2802 sit
829 2765 867 2802 in
895 2766 1050 2812 ratione,
1074 2774 1116 2803 ut
1144 2766 1278 2804 dicitur
1305 2767 1342 2803 in

49 2828 130 2877 {⁶1¹ss-
145 2834 264 2876 ssetn'fi'v‘
291 2821 341 2857 ΙΙΙ
369 2819 416 2856 de
441 2818 583 2855 Anima
608 2817 639 2854 ²⁸.
670 2818 870 2866 Appetitus
904 2826 1030 2855 autem
1060 2819 1260 2856 sensitivus
1289 2826 1344 2856 est

71 2869 78 2876 ’
125 2870 132 2876 ”
193 2870 199 2876 ”
256 2869 262 2876 ’
289 2872 348 2910 vis
377 2870 598 2908 materialis:
627 2878 758 2919 utpote
785 2870 941 2908 fundata
968 2871 1006 2908 in
1033 2883 1176 2919 organo
1209 2885 1344 2921 corpo-

291 2925 370 2962 rali.
400 2925 503 2972 Ergo
536 2923 663 2971 passio
690 2923 876 2972 appetitus
909 2924 1073 2961 sensitivi
1111 2937 1188 2961 non
1220 2932 1344 2973 potest

290 2989 449 3015 movere
476 2976 685 3024 appetitum
714 2976 994 3014 intellectivum.

346 3031 420 3067 SED
449 3040 595 3066 CONTRA
613 3039 679 3064 EST
706 3029 812 3077 quod
836 3028 970 3066 dicitur
988 3031 1085 3066 Dan.
1106 3041 1166 3066 xm
1185 3029 1222 3066 *ε
1248 3030 1344 3066 Con-

292 3082 516 3132 cupiscentia
543 3081 720 3118 subvertit
746 3093 813 3118 cor
838 3087 954 3118 tuum.

345 3137 569 3173 stponmzo
588 3145 771 3170 monimum
791 3134 896 3183 quod
914 3134 1040 3182 passio
1056 3134 1242 3182 appetitus
1262 3146 1345 3170 sen-

292 3189 391 3226 sitivi
419 3200 498 3225 non
525 3194 650 3236 potest
677 3186 817 3222 directe
837 3187 984 3223 trahere
1008 3193 1073 3222 aut
1101 3198 1258 3223 movere
1276 3198 1345 3223 vo-

291 3242 485 3287 luntatem,
515 3240 582 3276 sed
605 3238 786 3276 indirecte
810 3245 945 3286 potest.
974 3239 1024 3274 Et
1042 3239 1116 3275 hoc
1135 3238 1342 3286 dupliciter.

292 3295 379 3332 Uno
408 3293 563 3342 quidem
592 3291 723 3338 modo,
750 3291 959 3328 secundum
987 3290 1180 3338 quandam
1204 3291 1345 3327 abstra-

52 3039 64 3050 ·
77 3038 145 3062 Vm.
159 3038 195 3067 56.

345 3412 373 3444 α)
392 3415 426 3436 et.
444 3424 462 3430 -
481 3411 541 3435 Om.
561 3409 765 3434 ABCDGHIKL.

345 3446 371 3479 β)
390 3446 516 3471 totaIiter.
535 3459 552 3464 -
571 3445 596 3469 in
616 3452 663 3469 suo
681 3447 742 3469 actu
762 3443 857 3468 addunt
875 3443 921 3467 Pa.

344 3483 370 3515 γ)
391 3482 417 3507 in
437 3481 558 3513 operibus
576 3480 691 3504 animae.
710 3493 728 3498 -—
746 3478 904 3503 animalibus
928 3477 1023 3502 addunt
1042 3475 1253 3507 ABCDEGILpH
1274 3480 1299 3499 et
1317 3482 1345 3503 a,

1445 709 1610 767 Quarto:
1639 717 1765 746 utrum
1793 711 1886 747 haec
1905 712 2029 759 passio
2054 724 2149 761 quae
2170 719 2224 749 est
2243 724 2352 748 amor
2370 711 2438 759 sui,

1498 768 1543 796 Slt
1571 773 1683 798 causa
1711 763 1835 798 omnis
1863 764 2016 810 peccati.

1446 813 1608 859 Quinto:
1640 813 1685 850 de
1722 814 1790 850 illis
1822 815 1939 851 tribus
1971 817 2092 853 causis
2125 829 2222 865 quae
2250 824 2441 864 ponuntur

2397 176 2442 211 61

1498 866 1511 901 I
1542 867 1645 902 Ioan.
1671 877 1693 902 ιι
1716 866 1752 912 *,
1782 868 2075 915 concupiscentia
2111 869 2325 915 oculorum,
2354 881 2441 906 con*
2467 883 2475 891 ·
2491 881 2603 903 vers-16.

1497 918 1718 965 cupiscentia
1747 919 1882 964 carnis,
1912 927 1948 965 et
1974 921 2147 968 superbia
2174 921 2280 958 vitae.

1446 970 1580 1006 Sexto:
1610 978 1736 1006 utrum
1763 972 1888 1019 passio
1922 984 2018 1020 quae
2053 980 2106 1009 est
2139 985 2251 1009 causa
2278 973 2438 1022 peccati,

1498 1022 1682 1059 diminuat
1709 1022 1843 1072 ipsum.

1444 1074 1635 1122 Septimo:
1666 1083 1790 1112 utrum
1819 1076 1978 1113 totaliter
2006 1085 2166 1114 excuset.

1446 1127 1615 1163 Octavo:
1653 1135 1779 1164 utrum
1814 1136 2014 1176 peccatum
2047 1129 2150 1178 quod
2188 1141 2233 1166 ex
2264 1130 2439 1178 passione

1498 1187 1563 1226 est,
1592 1180 1710 1227 possit
1738 1192 1819 1216 esse
1848 1182 2017 1218 mortale.

23 1292 25 1295 ’
50 1290 69 1307 ⁴²
96 1288 128 1304 ’⁷⁷‘
193 1302 200 1305 ·’
229 1294 262 1299 ’”
407 1282 410 1283 ’
1087 1287 1401 1330 ARTICULUS
1432 1288 1634 1332 PRIMUS

642 1386 796 1416 UTRUM
821 1385 1051 1417 VOLUNTAS
1074 1384 1319 1416 MOVEATUR
1341 1387 1370 1416 A
1393 1385 1594 1416 PAssioNE
1617 1387 1854 1417 APPETITUS
1877 1387 2081 1417 SENSIT1V1

827 1463 917 1494 Supra.
937 1469 980 1494 qu.
999 1469 1037 1490 rx,
1056 1466 1101 1485 art.
1122 1468 1149 1491 2;
1169 1468 1215 1493 qu.
1233 1468 1256 1490 x,
1275 1466 1322 1485 art.
1343 1460 1370 1491 3;
1391 1461 1432 1486 De
1449 1461 1537 1489 Verit„
1557 1469 1601 1494 qu.
1620 1470 1681 1491 xxn.
1701 1467 1746 1487 art.
1766 1471 1790 1496 9,
1809 1464 1840 1487 ad
1860 1462 1885 1488 6.

1392 1549 1567 1587 ctionem.
1590 1550 1689 1586 Cum
1718 1550 1818 1586 enim
1848 1562 1982 1587 omnes
2005 1551 2195 1598 potentiae
2224 1552 2371 1589 animae
2399 1553 2438 1589 in

1391 1613 1465 1637 una
1486 1602 1646 1638 essentia
1665 1602 1814 1639 animae
1834 1603 2056 1650 radicentur,
2080 1616 2232 1640 necesse
2258 1612 2312 1641 est
2334 1605 2437 1653 quod

1393 1655 1544 1700 quando
1563 1667 1639 1691 una
1657 1655 1825 1703 potentia
1845 1655 2046 1692 intenditur
2065 1656 2102 1692 in
2122 1669 2190 1692 suo
2210 1665 2306 1703 actu,
2323 1659 2438 1694 altera

1392 1706 1428 1742 in
1457 1719 1525 1743 suo
1555 1714 1640 1743 actu
1667 1707 1885 1754 remittatur,
1914 1709 1974 1744 vel
2004 1708 2114 1745 etiam
2143 1710 2304 1746 totaliter
2327 1709 2342 1739 β
2368 1710 2438 1746 im—

1392 1759 1574 1806 pediatur.
1605 1761 1708 1796 Tum
1737 1760 1825 1807 quia
1853 1761 1976 1796 omnis
2004 1761 2121 1797 virtus
2150 1762 2196 1798 ad
2225 1763 2332 1810 plura
2364 1763 2439 1799 dis-

1393 1823 1502 1859 persa
1521 1812 1563 1848 fit
1585 1812 1726 1849 minor:
1750 1813 1852 1849 unde
1873 1825 1893 1848 e
1913 1813 2110 1860 contrario,
2140 1815 2294 1862 quando
2321 1815 2439 1855 inten-

1395 1864 1491 1900 ditur
1519 1864 1615 1900 circa
1642 1877 1778 1911 unum,
1809 1865 1934 1902 minus
1961 1874 2085 1914 potest
2104 1867 2152 1903 ad
2176 1866 2245 1903 alia
2266 1867 2438 1916 dispergi.

1395 1918 1496 1953 Tum
1526 1917 1613 1965 quia
1633 1917 1670 1954 in
1690 1917 1868 1966 operibus
1897 1918 2046 1955 animae
2065 1924 2080 1946 Ὺ
2106 1919 2303 1967 requiritur
2326 1931 2440 1969 quae-

1395 1969 1483 2006 dam
1512 1970 1680 2017 intentio,
1710 1982 1808 2019 quae
1841 1970 1933 2007 dum
1961 1972 2209 2008 vehementer
2235 1972 2442 2020 applicatur

1395 2022 1443 2059 ad
1474 2034 1613 2069 unum,
1647 2035 1725 2059 non
1756 2030 1881 2071 potest
1913 2024 2016 2060 alteri
2047 2024 2293 2060 vehementer
2325 2031 2443 2061 atten-

1396 2075 1483 2111 dere
1498 2075 1529 2111 *.
1555 2076 1603 2111 Et
1622 2076 1830 2113 secundum
1851 2077 1953 2113 hunc
1971 2076 2142 2123 modum,
2162 2089 2231 2125 per
2249 2077 2441 2125 quandam

1397 2128 1692 2175 distractionem,
1722 2129 1875 2176 quando
1905 2136 2031 2165 motus
2060 2130 2245 2177 appetitus
2274 2129 2443 2166 sensitivi

1395 2180 1616 2217 fortificatur
1648 2182 1858 2218 secundum
1893 2193 2175 2230 quamcumque
2203 2182 2440 2230 passionem,

1395 2245 1549 2270 necesse
1579 2241 1633 2270 est
1665 2234 1769 2282 quod
1797 2234 2017 2281 remittatur,
2046 2235 2108 2271 vel
2136 2235 2293 2271 totaliter
2325 2235 2443 2283 impe—

1397 2286 1518 2322 diatur
1537 2294 1663 2323 motus
1682 2286 1856 2335 proprius
1876 2287 2060 2335 appetitus
2081 2286 2280 2334 rationalis,
2302 2288 2365 2335 qui
2390 2294 2445 2323 est

1396 2340 1582 2375 voluntas.

1448 2392 1533 2428 Alio
1563 2392 1692 2438 modo,
1724 2403 1767 2428 ex
1795 2399 1900 2439 parte
1929 2391 2064 2428 obiecti
2088 2388 2312 2438 ‘voluntatis,
2342 2391 2444 2439 quod

1397 2453 1451 2481 est
1470 2446 1614 2481 bonum
1635 2444 1779 2481 ratione
1802 2445 2094 2492 apprehensum.
2116 2443 2323 2492 Impeditur
2343 2443 2442 2480 enim

1396 2498 1576 2534 iudicium
1610 2505 1645 2533 et
1681 2497 1932 2545 apprehensio
1965 2497 2116 2533 rationis
2150 2503 2304 2545 propter
2330 2497 2444 2533 vehe-

1397 2559 1562 2587 mentem
1582 2557 1618 2586 et
1636 2550 1887 2586 inordinatam
1907 2549 2247 2598 apprehensionem
2267 2549 2445 2596 imagina-

1396 2603 1519 2649 tionis,
1541 2611 1576 2639 et
1595 2603 1775 2639 iudicium
1803 2602 1948 2638 virtutis
1976 2602 2247 2638 aestimativae:
2276 2609 2316 2638 ut
2343 2607 2446 2649 patet

1397 2657 1434 2693 in
1462 2655 1685 2692 amentibus.
1720 2655 1965 2692 Manifestum
1994 2662 2048 2691 est
2076 2661 2202 2691 autem
2231 2655 2334 2702 quod
2361 2665 2445 2701 pas-

1397 2709 1544 2746 sionem
1573 2707 1758 2756 appetitus
1787 2707 1953 2744 sensitivi
1978 2707 2145 2755 sequitur
2172 2705 2444 2754 imaginationis

1398 2761 1659 2810 apprehensio,
1677 2767 1712 2796 et
1731 2760 1911 2798 iudicium
1927 2760 2198 2796 aestimativae:
2219 2759 2312 2795 sicut
2332 2757 2444 2794 etiam

1397 2814 1682 2863 dispositionem
1719 2813 1864 2860 linguae
1899 2813 2066 2860 sequitur
2091 2812 2268 2848 iudicium
2304 2818 2444 2857 gustus.

1398 2868 1507 2905 Unde
1536 2866 1711 2903 videmus
1731 2866 1835 2912 quod
1859 2866 2035 2902 homines
2061 2864 2098 2900 in
2127 2865 2250 2912 aliqua
2268 2863 2446 2911 passione

1399 2921 1608 2965 existentes,
1629 2930 1706 2955 non
1736 2918 1842 2954 facile
1862 2917 2167 2965 imaginationem
2197 2923 2370 2952 avertunt
2396 2915 2444 2951 ab

1399 2974 1455 3009 his
1481 2973 1579 3008 circa
1603 2983 1699 3019 quae
1728 2970 1951 3007 afficiuntur.
1978 2970 2086 3006 Unde
2115 2980 2182 3017 per
2210 2979 2448 3016 consequens

1399 3025 1578 3063 iudicium
1607 3023 1758 3060 rationis
1786 3023 2008 3071 plerumque
2037 3021 2202 3069 sequitur
2229 3018 2447 3068 passionem

1399 3078 1583 3127 appetitus
1611 3075 1793 3119 sensitivi;
1815 3083 1850 3111 et
1877 3087 1946 3122 per
1966 3085 2201 3121 consequens
2230 3080 2356 3109 motus
2378 3084 2447 3109 vo-

1400 3130 1565 3175 luntatis,
1595 3129 1659 3179 qui
1689 3135 1797 3164 natus
1826 3135 1879 3163 est
1907 3127 2013 3174 sequi
2032 3124 2045 3148 ⁶
2073 3125 2252 3162 iudicium
2281 3125 2446 3162 rationis.

1452 3185 1510 3219 AD
1530 3193 1665 3218 PRIMUM
1684 3191 1781 3216 ERGO
1805 3191 1986 3215 omENDUM
2014 3178 2116 3226 quod
2135 3189 2205 3226 per
2230 3177 2447 3226 passionem

1400 3234 1585 3284 appetitus
1613 3231 1778 3269 sensitivi
1805 3231 1848 3268 fit
1875 3231 1999 3278 aliqua
2027 3230 2239 3268 immutatio
2269 3230 2366 3266 circa
2393 3230 2448 3266 iu-

1400 3288 1541 3325 dicium
1570 3287 1618 3322 de
1641 3284 1790 3321 obiecto
1817 3283 2030 3330 voluntatis,
2054 3283 2151 3320 sicut
2177 3283 2319 3320 dietum
2339 3289 2394 3319 est
2412 3282 2451 3328 *ς

1401 3405 1426 3428 in
1446 3403 1604 3428 animalibus
1627 3402 1695 3426 addit
1719 3401 1746 3425 F.
1765 3414 1783 3419 -
1803 3401 1851 3425 pro
1874 3401 1950 3430 dum,
1975 3403 2063 3425 autem
2088 3399 2302 3433 ACFGLpBDH‚
2327 3383 2385 3425 cun}
2406 3399 2451 3429 m,

1400 3439 1506 3471 quando
1526 3439 1569 3462 sss.

1452 3472 1477 3504 δ)
1495 3473 1576 3505 sequi.
1595 3486 1612 3495 -,
1630 3478 1733 3503 semper
1749 3471 1822 3503 sequi
1840 3471 1885 3495 Ρα.

2468 2086 2476 2094 ·
2492 2084 2519 2105 D.
2535 2083 2580 2111 198,
2596 2089 2643 2110 199.

2476 3287 2525 3308 ‘In
2540 3293 2567 3308 co

2570 3292 2646 3314 φοι-ε.
