2840 4010
104 1202 117 1220 Ρ
131 1200 200 1224 Vm.
213 1206 244 1228 ¹4·

105 1249 119 1262 ⁸
131 1249 191 1272 ord.
203 1249 265 1302 eug.

108 2145 121 2155 ‘¹
127 2124 203 2167 ‹Vm-¹
216 2150 237 2173 3.

969 167 1234 216 QUAEsT1o
1265 167 1474 215 Lxxx1x‚
1504 167 1798 205 ARTICULUS
1828 167 1877 203 111

341 261 490 288 currere
519 258 679 298 possunt
706 250 753 287 ad
782 248 1000 286 huiusmodi
1029 251 1210 296 peccata‘
1241 245 1400 282 delenda

340 316 410 353 per
437 303 597 340 caritatis
625 303 828 340 fervorem.

394 357 452 393 AD
481 367 654 398 QUARTUM
682 367 865 392 mcENDUM
885 354 1001 403 quod,
1023 353 1118 389 sicut
1144 350 1400 398 Philosophus

103 413 314 462 g‘ssfflgcffiss·
342 408 440 454 dicit,
470 409 508 445 in
538 410 550 445 Ι
580 409 625 445 de
657 408 770 445 Caelo
789 407 820 453 ²¹²,
850 407 977 444 omnia
1005 405 1122 441 tribus
1149 403 1400 448 includuntur,

342 461 480 498 scilicet
493 462 693 509 principio,
714 460 835 497 medio
854 465 891 496 et
896 460 991 506 fine.
1014 458 1062 494 Et
1081 455 1292 493 secundum
1313 456 1400 501 hoc,

342 526 478 551 omnes
506 514 645 562 gradus
673 513 880 550 venialium
904 517 1150 559 peccatorum
1180 508 1228 544 ad
1256 507 1325 543 tria
1346 519 1401 543 re-

395 633 413 664 ι)
429 635 549 664 peccata.
567 645 586 651 -
603 630 717 656 venialia
736 629 831 653 addunt
849 628 894 652 Pa.

1301 703 1439 710 *mx

2443 165 2512 210 143

1455 246 1660 283 ducuntur:
1690 246 1827 283 scilicet
1855 246 1903 282 ad
1927 245 2084 295 lignum,
2107 243 2210 293 quod
2230 243 2366 280 diutius
2385 250 2514 279 manet

1455 298 1493 334 in
1520 299 1625 346 igne;
1655 299 1703 336 ad
1735 298 1930 347 stipulam,
1960 309 2057 347 quae
2087 296 2264 333 citissime
2295 295 2510 344 expeditum

1456 351 1503 387 ad
1520 353 1696 398 faenum,
1727 352 1831 399 quod
1859 350 1987 388 medio
2016 350 2134 387 modo
2155 361 2195 386 se
2215 349 2339 385 habet.
2372 349 2514 384 Secun-

1457 403 1547 439 dum
1579 404 1680 440 enim
1700 410 1716 425 κ
1744 405 1847 451 quod
1876 411 2030 452 peccata
2053 402 2215 439 venialia
2244 408 2329 438 sunt
2360 400 2514 437 maioris

1455 456 1516 491 vel
1547 456 1700 492 minoris
1730 456 1993 493 adhaerentiae
2013 456 2074 492 vel
2103 454 2305 503 gravitatis,
2327 453 2433 490 citius
2452 454 2513 490 vel

1425 489 1428 557 i
1456 507 1597 544 tardius
1625 521 1692 556 per
1720 509 1845 556 ignem
1874 516 2091 557 purgantur.

1510 624 1535 657 κ)
1555 625 1633 649 enim.
1651 639 1670 644 -
1687 625 1749 651 Om.
1767 626 1795 650 P.

666 826 670 827 ⁷
1144 768 1459 812 ARTICULUS
1488 769 1714 811 TERTIUS

622 866 778 897 UTRUM
802 864 931 895 HOMO
957 865 998 894 IN
1023 863 1166 894 STATU
1190 861 1486 893 INNOCENTIAE
1510 861 1730 892 POTUEmT
1754 862 1949 893 PECCARE
1974 863 2233 894 VENIALITER

705 944 725 969 11
744 944 826 974 Sent„
847 944 904 968 dist.
923 950 972 972 xxi,
992 950 1037 975 qu.
1055 950 1083 971 11,
1102 946 1150 967 art.
1170 940 1199 971 33
1218 940 1261 965 De
1279 939 1361 968 Malo,
1382 947 1426 972 qu.
1444 947 1471 969 ιι,
1492 945 1538 965 art.
1557 940 1581 969 8.
1602 941 1633 965 ad
1656 948 1682 970 13
1702 949 1746 973 qu.
1765 948 1809 971 vu,
1829 946 1874 966 art.
1896 941 1918 971 3,
1939 942 1970 966 ad
1993 942 2036 971 ¹33
2057 947 2103 966 art.
2123 951 2147 974 7.

344 1062 347 1063 γ
379 1050 437 1090 “⁸⁶5
462 1058 530 1092 fl«
555 1045 577 1070 n
596 1044 755 1070 ’marium
785 1044 838 1069 stc
857 1041 1096 1068 PROCEDITUR.
1122 1029 1280 1066 Videtur
1299 1028 1402 1077 quod

373 1078 530 1145 1⁸}34
556 1087 675 1124 homo
696 1086 733 1122 in
753 1092 851 1121 statu
878 1083 1115 1121 innocentiae
1133 1081 1298 1131 potuerit
1316 1093 1404 1129 pec-

347 1141 398 1185 , ,
492 1138 643 1180 ‘reare
675 1138 881 1176 venialiter.
913 1136 1012 1184 Quia
1043 1147 1157 1185 super
1193 1134 1284 1172 illud
1313 1135 1325 1170 I
1356 1134 1406 1170 ad

365 1183 498 1228 15³3&
512 1184 598 1235 T
594 1192 657 1229 im.
679 1203 701 1228 11
716 1191 751 1238 *,
780 1191 904 1227 Adam
934 1202 1008 1226 non
1037 1194 1090 1226 est
1113 1188 1295 1233 seductus,
1317 1186 1406 1224 dicit

324 1244 538 1283 <messam
569 1246 793 1292 Inexpertus
826 1243 975 1280 divinae
1008 1241 1211 1279 severitatis
1231 1245 1264 1287 α,
1294 1240 1331 1277 in
1361 1252 1404 1276 eo

335 1297 431 1347 falli
451 1298 583 1346 potuit,
613 1303 654 1334 ut
678 1297 847 1334 crederet
876 1295 1021 1332 veniale
1046 1306 1125 1332 esse
1151 1293 1403 1331 commissum.

349 1351 426 1388 Sed
454 1351 528 1387 hoc
556 1362 634 1389 non
667 1349 900 1396 credidisset,
930 1348 999 1385 nisi
1026 1346 1221 1385 venialiter
1247 1358 1404 1396 peccare

346 1403 542 1453 potuisset.
564 1403 666 1451 Ergo
682 1401 878 1439 venialiter
897 1412 1054 1450 peccare
1073 1399 1205 1449 potuit,
1222 1411 1300 1436 non
1319 1411 1406 1448 pec-

349 1456 471 1494 cando
500 1455 718 1493 mortaliter.

403 1521 437 1546 2.
458 1510 690 1555 PRAETEREA,
720 1508 952 1555 Augustinus
980 1506 1080 1558 dicit,
1107 1507 1160 1543 XI
1178 1517 1291 1554 super
1313 1505 1404 1541 Gen.

347 1562 400 1599 ad
424 1561 488 1598 litt.
508 1561 546 1598 *s
573 1562 664 1598 Non
694 1567 748 1597 est
773 1561 1034 1598 arbitrandum
1061 1559 1162 1608 quod
1178 1564 1272 1595 esset
1287 1558 1403 1595 homi-

347 1626 433 1652 nem
449 1614 656 1651 deiecturus
674 1619 844 1659 tentator,
861 1614 933 1652 nisi
942 1612 1204 1662 praecessisset
1220 1612 1257 1648 in
1277 1611 1406 1648 anima

347 1667 508 1704 hominis
536 1667 721 1716 quaedam
749 1667 858 1703 elatio
878 1665 1169 1715 comprimenda.
1199 1664 1322 1702 Elatio
1342 1676 1406 1700 au-

348 1728 427 1758 tern
456 1720 707 1757 deiectionem
735 1719 980 1768 praecedens,
1010 1731 1108 1767 quae
1136 1718 1233 1755 facta
1262 1725 1316 1754 est
1339 1729 1408 1765 per

349 1781 550 1822 peccatum
578 1773 750 1819 mortale,
779 1785 859 1809 non
876 1772 998 1821 potuit
1017 1784 1100 1808 esse
1118 1770 1188 1809 nisi
1206 1778 1405 1819 peccatum

348 1826 508 1864 veniale.
544 1825 722 1863 Similiter
756 1825 869 1862 etiam
901 1825 939 1862 in
968 1825 1105 1861 eodem
1128 1823 1149 1846 ²¹⁸
1175 1823 1407 1871 Augustinus

350 1879 439 1917 dicit
466 1879 571 1928 quod
598 1879 722 1916 virum
740 1878 951 1915 sollicitavit
967 1878 1094 1926 aliqua
1112 1877 1330 1926 experiendi
1346 1887 1408 1913 cu-

342 1932 502 1981 piditas,
541 1943 626 1968 cum
662 1931 858 1968 mulierem
895 1931 1037 1968 videret
1057 1928 1087 1979 β,
1115 1935 1261 1979 sumpto
1297 1930 1407 1966 vetito

342 1997 472 2034 pom0,
502 1997 576 2022 non
605 1997 683 2021 esse
711 1990 911 2021 mortuam.
940 1983 1098 2021 Videtur
1125 1982 1238 2020 etiam
1266 1982 1304 2019 in
1324 1983 1407 2019 Eva

349 2038 463 2075 fuisse
493 2037 626 2086 aliquis
654 2036 884 2074 infidelitatis
912 2044 1057 2083 motus,
1086 2036 1124 2073 in
1143 2036 1217 2073 hoc
1237 2036 1339 2085 quod
1361 2036 1408 2072 de

348 2090 476 2128 verbis
504 2090 663 2127 Domini
691 2089 895 2127 dubitavit:
924 2097 966 2126 ut
992 2097 1094 2138 patet
1120 2101 1190 2138 per
1207 2090 1283 2126 hoc
1304 2089 1408 2137 quod

350 2143 458 2190 dixit,
488 2155 535 2180 ne
556 2144 659 2191 forte
687 2143 909 2188 moriamur,
938 2151 979 2179 ut
1006 2142 1166 2179 habetur
1197 2142 1290 2179 Gen.
1316 2153 1351 2178 111
1375 2142 1406 2178 ³².

350 2197 457 2234 Haec
485 2203 612 2233 autem
630 2195 807 2232 videntur
832 2207 912 2232 esse
931 2191 1092 2232 venialia
1110 2202 1276 2244 peccata.
1307 2195 1407 2243 Ergo

348 2250 468 2286 homo
497 2248 619 2298 potuit
646 2249 842 2286 venialiter
867 2260 1043 2296 peccare,
1073 2255 1278 2298 antequam
1305 2260 1408 2284 mor-

349 2303 471 2339 taliter
498 2310 683 2350 peccaret.

405 2357 438 2392 3.
469 2355 702 2406 PRAETEREA,
731 2361 932 2402 peccatum
960 2354 1119 2390 mortale
1148 2353 1268 2402 magis
1288 2366 1408 2403 oppo-

348 2407 448 2446 nitur
475 2407 674 2455 integritati
701 2406 812 2455 primi
840 2414 956 2443 status
983 2419 1097 2456 quam
1124 2414 1324 2456 peccatum
1343 2420 1409 2444 ve-

349 2459 460 2501 niale.
491 2461 567 2498 Sed
596 2461 715 2497 homo
743 2459 866 2508 potuit
892 2471 1051 2508 peccare
1080 2460 1301 2507 mortaliter,
1331 2473 1409 2497 non

350 2511 523 2550 obstante
553 2512 759 2561 integritate
789 2512 902 2561 primi
929 2519 1057 2553 status,
1087 2512 1188 2560 Ergo
1209 2513 1321 2550 etiam
1341 2526 1409 2563 po-

349 2565 418 2604 tuit
444 2578 602 2615 peccare
630 2565 836 2602 venialiter.

403 2619 477 2661 SED
507 2631 653 2656 CONTRA
681 2630 746 2656 Esr
773 2617 879 2666 quod
906 2617 1056 2654 cuilibet
1074 2626 1230 2667 peccato
1251 2618 1410 2656 debetur

350 2671 475 2720 aliqua
502 2684 639 2720 poena.
672 2671 749 2708 Sed
782 2671 871 2708 nihil
904 2671 1064 2720 poenale
1102 2683 1184 2708 esse
1221 2671 1344 2720 potuit
1371 2672 1410 2708 in

351 2732 448 2761 statu
484 2723 742 2767 innocentiae,
771 2731 813 2760 ut
843 2724 1075 2771 Augustinus
1113 2723 1219 2771 dicit,
1249 2725 1337 2762 XIV
1365 2725 1410 2761 de

356 2776 531 2813 CimDei
546 2776 578 2813 *ἢ
607 2777 708 2824 Ergo
738 2788 816 2813 non
843 2776 966 2824 potuit
991 2789 1151 2826 peccare
1174 2777 1301 2825 aliquo
1321 2790 1409 2826 pec-

352 2837 435 2866 cato
465 2841 541 2878 quo
569 2841 648 2867 non
678 2828 872 2866 eiiceretur
900 2830 947 2866 ab
971 2829 1033 2866 illo
1062 2829 1279 2878 integritatis
1298 2838 1408 2868 statu.

352 2881 430 2919 Sed
448 2890 648 2934 peccatum
667 2881 815 2920 veniale
836 2894 915 2919 non
933 2889 1054 2920 mutat
1072 2890 1210 2920 statum
1230 2883 1407 2920 hominis.

351 2934 453 2982 Ergo
482 2947 560 2972 non
587 2934 711 2984 potuit
737 2947 894 2984 peccare
922 2935 1128 2973 venialiter.

403 2988 628 3024 REsposm-:o
649 2999 832 3026 D1CENDUM
852 2988 957 3036 quod
978 2988 1231 3026 communiter
1257 2988 1410 3038 ponitur

351 3039 456 3090 quod
483 3041 604 3077 homo
623 3045 639 3068 Υ
667 3039 704 3077 in
733 3047 830 3078 statu
849 3040 1086 3078 innocentiae
1106 3053 1184 3078 non
1204 3041 1326 3090 potuit
1344 3054 1410 3078 ve-

351 3093 497 3130 nialiter
523 3105 694 3142 peccare.
726 3093 811 3130 Hoc
839 3101 967 3130 autem
986 3091 999 3115 ὃ
1027 3106 1106 3130 non
1135 3102 1190 3130 est
1209 3094 1260 3131 sic
1279 3093 1410 3131 intelli-

322 3190 334 3194 ,
350 3146 534 3194 gendum,
565 3145 671 3195 quasi
690 3145 728 3182 id
748 3145 853 3195 quod
880 3146 989 3183 nobis
1018 3154 1073 3183 est
1098 3146 1260 3193 veniale,
1281 3147 1311 3183 si
1330 3147 1410 3196 ipse
1435 3147 1437 3152 ’

351 3199 623 3246 committeret,
653 3206 750 3236 esset
782 3198 851 3236 sibi
878 3199 1049 3245 mortale,
1078 3207 1234 3247 propter
1252 3200 1411 3237 altitudi-

349 3264 440 3290 nem
461 3251 518 3289 sui
546 3259 673 3289 status.
703 3250 874 3299 Dignitas
894 3251 994 3288 enim
1015 3263 1201 3300 personae
1222 3260 1278 3289 est
1297 3264 1411 3301 quae-

351 3305 442 3343 dam
471 3310 482 3326 ι
517 3303 793 3342 circumstantia
829 3316 1038 3352 aggravans
1074 3312 1294 3352 peccatum,
1332 3317 1410 3342 non
1436 3339 1438 3346 ,

404 3420 430 3451 α)
450 3417 609 3444 severitatis.
627 3431 645 3437 -
663 3418 813 3443 securitatis
832 3418 868 3447 Α;
888 3418 1032 3442 sententiae
1052 3418 1155 3443 Glossa.

405 3454 429 3487 β)
449 3455 561 3479 videret.
579 3467 597 3472 -
616 3454 724 3478 vidisset
744 3454 789 3478 Pa.

403 3492 430 3523 γ)
449 3490 624 3515 communiter·
637 3489 750 3521 ponitur
769 3489 840 3521 quod
857 3489 943 3514 homo.
961 3502 980 3507 -
997 3489 1182 3514 convenienter
1202 3488 1251 3513 EF.

1457 1036 1586 1064 tamen
1614 1029 1787 1065 transfert
1814 1029 1852 1065 in
1881 1029 1991 1065 aliam
2019 1030 2201 1078 speciem,
2233 1030 2302 1066 nisi
2330 1031 2424 1067 forte
2453 1043 2514 1067 su·

1457 1081 1702 1130 perveniente
1736 1082 1971 1118 deformitate
2010 1082 2288 1119 inobedientiae
2324 1084 2385 1119 vel
2412 1084 2512 1130 voti,

1457 1135 1518 1171 vel
1557 1134 1712 1171 alicuius
1745 1134 1982 1172 huiusmodi:
2013 1136 2116 1184 quod
2145 1135 2182 1172 in
2209 1136 2404 1184 proposito
2441 1136 2512 1172 dici

1459 1199 1536 1223 non
1564 1195 1699 1236 potest.
1728 1187 1840 1224 Unde
1869 1187 1905 1225 id
1932 1189 2035 1236 quod
2056 1196 2111 1225 est
2129 1188 2176 1225 de
2197 1200 2236 1225 se
2254 1188 2413 1234 veniale,
2435 1201 2512 1226 non

1458 1240 1579 1288 potuit
1614 1240 1804 1277 transferri
1838 1240 1876 1277 in
1908 1242 2086 1288 mortale,
2115 1249 2270 1289 propter
2298 1241 2514 1289 dignitatem

1458 1293 1570 1342 primi
1589 1301 1715 1330 status.
1738 1293 1799 1329 Sic
1819 1305 1907 1340 ergo
1928 1293 2208 1342 intelligendum
2235 1301 2289 1330 est
2312 1294 2416 1342 quod
2435 1306 2514 1331 non

1458 1346 1579 1394 potuit
1606 1358 1764 1394 peccare
1786 1346 1993 1393 venialiter,
2014 1347 2102 1395 quia
2127 1359 2205 1383 non
2224 1347 2346 1395 potuit
2365 1359 2445 1383 esse
2473 1354 2515 1383 ut

1460 1399 1712 1436 committeret
1749 1398 1888 1446 aliquid
1924 1399 2027 1447 quod
2061 1407 2158 1436 esset
2195 1399 2241 1436 de
2276 1412 2314 1436 se
2346 1399 2513 1446 veniale,

1460 1459 1662 1501 antequam
1692 1451 1939 1499 integritatem
1960 1452 2072 1500 primi
2090 1459 2204 1489 status
2225 1452 2409 1488 amitteret
2427 1465 2514 1500 pec-

1460 1505 1582 1542 cando
1612 1504 1828 1541 mortaliter.
2304 1550 2308 1555 ·

1514 1558 1632 1594 Cuius
1652 1557 1744 1594 ratio
1770 1565 1824 1593 est
1852 1557 1940 1604 quia
1963 1565 2161 1605 peccatum
2182 1557 2329 1594 veniale
2349 1557 2387 1593 in
2405 1557 2515 1594 nobis

1461 1609 1640 1658 contingit
1662 1611 1725 1646 vel
1752 1617 1907 1658 propter
1935 1610 2261 1658 imperfectionem
2287 1617 2402 1657 actus,
2423 1610 2517 1647 sicut

1461 1664 1571 1700 subiti
1603 1671 1729 1700 motus
1757 1663 1795 1699 in
1823 1675 1961 1710 genere
1994 1671 2238 1711 peccatorum
2276 1662 2514 1699 mortalium:

1459 1717 1520 1753 vel
1549 1725 1703 1766 propter
1739 1715 2058 1752 inordinationem
2092 1715 2312 1752 existentem
2345 1715 2443 1752 circa
2472 1728 2515 1752 ea

1461 1782 1559 1817 quae
1597 1777 1683 1806 sunt
1710 1769 1760 1806 ad
1791 1769 1927 1815 finem,
1957 1776 2107 1805 servato
2143 1769 2270 1805 debito
2307 1768 2438 1806 ordine
2467 1769 2516 1805 ad

1461 1823 1590 1859 finem.
1620 1823 1833 1870 Utrumque
1854 1829 1981 1858 autem
2005 1822 2144 1858 horum
2165 1821 2344 1868 contingit
2361 1829 2516 1870 propter

1461 1875 1654 1924 quendam
1684 1875 1873 1911 defectum
1903 1874 2055 1922 ordinis,
2087 1886 2131 1910 ex
2161 1886 2206 1910 eo
2235 1875 2339 1922 quod
2364 1874 2517 1911 inferius

1461 1942 1538 1966 non
1559 1928 1768 1965 continetur
1786 1926 1944 1964 firmiter
1963 1928 2033 1964 sub
2054 1927 2249 1975 superiori.
2279 1927 2394 1974 Quod
2415 1927 2514 1964 enim

1461 1982 1498 2018 in
1518 1982 1628 2018 nobis
1647 1981 1812 2028 insurgat
1832 1980 1975 2017 subitus
1995 1988 2121 2017 motus
2147 1980 2406 2028 sensualitatis,
2429 1992 2517 2017 con-

1460 2035 1564 2082 tingit
1592 2046 1637 2070 ex
1665 2034 1739 2070 hoc
1772 2033 1878 2081 quod
1915 2033 2132 2070 sensualitas
2169 2045 2247 2070 non
2277 2040 2331 2070 est
2359 2033 2515 2070 omnino

1462 2088 1609 2125 subdita
1632 2086 1779 2123 rationi.
1810 2086 1925 2133 Quod
1953 2098 2046 2122 vero
2075 2086 2240 2133 insurgat
2268 2086 2412 2123 subitus
2437 2098 2517 2122 mo-

1462 2150 1520 2177 tus
1540 2141 1577 2176 in
1597 2139 1741 2177 ratione
1760 2139 1852 2188 ipsa,
1873 2138 2050 2188 provenit
2068 2139 2106 2175 in
2127 2139 2235 2175 nobis
2255 2151 2300 2175 ex
2319 2140 2393 2175 hoc
2412 2138 2518 2187 quod

1461 2194 1542 2243 ipsa
1571 2192 1741 2230 executio
1761 2200 1866 2228 actus
1895 2192 2045 2228 rationis
2074 2204 2152 2228 non
2180 2191 2351 2228 subditur
2379 2192 2518 2228 delibe-

1462 2246 1595 2283 rationi
1624 2257 1723 2293 quae
1753 2253 1808 2282 est
1837 2257 1882 2282 ex
1909 2245 2029 2281 altiori
2061 2245 2185 2290 bono,
2215 2252 2256 2281 ut
2283 2257 2397 2293 supra
2417 2245 2436 2266 ‘⁸
2465 2244 2519 2281 di·
2545 2255 2553 2300 ζ
2591 2259 2605 2274 u
2626 2258 2694 2274 mv

1463 2308 1564 2336 ctum
1582 2307 1646 2335 est.
1669 2298 1786 2344 Quod
1800 2310 1893 2334 vero
1909 2298 2100 2334 humanus
2117 2297 2265 2334 animus
2285 2297 2519 2334 inordinetur

1463 2353 1561 2389 circa
1590 2364 1634 2388 ea
1663 2363 1760 2399 quae
1789 2358 1875 2387 sunt
1903 2350 1951 2387 ad
1979 2351 2109 2397 finem,
2141 2358 2290 2387 servato
2313 2350 2438 2387 debito
2460 2363 2518 2386 or-
2571 2395 2573 2397 ι

1464 2406 1549 2443 dine
1579 2405 1627 2442 ad
1653 2405 1792 2451 finem,
1822 2403 1998 2452 provenit
2030 2415 2076 2440 ex
2109 2404 2183 2439 hoc
2211 2404 2315 2452 quod
2345 2415 2389 2440 ea
2422 2415 2518 2452 quae

1463 2466 1548 2496 sunt
1580 2457 1629 2494 ad
1665 2457 1783 2494 finem
1822 2468 1901 2493 non
1929 2456 2150 2493 ordinantur
2185 2455 2422 2492 infallibiliter
2449 2457 2518 2492 sub

1462 2513 1551 2558 fine,
1582 2510 1647 2558 qui
1669 2517 1772 2546 tenet
1791 2521 1987 2546 summum
2006 2509 2146 2556 locum,
2167 2508 2274 2557 quasi
2294 2508 2518 2558 principium

1463 2565 1501 2601 in
1530 2562 1807 2613 appetibilibus,
1835 2569 1877 2599 ut
1905 2574 2019 2610 supra
2036 2562 2056 2583 ’³‘
2085 2562 2226 2599 dictum
2256 2569 2322 2598 est.
2353 2563 2395 2598 ln
2423 2569 2519 2598 statu
2545 2574 2556 2584 ⁸
2597 2580 2610 2594 u
2636 2580 2650 2594 x
2678 2579 2703 2594 ar
2735 2579 2742 2594 ι

1464 2626 1591 2654 autem
1627 2615 1886 2662 innocentiae,
1915 2623 1956 2651 ut
1983 2615 2022 2651 in
2050 2615 2178 2651 Primo
2201 2616 2220 2636 ²¹²
2249 2614 2420 2651 habitum
2450 2622 2515 2660 est,
2544 2606 2558 2646 ἶ

1464 2678 1541 2707 erat
1555 2668 1754 2706 infallibilis
1773 2667 1916 2705 ordinis
1940 2667 2110 2714 firmitas,
2130 2675 2172 2704 ut
2190 2679 2341 2715 semper
2366 2666 2518 2704 inferius

1463 2723 1715 2760 contineretur
1742 2722 1812 2758 sub
1832 2720 2028 2770 superiori,
2050 2720 2217 2769 quandiu
2236 2732 2430 2756 summum
2450 2720 2518 2756 ho—

1463 2776 1574 2813 minis
1603 2774 1856 2811 contineretur
1884 2774 1953 2810 sub
1974 2774 2076 2819 Deo;
2097 2782 2137 2810 ut
2157 2773 2268 2809 etiam
2288 2771 2518 2820 Augustinus

1464 2829 1561 2875 dicit,
1583 2829 1672 2865 XIV
1690 2828 1735 2864 de
1759 2827 1838 2864 Civ.
1858 2827 1934 2863 Dei
1949 2826 1979 2863 ²³².
2009 2827 2059 2863 Et
2085 2826 2170 2863 ideo
2196 2826 2394 2874 oportebat
2413 2826 2519 2873 quod

1463 2881 1689 2919 inordinatio
1718 2880 1756 2917 in
1783 2879 1940 2916 homine
1961 2892 2038 2916 non
2059 2887 2165 2925 esset,
2183 2878 2252 2915 nisi
2271 2877 2451 2926 inciperet
2469 2879 2517 2915 ab

1463 2937 1537 2972 hoc
1557 2934 1662 2983 quod
1682 2945 1877 2970 summum
1893 2932 2057 2969 hominis
2077 2944 2155 2968 non
2170 2931 2395 2968 subderetur
2414 2932 2517 2968 Deo:

1464 2987 1568 3037 quod
1605 2987 1647 3024 fit
1683 2999 1752 3035 per
1780 2991 1979 3035 peccatum
2017 2985 2186 3021 mortale.
2223 2984 2280 3020 Ex
2309 2996 2385 3032 quo
2418 2991 2520 3032 patet

1464 3041 1570 3090 quod
1596 3041 1716 3077 homo
1746 3038 1784 3075 in
1812 3046 1907 3075 statu
1936 3037 2170 3074 innocentiae
2195 3049 2274 3073 non
2292 3036 2415 3085 potuit
2432 3049 2519 3086 pec-

1465 3106 1549 3130 care
1578 3092 1784 3137 venialiter,
1815 3099 2019 3138 antequam
2038 3097 2212 3138 peccaret
2240 3089 2443 3126 mortaliter
2460 3089 2492 3126 ³¹⁶.

1516 3148 1575 3183 An
1596 3156 1732 3182 PRlMUM
1751 3155 1848 3180 ERGO
1869 3155 2051 3180 mcsNDUM
2071 3142 2175 3191 quod
2194 3142 2342 3179 veniale
2362 3154 2441 3179 non
2460 3155 2520 3179 su—

1465 3199 1578 3236 mitur
1605 3197 1655 3234 ibi
1684 3195 1896 3233 secundum
1926 3195 2029 3244 quod
2057 3207 2158 3232 nunc
2178 3195 2224 3232 de
2243 3194 2382 3231 veniali
2401 3195 2521 3244 loqui-

1465 3264 1566 3288 mur:
1588 3250 1654 3287 sed
1670 3248 1802 3287 dicitur
1814 3248 1961 3285 veniale
1977 3248 2082 3296 quod
2097 3256 2153 3284 est
2167 3247 2272 3284 facile
2288 3247 2520 3285 remissibile.

1518 3306 1576 3340 AD
1605 3313 1795 3339 SECUNDUM
1827 3313 2009 3338 DtCENnUM
2043 3301 2148 3348 quod
2181 3301 2242 3337 illa
2279 3301 2389 3338 elatio
2424 3313 2522 3349 quae

1519 3416 1543 3449 ὃ)
1562 3420 1658 3441 autem.
1677 3431 1695 3435 -
1713 3417 1792 3441 etiam
1813 3416 1858 3440 Pa.

1519 3452 1541 3485 ε)
1561 3453 1700 3484 quaedam.
1718 3466 1736 3470 -
1754 3452 1858 3484 quidem
1879 3451 2033 3480 ABCDGIL,
2053 3451 2158 3484 quidem
2179 3452 2268 3484 aliqua
2287 3451 2317 3481 K,
2334 3459 2386 3475 om.
2401 3451 2452 3475 EF.

2546 2838 2554 2846 ⁸
2561 2837 2618 2884 Cap.
2626 2843 2755 2867 ›rvrnxxun

2546 2863 2668 2918 43:23².-

2548 3103 2557 3111 '¹
2573 3102 2601 3123 l).
2616 3107 2648 3129 75.
