2840 4010
111 363 121 374 '¹
137 363 184 389 Qu.
200 367 235 387 cx,
251 364 292 382 art.
304 367 319 387 ι,

112 389 139 410 ad
154 395 173 409 2.

115 525 126 535 ⁸
142 524 208 545 Vers.
223 530 244 551 7.

112 787 122 797 ⁸
138 786 184 812 Qu.
202 791 241 810 ι.ιι,
252 788 292 806 art.
306 791 321 810 ι,

114 818 137 838 2;
153 818 191 839 qu.
203 817 265 836 vat,
281 815 321 832 art.

111 844 126 865 1,
141 845 161 860 2.

114 1788 121 1797 ·
138 1785 165 1807 D.
181 1786 231 1813 678.

118 2717 126 2726 ·
135 2715 191 2743 Cap.
202 2722 253 2743 xxv,
264 2722 326 2738 xxxi.

119 2979 126 2987 ”
144 2977 208 2999 Vei-s.
225 2984 254 3004 ¹7-

118 3297 127 3306 ·
142 3296 207 3318 Vei-s.
224 3302 251 3324 ¹3-

349 172 421 208 326

352 251 438 299 cipit
466 251 585 299 magis
606 258 641 287 et
659 251 797 287 minus.
819 251 909 286 Non
939 261 1026 296 ergo
1049 256 1103 284 est
1127 248 1249 284 maior
1268 248 1305 284 in
1325 259 1403 284 uno

349 316 463 352 quam
493 304 530 340 in
559 304 643 340 alio.

405 357 438 393 3.
460 357 690 401 PRAETEREA,
713 354 828 402 gratia
849 361 903 390 est
920 353 997 389 vita
1017 353 1178 400 animae,
1195 360 1236 388 ut
1255 365 1368 401 supra
1382 352 1402 374 '¹‘

352 409 493 446 dictum
531 417 595 445 est.
627 408 702 444 Sed
738 406 868 443 vivere
906 418 985 442 non
1023 405 1156 441 dicitur
1191 406 1401 442 secundum

351 462 468 508 magis
497 469 532 497 et
561 460 696 496 minus.
719 460 819 506 Ergo
851 458 960 494 etiam
990 470 1112 506 neque
1142 458 1268 505 gratia.

405 515 477 550 SED
506 524 649 549 CONTRA
678 523 742 547 EST
770 511 872 559 quod
909 510 1042 547 dicitur
1069 511 1120 547 ad
1145 511 1278 559 Ephes.
1302 523 1336 547 ιν
1363 510 1403 547 *ε

356 566 559 613 Unicuique
595 565 681 601 data
709 569 762 600 est
787 564 912 612 gratia
946 564 1149 600 secundum
1187 575 1403 600 mensuram

352 618 559 655 donationis
583 617 727 653 Christi.
749 616 865 662 Quod
894 623 1021 652 autem
1042 623 1256 653 mensurate
1282 616 1402 664 datur,

350 683 427 707 non
456 670 634 706 omnibus
663 668 868 716 aequaliter
896 668 1014 705 datur.
1037 669 1138 716 Ergo
1164 681 1241 705 non
1270 681 1404 706 omnes

349 723 547 770 aequalem
576 721 732 770 gratiam
760 721 911 758 habent.

402 777 625 812 RESPONDEO
646 786 828 811 DICENDUM
848 774 966 821 quod,
987 774 1081 811 sicut
1096 786 1210 823 supra
1224 773 1244 795 '¹‘
1259 774 1400 812 dictum

350 835 415 874 est,
435 828 584 864 habitus
614 827 803 876 duplicem
832 826 1132 875 magnitudinem
1167 827 1306 864 habere
1335 840 1404 876 po-

349 888 434 917 test:
464 893 580 917 unam
611 893 655 916 ex
681 887 786 928 parte
815 880 900 916 finis
928 881 989 916 vel
1018 880 1166 928 obiecti,
1192 880 1403 918 secundum

349 933 453 982 quod
482 933 615 970 dicitur
642 945 719 970 una
745 932 862 969 virtus
891 933 962 969 alia
990 933 1152 970 nobilior
1179 933 1403 981 inquantum

349 986 397 1023 ad
416 987 539 1023 maius
567 987 712 1023 bonum
733 985 942 1031 ordinatur;
972 986 1082 1022 aliam
1104 997 1195 1023 vero
1226 998 1270 1022 ex
1297 994 1404 1035 parte

349 1039 516 1085 subiecti,
546 1039 651 1087 quod
680 1038 800 1087 magis
827 1039 889 1075 vel
918 1038 1044 1076 minus
1072 1039 1269 1088 participat
1296 1039 1401 1076 habi-

349 1099 430 1129 tum
459 1092 729 1129 inhaerentem.
751 1091 972 1128 Secundum
1001 1091 1110 1139 igitur
1132 1092 1295 1140 primam
1325 1104 1404 1129 ma-

351 1145 596 1193 gnitudinem,
617 1145 732 1193 gratia
751 1152 898 1192 gratum
922 1144 1062 1181 faciens
1081 1157 1159 1181 non
1177 1153 1302 1193 potest
1321 1157 1404 1182 esse

350 1198 472 1235 maior
500 1205 535 1234 et
563 1198 703 1234 minor:
724 1197 812 1245 quia
835 1197 952 1244 gratia
971 1197 1181 1234 secundum
1211 1197 1269 1234 sui
1294 1198 1405 1234 ratio-

350 1263 439 1287 nem
469 1250 659 1298 coniungit
678 1249 874 1286 hominem
899 1262 1050 1286 summo
1080 1250 1196 1298 bono,
1218 1251 1322 1299 quod
1351 1257 1406 1287 est

349 1305 466 1340 Deus.
497 1304 571 1340 Sed
600 1315 645 1339 ex
673 1309 777 1352 parte
806 1302 973 1349 subiecti,
994 1302 1111 1350 gratia
1138 1310 1263 1351 potest
1291 1303 1406 1340 susci-

349 1369 439 1405 pere
468 1356 587 1404 magis
614 1356 676 1393 vel
701 1356 842 1392 minus:
868 1363 981 1404 prout
999 1355 1135 1392 scilicet
1162 1368 1260 1393 unus
1284 1357 1404 1404 perfe-

351 1409 442 1446 etius
471 1409 671 1446 illustratur
690 1421 711 1445 a
730 1409 872 1446 lumine
901 1409 1038 1456 gratiae
1067 1420 1183 1456 quam
1211 1409 1315 1446 alius.

404 1462 521 1499 Cuius
554 1462 777 1499 diversitatis
810 1462 903 1498 ratio
937 1462 1092 1510 quidem
1122 1469 1176 1498 est
1208 1462 1334 1511 aliqua
1362 1474 1407 1500 ex

349 1521 455 1564 parte
486 1515 743 1564 praeparantis
776 1527 816 1552 se
849 1515 897 1552 ad
929 1515 1103 1563 gratiam:
1138 1514 1202 1564 qui
1236 1515 1336 1552 enim
1367 1527 1406 1552 se

351 1567 470 1615 magis
499 1568 546 1605 ad
574 1568 730 1616 gratiam
759 1576 975 1616 praeparat,
1004 1567 1216 1616 pleniorem
1249 1568 1407 1616 gratiam

352 1620 495 1669 accipit.
520 1622 597 1658 Sed
617 1633 662 1658 ex
681 1622 752 1658 hac
776 1629 881 1670 parte
902 1633 979 1658 non
1003 1628 1127 1670 potest
1146 1621 1264 1670 accipi
1283 1621 1408 1670 prima

352 1673 444 1710 ratio·
463 1673 574 1710 huius
604 1674 842 1711 diversitatis:
873 1674 961 1723 quia
989 1674 1225 1723 praeparatio
1251 1674 1299 1711 ad
1327 1686 1408 1722 gra—

351 1727 439 1763 tiam
464 1739 540 1763 non
565 1734 619 1764 est
644 1727 810 1764 hominis
830 1727 899 1764 nisi
924 1728 1148 1776 inquantum
1170 1727 1331 1764 liberum
1352 1739 1408 1764 ar-

350 1779 501 1816 bitrium
536 1779 615 1817 eius
647 1788 892 1829 praeparatur
919 1793 942 1817 a
970 1782 1053 1817 Deo
1079 1781 1109 1817 ³⁸.
1146 1780 1257 1818 Unde
1287 1780 1407 1829 prima

351 1845 463 1869 causa
491 1833 602 1870 huius
635 1833 859 1870 diversitatis
892 1834 1111 1882 accipienda
1145 1841 1210 1870 est-
1229 1845 1273 1870 ex
1301 1841 1407 1882 parte

350 1885 465 1934 ipsius
493 1886 586 1933 Dei,
623 1886 687 1935 qui
721 1886 976 1924 diversimode
1010 1899 1100 1923 suae
1134 1886 1272 1934 gratiae
1308 1887 1409 1924 dona

403 1999 427 2032 β)
447 2004 480 2025 et.
499 2015 517 2019 —
536 2001 595 2026 Om.
615 2001 687 2026 ΡΗα.

1032 168 1296 215 QUAESTIO
1326 168 1446 215 CXII,
1474 168 1768 205 ARTICULUS
1797 168 1831 205 V
1877 194 1887 198 -

1459 247 1660 296 dispensat,
1691 248 1738 284 ad
1757 249 1832 284 hoc
1851 249 1956 296 quod
1983 261 2027 285 ex
2047 249 2205 287 diversis
2233 252 2410 299 gradibus
2438 254 2518 302 pul-

1459 300 1631 337 chritudo
1661 308 1696 337 et
1727 300 1908 349 perfectio
1944 302 2136 338 Ecclesiae
2172 314 2391 353 consurgat:
2426 306 2519 343 sicut

1459 353 1572 390 etiam
1593 353 1763 390 diversos
1780 353 1918 400 gradus
1939 366 2064 390 rerum
2086 354 2239 392 instituit
2257 364 2298 393 ut
2319 366 2415 395 esset
2434 359 2516 396 uni-

1457 418 1611 443 versum
1630 407 1851 454 perfectum.
1872 406 1983 443 Unde
2003 407 2221 455 Apostolus,
2246 409 2298 445 ad
2312 410 2447 457 Ephes.
2468 424 2514 459 ιν,

1457 467 1661 507 postquam
1691 459 1833 496 dixerat
1851 458 1882 506 ³¹⁸,
1909 460 2115 508 Unicuique
2137 460 2224 497 data
2244 467 2298 498 est
2316 463 2443 510 gratia
2461 476 2516 501 se-

1458 513 1620 548 cundum
1650 524 1865 548 mensuram
1890 512 2098 549 donationis
2123 513 2269 559 Christi,
2291 517 2516 553 enumeratis

1458 564 1615 602 diversis
1643 565 1785 612 gratiis,
1810 565 2000 613 subiungit
2018 565 2057 601 ²¹⁶:
2086 566 2138 602 ad
2159 567 2516 606 consummationem

1457 623 1684 662 sanctorum,
1713 617 1750 654 in
1779 618 2073 665 aedificationem
2102 619 2270 667 corporis
2303 620 2450 657 Christi.

1511 672 1568 706 An
1598 682 1733 706 PRtMUM
1771 682 1868 707 ERGO
1906 683 2089 708 mcENDUM
2127 672 2230 720 quod
2260 684 2349 709 cura
2388 673 2516 711 divina

1459 722 1655 772 dupliciter
1675 722 1902 760 considerari
1921 725 2163 772 potest.-Uno
2184 725 2314 771 modo,
2331 733 2514 774 quantum

1458 776 1508 812 ad
1530 776 1655 824 ipsum
1686 774 1858 812 divinum
1877 784 2016 824 actum,
2038 777 2102 825 qui
2123 785 2177 814 est
2196 777 2355 826 simplex
2380 786 2415 815 et
2434 779 2516 816 uni-

1458 829 1597 865 formis.
1619 829 1667 865 Et
1687 828 1898 865 secundum
1919 830 2003 876 hoc,
2021 831 2225 879 aequaliter
2245 843 2284 867 se
2304 831 2419 868 habet
2437 832 2516 869 eius

1459 894 1548 918 cura
1577 882 1624 918 ad
1649 893 1798 917 omnes:
1824 882 1911 930 quia
1939 882 2077 919 scilicet
2104 896 2181 920 uno
2212 892 2296 921 actu
2326 883 2395 921 etl3
2424 885 2515 922 sim-

1458 934 1544 983 plici
1565 941 1601 970 et
1620 933 1764 970 maiora
1784 940 1819 970 et
1839 934 1987 971 minora
2015 935 2216 984 dispensat.
2238 958 2261 964 —
2282 937 2368 974 Alio
2396 937 2515 976 modo

1458 994 1581 1036 potest
1610 986 1838 1023 considerari
1861 999 1905 1023 ex
1933 995 2039 1036 parte
2064 1001 2198 1026 eorum
2227 1002 2325 1038 quae
2354 990 2392 1027 in
2412 985 2534 1038 creas

1458 1040 1548 1077 turis
1569 1052 1613 1076 ex
1629 1040 1756 1076 divina
1776 1051 1865 1076 cura
1883 1041 2123 1088 proveniunt.
2140 1042 2189 1079 Et
2208 1043 2422 1081 secundum
2441 1044 2516 1082 hoc

1458 1093 1645 1130 invenitur
1681 1092 1946 1140 inaequalitas:
1977 1093 2201 1142 inquantum
2239 1096 2377 1134 scilicet
2410 1097 2516 1134 Deus

1459 1158 1526 1182 sua
1556 1158 1644 1182 cura
1672 1145 1900 1194 quibusdam
1930 1146 2087 1193 maiora,
2109 1147 2339 1195 quibusdam
2368 1150 2517 1187 minora

1459 1199 1636 1247 providet
1664 1199 1776 1235 dona.

1512 1253 1569 1288 An
1598 1262 1787 1288 SECUNDUM
1816 1262 1999 1288 DtCENDUM
2028 1252 2133 1300 quod
2157 1253 2250 1290 ratio
2270 1253 2330 1291 illa
2348 1256 2519 1304 procedit

1459 1305 1671 1341 secundum
1685 1304 1852 1352 primum
1867 1305 2027 1342 modum
2044 1306 2310 1353 magnitudinis
2329 1308 2470 1355 gratiae
2485 1307 2517 1346 ⁸.

1461 1358 1552 1394 Non
1572 1357 1673 1394 enim
1692 1364 1817 1405 potest
1830 1357 1946 1404 gratia
1965 1359 2175 1396 secundum
2194 1359 2269 1396 hoc
2284 1360 2408 1397 maior
2424 1373 2517 1408 esse,

1460 1410 1564 1459 quod
1593 1410 1641 1447 ad
1669 1410 1790 1446 maius
1820 1410 1965 1447 bonum
1984 1411 2160 1448 ordinet:
2182 1412 2248 1449 sed
2278 1415 2330 1449 ex'
2347 1425 2393 1450 eo
2413 1414 2520 1463 quod

1461 1463 1580 1511 magis
1608 1463 1668 1500 vel
1698 1462 1822 1499 minus
1852 1463 1999 1501 ordinat
2027 1464 2075 1502 ad
2103 1465 2206 1502 idem
2233 1466 2379 1503 bonum
2399 1467 2520 1515 magis

1459 1517 1522 1553 vel
1543 1516 1667 1553 minus
1685 1515 1998 1565 participandum.
2020 1518 2151 1555 Potest
2170 1518 2271 1555 enim
2292 1531 2374 1556 esse
2395 1520 2518 1557 diver—

1461 1569 1548 1606 sitas
1563 1569 1782 1606 intensionis
1799 1576 1835 1605 et
1849 1569 2081 1607 remissionis
2095 1572 2307 1610 secundum
2323 1572 2520 1622 participa-

1461 1622 1604 1659 tionem
1625 1622 1791 1669 subiecti,
1814 1629 1850 1659 et
1864 1622 1901 1659 in
1916 1623 1997 1671 ipsa
2012 1624 2128 1671 gratia
2148 1632 2184 1660 et
2202 1624 2240 1662 in
2259 1625 2365 1662 finali
2383 1626 2515 1674 gloria.

1514 1677 1572 1711 AD
1601 1687 1758 1712 Tannum
1786 1686 1970 1713 mcaNDUM
1998 1676 2102 1724 quod
2125 1677 2203 1714 vita
2231 1677 2408 1715 naturalis
2435 1690 2519 1728 per-

1461 1728 1552 1765 tinet
1580 1728 1627 1765 ad
1648 1728 1894 1765 substantiam
1918 1729 2102 1766 hominis:
2123 1738 2159 1766 et
2177 1729 2264 1767 ideo
2285 1742 2364 1768 non
2390 1731 2520 1782 recipit

1461 1781 1581 1828 magis
1602 1789 1637 1818 et
1651 1781 1787 1818 minus.
1810 1782 1887 1819 Sed
1902 1782 2018 1819 vitam
2035 1783 2175 1830 gratiae
2190 1783 2388 1833 participat
2401 1784 2520 1822 homo

1463 1834 1754 1872 accidentaliter:
1775 1842 1811 1871 et
1829 1835 1915 1872 ideo
1936 1847 2022 1872 earn
2042 1843 2167 1885 potest
2185 1837 2304 1874 homo
2325 1837 2445 1886 magis
2459 1838 2522 1875 vel

1462 1887 1588 1924 minus
1617 1888 1765 1924 habere.

1136 2140 1450 2183 ARTICULUS
1481 2141 1734 2193 QUINTUS

881 2233 1035 2264 UTRUM
1059 2233 1188 2282 HOMO
1212 2233 1359 2264 Possrr
1383 2233 1504 2265 sema
1528 2234 1576 2265 SE
1601 2233 1772 2265 HABERE
1797 2235 1994 2266 GRATIAM

477 2318 485 2342 l
506 2319 586 2347 Sene„
608 2318 666 2342 dist.
685 2326 744 2347 xvn,
764 2323 811 2343 art.
830 2326 858 2349 4;
879 2318 918 2348 111,
939 2319 997 2343 dist.
1016 2326 1100 2348 xxxin,
1120 2327 1164 2351 qu.
1183 2320 1265 2349 1,'art.
1287 2326 1309 2350 2,
1329 2320 1361 2344 ad
1384 2327 1410 2351 13
1429 2320 1470 2350 lv,
1490 2320 1549 2344 dist.
1568 2328 1600 2349 ix,
1621 2328 1662 2355 qu.
1682 2328 1698 2350 ι,
1718 2325 1763 2345 art.
1785 2321 1806 2349 3,
1827 2322 1875 2353 qu‘¹
1897 2328 1925 2351 2;
1945 2321 2003 2347 dist.
2023 2329 2072 2352 xxi,
2092 2330 2137 2354 qu.
2158 2329 2184 2350 n,
2205 2327 2250 2347 art.
2272 2329 2295 2353 2,
2315 2322 2346 2346 ad
2367 2328 2396 2353 25

911 2354 952 2378 De
975 2353 1064 2382 Verit„
1084 2362 1127 2387 qu.
1147 2362 1170 2385 x,
1190 2360 1234 2379 art.
1259 2362 1301 2386 103
1322 2355 1341 2379 11
1363 2355 1432 2384 Cor„
1453 2363 1508 2388 cap.
1527 2363 1569 2386 xn,
1590 2356 1645 2380 lect.
1670 2364 1676 2379 ι
1688 2364 1694 2386 ;

419 2471 431 2478 t
471 2466 522 2491 ,2
562 2454 583 2478 n
605 2453 765 2483 QUINTUM
785 2454 838 2478 sm
858 2454 1095 2479 PROCEDITUR.
1117 2442 1276 2480 Videtur
1303 2443 1409 2492 quod

421 2494 429 2502 ’
562 2495 680 2532 homo
713 2495 832 2543 possit
867 2495 960 2532 seire
990 2508 1030 2532 se
1058 2496 1199 2532 habere
1237 2495 1406 2544 gratiam.

524 2547 692 2598 {Gratia
725 2546 827 2584 enim
857 2556 912 2585 est
939 2548 979 2584 in
1015 2548 1142 2585 anima
1169 2561 1239 2597 per
1267 2549 1324 2586 sui
1353 2562 1408 2587 es-

452 2640 474 2650 Ἶ
522 2594 733 2639 &sentiam
753 2600 829 2637 Sed
851 2601 1055 2638 certissima
1077 2601 1237 2649 cognitio
1259 2602 1408 2640 animae

356 2662 409 2690 est
429 2666 562 2690 eorum
591 2666 688 2702 quae
710 2661 796 2690 sunt
814 2653 851 2690 in
871 2654 997 2691 anima
1017 2666 1085 2703 per
1109 2655 1166 2690 sui
1186 2655 1405 2702 essentiam;

354 2714 394 2742 ut
412 2714 514 2755 patet
528 2719 596 2755 per
611 2707 877 2754 Augustinum‚
894 2707 962 2743 XII
983 2719 1095 2755 super
1115 2707 1206 2744 Gen.
1223 2708 1274 2744 ad
1286 2708 1372 2745 Litt.
1389 2708 1409 2730 ’¹‘

355 2760 456 2806 Ergo
485 2759 600 2806 gratia
621 2760 826 2797 certissime
855 2768 978 2808 potest
999 2760 1175 2808 cognosci
1199 2761 1246 2797 ab
1268 2773 1314 2798 eo
1343 2762 1407 2809 qui

353 2812 509 2859 gratiam
536 2813 661 2849 habet.

409 2877 442 2901 2.
463 2866 694 2911 PRAETEREA,
716 2866 809 2902 sicut
833 2865 986 2902 scientia
1007 2874 1061 2902 est
1090 2866 1235 2903 donum
1256 2867 1339 2914 Dei,
1361 2866 1410 2903 ita

355 2925 390 2953 et
418 2918 543 2965 gratia.
576 2919 652 2955 Sed
681 2919 744 2968 qui
773 2931 795 2955 a
823 2919 906 2955 Deo
944 2919 1137 2955 scientiam
1167 2919 1315 2967 accipit,
1343 2919 1410 2956 scit

355 2983 393 3006 se
423 2971 614 3007 scientiam
645 2972 802 3018 habere;
831 2972 1041 3008 secundum
1071 2972 1162 3009 illud
1190 2973 1276 3020 Sap.
1298 2984 1346 3009 vu
1371 2972 1408 3008 *z

354 3024 538 3060 Dominus
557 3025 652 3060 dedit
672 3025 764 3061 mihi
780 3026 915 3061 horum
932 3036 1028 3073 quae
1046 3031 1133 3061 sunt
1145 3036 1274 3061 veram
1293 3025 1409 3062 scien—

355 3076 454 3112 tiam.
478 3077 577 3124 Ergo
597 3078 677 3125 pari
699 3078 841 3114 ratione
863 3078 926 3126 qui
952 3078 1085 3126 accipit
1099 3078 1257 3126 gratiam
1273 3091 1295 3114 a
1310 3079 1407 3125 Deo,

355 3129 420 3164 scit
447 3141 486 3165 se
514 3130 671 3177 gratiam
699 3131 851 3167 habere.

410 3182 443 3217 3.
474 3183 712 3230 PRAETEREA,
742 3184 872 3220 lumen
907 3191 961 3220 est
999 3184 1117 3231 magis
1155 3183 1408 3231 cognoscibile

357 3246 470 3281 quam
509 3236 683 3272 tenebra:
717 3236 805 3284 quia
843 3236 1053 3273 secundum
1081 3238 1330 3285 Apostolum,
1358 3237 1411 3274 ad

355 3287 488 3333 Ephes.
508 3299 532 3322 v
550 3287 580 3334 ²⁸,
611 3300 720 3328 omne
748 3290 848 3336 quod
881 3290 1160 3337 manifestatur,
1190 3290 1314 3326 lumen
1343 3295 1405 3326 est.

358 3338 432 3374 Sed
462 3347 668 3386 peccatum,
699 3342 802 3389 quod
832 3349 885 3378 est
914 3341 1113 3389 spiritualis
1141 3339 1316 3390 tenebra,
1337 3354 1406 3391 per

357 3391 614 3428 certitudinem
635 3400 757 3440 potest
785 3393 868 3430 sciri
897 3395 943 3430 ab
974 3407 1020 3431 eo
1045 3395 1107 3443 qui
1136 3396 1249 3432 habet
1275 3396 1408 3443 pecca-

409 3505 435 3537 α)
451 3505 634 3537 praecipuum.
652 3519 670 3523 -
685 3506 802 3537 primum
823 3507 894 3531 PHa.
913 3521 931 3525 -
951 3508 1000 3531 Pro
1019 3510 1126 3540 accepit,
1146 3510 1241 3541 accipit
1260 3511 1354 3535 PHKa.

1714 2364 1768 2388 cap.
1788 2364 1839 2387 xm,
1859 2357 1915 2381 lect.
1935 2364 1962 2381 ιι.

1461 2450 1554 2481 tum.
1577 2445 1676 2492 Ergo
1699 2446 1818 2481 multo
1850 2445 1970 2494 magis
1989 2445 2118 2494 gratia,
2140 2458 2239 2494 quae
2260 2453 2315 2482 est
2333 2446 2524 2494 spirituale

1461 2496 1601 2533 lumen.

1513 2561 1550 2596 4.
1572 2550 1812 2597 PRAETEREA,
1842 2551 2050 2599 Apostolus
2079 2550 2183 2598 dicit,
2206 2552 2219 2588 1
2249 2552 2300 2589 ad
2322 2551 2408 2588 Cor.
2434 2564 2456 2589 11
2482 2552 2522 2589 *ε

1461 2602 1545 2639 Nos
1572 2609 1695 2639 autem
1724 2615 1798 2640 non
1817 2603 1987 2652 spiritum
2014 2604 2125 2641 huius
2148 2605 2280 2641 mundi
2299 2605 2523 2654 accepimus,

1461 2656 1527 2692 sed
1552 2656 1729 2703 Spiritum
1758 2657 1823 2705 qui
1846 2669 1871 2694 a
1900 2657 1982 2694 Deo
2011 2663 2083 2702 est,
2114 2663 2154 2694 ut
2183 2657 2346 2694 sciamus
2374 2669 2471 2707 quae
2497 2669 2523 2695 a

1461 2709 1544 2745 Deo
1560 2709 1697 2745 donata
1711 2715 1798 2746 sunt
1811 2709 1926 2746 nobis.
1945 2710 2021 2747 Sed
2036 2710 2153 2758 gratia
2168 2718 2224 2746 est
2238 2710 2488 2761 praecipuum
2506 2715 2523 2732 α

1464 2761 1607 2798 donum
1638 2762 1720 2798 Dei.
1742 2763 1842 2810 Ergo
1862 2763 1980 2799 homo
2010 2763 2075 2812 qui
2100 2762 2245 2812 accepit
2271 2763 2430 2812 gratiam
2455 2776 2524 2812 per

1465 2814 1643 2862 Spiritum
1665 2816 1858 2862 Sanctum,
1880 2828 1948 2864 per
1969 2816 2134 2853 eundem
2155 2816 2336 2865 Spiritum
2357 2816 2424 2853 scit
2442 2827 2522 2864 gra-

1462 2867 1552 2904 tiam
1584 2879 1664 2903 esse
1694 2868 1762 2904 sibi
1791 2868 1930 2905 datam.

1521 2921 1552 2956 5.
1575 2921 1805 2967 PRAETEREA,
1835 2922 1926 2958 Gen.
1947 2934 2018 2958 xxu
2038 2921 2069 2968 *,
2101 2934 2145 2958 ex
2173 2933 2337 2971 persona
2366 2922 2524 2959 Domini

1464 2972 1598 3009 dicitur
1626 2973 1673 3010 ad
1702 2974 1915 3010 Abraham:
1945 2975 2061 3011 Nunc
2084 2975 2248 3024 cognovi
2265 2975 2367 3023 quod
2393 2975 2523 3012 timeas

1463 3026 1687 3062 Dominum:
1707 3026 1814 3073 idest,
1844 3039 2071 3077 cognoscere
2090 3034 2124 3064 te
2135 3028 2229 3076 feci.
2252 3028 2439 3075 Loquitur
2458 3040 2523 3064 au-

1462 3085 1539 3115 tem
1560 3078 1610 3115 ibi
1641 3079 1688 3116 de
1716 3079 1850 3116 timore
1876 3089 1991 3128 casto,
2013 3080 2078 3130 qui
2101 3093 2179 3118 non
2209 3088 2264 3118 est
2293 3081 2372 3117 sine
2393 3080 2521 3128 gratia.

1463 3132 1564 3179 Ergo
1584 3132 1702 3168 homo
1731 3140 1856 3181 potest
1877 3145 2106 3181 cognoscere
2126 3146 2166 3172 se
2191 3134 2332 3171 habere
2352 3132 2521 3181 gratiam.

1517 3185 1590 3221 SED
1611 3196 1755 3222 CONTRA
1774 3197 1841 3223 EST
1865 3186 1971 3234 quod
1995 3186 2129 3224 dicitur
2146 3187 2269 3224 Eccle.
2287 3198 2322 3223 1x
2340 3186 2377 3223 *ε
2396 3187 2523 3224 Nemo

1461 3237 1528 3273 scit
1556 3243 1680 3274 utrum
1708 3239 1755 3275 sit
1781 3239 1918 3288 dignus
1945 3240 2030 3276 odio
2049 3239 2108 3277 vel
2134 3251 2277 3276 amore.
2305 3239 2383 3276 Sed
2404 3237 2524 3287 gratia

1463 3298 1610 3337 gratum
1630 3291 1770 3328 faciens
1790 3292 1875 3329 facit
1894 3292 2093 3330 hominem
2114 3292 2270 3340 dignum
2285 3290 2358 3329 Dei
2378 3299 2521 3337 amore.

1464 3343 1565 3390 Ergo
1595 3345 1718 3381 nullus
1751 3351 1876 3392 potest
1913 3345 2006 3382 scire
2034 3352 2162 3382 utrum
2196 3345 2335 3382 habeat
2364 3341 2523 3392 gratiam

1463 3403 1611 3443 gratum
1640 3397 1852 3434 facientem.

2545 480 2553 488 ”
2569 478 2635 500 Vct-s.
2651 485 2671 507 7.

2544 584 2552 593 ⁸
2567 584 2634 606 Vera.
2650 591 2678 607 ιι.

2544 1318 2555 1328 ·
2571 1317 2607 1340 Cf.
2620 1322 2686 1346 corp.
2700 1321 2747 1340 nrt.

2553 2568 2561 2578 ·
2577 2567 2643 2589 Vera.
2659 2573 2692 2590 ιτ.

2551 2937 2561 2947 ’
2576 2935 2643 2958 vm.
2658 2941 2691 2958 ιτ.

2552 3199 2560 3208 ·
2575 3197 2642 3220 Vers.
2657 3203 2674 3219 1.
