<?xml version="1.0" encoding="UTF-8"?>
<!DOCTYPE html PUBLIC "-//W3C//DTD XHTML 1.0 Transitional//EN"
    "http://www.w3.org/TR/xhtml1/DTD/xhtml1-transitional.dtd">
<html xmlns="http://www.w3.org/1999/xhtml" xml:lang="en" lang="en">
 <head>
  <title>
</title>
<meta http-equiv="Content-Type" content="text/html;charset=utf-8" />
  <meta name='ocr-system' content='tesseract 3.04.00' />
  <meta name='ocr-capabilities' content='ocr_page ocr_carea ocr_par ocr_line ocrx_word'/>
</head>
<body>
  <div class='ocr_page' id='page_1' title='image "./operaomniaiussui07thom/operaomniaiussui07thom_0195.png"; bbox 0 0 2840 4010; ppageno 0'>
   <div class='ocr_carea' id='block_1_1' title="bbox 0 1068 49 3447">
    <p class='ocr_par' dir='ltr' id='par_1_1' title="bbox 0 1068 49 3447">
     <span class='ocr_line' id='line_1_1' title="bbox 0 1068 49 3447; baseline 0 0"><span class='ocrx_word' id='word_1_1' title='bbox 0 1068 49 3447; x_wconf 95' lang='lat' dir='ltr'> </span> 
     </span>
    </p>
   </div>
   <div class='ocr_carea' id='block_1_2' title="bbox 508 190 1834 238">
    <p class='ocr_par' dir='ltr' id='par_1_2' title="bbox 508 190 1834 238">
     <span class='ocr_line' id='line_1_2' title="bbox 508 190 1834 238; baseline -0.005 -6"><span class='ocrx_word' id='word_1_2' title='bbox 508 215 516 232; x_wconf 65' lang='grc' dir='ltr'>ι</span> <span class='ocrx_word' id='word_1_3' title='bbox 997 191 1206 238; x_wconf 81' lang='lat' dir='ltr'>QUAEST</span> <span class='ocrx_word' id='word_1_4' title='bbox 1210 191 1263 227; x_wconf 88' lang='lat'>10</span> <span class='ocrx_word' id='word_1_5' title='bbox 1292 191 1430 238; x_wconf 85' lang='lat' dir='ltr'>XCVI,</span> <span class='ocrx_word' id='word_1_6' title='bbox 1460 190 1755 227; x_wconf 89' lang='lat' dir='ltr'>ARTICULUS</span> <span class='ocrx_word' id='word_1_7' title='bbox 1783 190 1834 226; x_wconf 92' lang='lat' dir='ltr'>VI</span> 
     </span>
    </p>
   </div>
   <div class='ocr_carea' id='block_1_3' title="bbox 2435 189 2504 236">
    <p class='ocr_par' dir='ltr' id='par_1_3' title="bbox 2435 189 2504 236">
     <span class='ocr_line' id='line_1_3' title="bbox 2435 189 2504 236; baseline 0 -12"><span class='ocrx_word' id='word_1_8' title='bbox 2435 189 2504 236; x_wconf 89' lang='lat'>187</span> 
     </span>
    </p>
   </div>
   <div class='ocr_carea' id='block_1_4' title="bbox 337 267 2505 312">
    <p class='ocr_par' dir='ltr' id='par_1_4' title="bbox 337 267 2505 312">
     <span class='ocr_line' id='line_1_4' title="bbox 337 267 2505 312; baseline -0.002 -11"><span class='ocrx_word' id='word_1_9' title='bbox 337 271 392 307; x_wconf 86' lang='lat' dir='ltr'>cis,</span> <span class='ocrx_word' id='word_1_10' title='bbox 409 274 440 299; x_wconf 88' lang='lat' dir='ltr'>et</span> <span class='ocrx_word' id='word_1_11' title='bbox 456 278 518 299; x_wconf 86' lang='lat' dir='ltr'>non</span> <span class='ocrx_word' id='word_1_12' title='bbox 529 267 638 309; x_wconf 81' lang='lat' dir='ltr'>sacis:</span> <span class='ocrx_word' id='word_1_13' title='bbox 661 269 780 310; x_wconf 85' lang='lat' dir='ltr'>alligas</span> <span class='ocrx_word' id='word_1_14' title='bbox 795 279 876 300; x_wconf 89' lang='lat' dir='ltr'>onus</span> <span class='ocrx_word' id='word_1_15' title='bbox 889 279 1002 310; x_wconf 85' lang='lat' dir='ltr'>grave,</span> <span class='ocrx_word' id='word_1_16' title='bbox 1020 277 1077 300; x_wconf 89' lang='lat' dir='ltr'>etc.</span> <span class='ocrx_word' id='word_1_17' title='bbox 1095 268 1219 312; x_wconf 89' lang='lat' dir='ltr'>(Matth.</span> <span class='ocrx_word' id='word_1_18' title='bbox 1239 267 1338 310; x_wconf 85' lang='lat' dir='ltr'>xxm).</span> <span class='ocrx_word' id='word_1_19' title='bbox 1354 269 1394 298; x_wconf 86' lang='lat' dir='ltr'>Et</span> <span class='ocrx_word' id='word_1_20' title='bbox 1448 269 1597 309; x_wconf 90' lang='lat' dir='ltr'>principis</span> <span class='ocrx_word' id='word_1_21' title='bbox 1613 268 1699 305; x_wconf 88' lang='lat' dir='ltr'>fiant,</span> <span class='ocrx_word' id='word_1_22' title='bbox 1716 269 1813 298; x_wconf 89' lang='lat' dir='ltr'>robur</span> <span class='ocrx_word' id='word_1_23' title='bbox 1830 278 1895 298; x_wconf 90' lang='lat' dir='ltr'>non</span> <span class='ocrx_word' id='word_1_24' title='bbox 1912 267 2007 299; x_wconf 84' lang='lat' dir='ltr'>deest.</span> <span class='ocrx_word' id='word_1_25' title='bbox 2026 267 2142 305; x_wconf 80' lang='lat' dir='ltr'>Quoad</span> <span class='ocrx_word' id='word_1_26' title='bbox 2159 267 2329 298; x_wconf 89' lang='lat' dir='ltr'>secundam</span> <span class='ocrx_word' id='word_1_27' title='bbox 2345 277 2419 297; x_wconf 91' lang='lat' dir='ltr'>vero</span> <span class='ocrx_word' id='word_1_28' title='bbox 2436 277 2505 307; x_wconf 85' lang='lat' dir='ltr'>par-</span> 
     </span>
    </p>
   </div>
   <div class='ocr_carea' id='block_1_5' title="bbox 334 312 1397 661">
    <p class='ocr_par' dir='ltr' id='par_1_5' title="bbox 336 312 1394 433">
     <span class='ocr_line' id='line_1_5' title="bbox 337 312 1394 353; baseline -0.001 -11"><span class='ocrx_word' id='word_1_29' title='bbox 337 312 555 347; x_wconf 79' lang='lat' dir='ltr'>nihilominus,</span> <span class='ocrx_word' id='word_1_30' title='bbox 572 312 770 353; x_wconf 87' lang='lat' dir='ltr'>licetpeccet</span> <span class='ocrx_word' id='word_1_31' title='bbox 786 313 828 344; x_wconf 89' lang='lat' dir='ltr'>sic</span> <span class='ocrx_word' id='word_1_32' title='bbox 845 313 1030 349; x_wconf 85' lang='lat' dir='ltr'>licentiatus,</span> <span class='ocrx_word' id='word_1_33' title='bbox 1046 323 1113 343; x_wconf 89' lang='lat' dir='ltr'>non</span> <span class='ocrx_word' id='word_1_34' title='bbox 1132 319 1238 343; x_wconf 80' lang='lat' dir='ltr'>tamen</span> <span class='ocrx_word' id='word_1_35' title='bbox 1261 319 1308 342; x_wconf 92' lang='lat' dir='ltr'>est</span> <span class='ocrx_word' id='word_1_36' title='bbox 1322 321 1394 342; x_wconf 89' lang='lat' dir='ltr'>reus</span> 
     </span>
     <span class='ocr_line' id='line_1_6' title="bbox 336 355 1394 396; baseline -0.001 -10"><span class='ocrx_word' id='word_1_37' title='bbox 336 356 444 387; x_wconf 87' lang='lat' dir='ltr'>violati</span> <span class='ocrx_word' id='word_1_38' title='bbox 469 357 625 396; x_wconf 83' lang='lat' dir='ltr'>praecepti</span> <span class='ocrx_word' id='word_1_39' title='bbox 650 357 687 387; x_wconf 91' lang='lat' dir='ltr'>de</span> <span class='ocrx_word' id='word_1_40' title='bbox 702 357 788 388; x_wconf 83' lang='lat' dir='ltr'>horis</span> <span class='ocrx_word' id='word_1_41' title='bbox 812 357 971 388; x_wconf 83' lang='lat' dir='ltr'>canonicis</span> <span class='ocrx_word' id='word_1_42' title='bbox 995 357 1144 392; x_wconf 87' lang='lat' dir='ltr'>dicendis,</span> <span class='ocrx_word' id='word_1_43' title='bbox 1162 362 1216 386; x_wconf 85' lang='lat' dir='ltr'>aut</span> <span class='ocrx_word' id='word_1_44' title='bbox 1235 356 1273 385; x_wconf 93' lang='lat' dir='ltr'>de</span> <span class='ocrx_word' id='word_1_45' title='bbox 1297 355 1394 386; x_wconf 84' lang='lat' dir='ltr'>carni-</span> 
     </span>
     <span class='ocr_line' id='line_1_7' title="bbox 337 401 722 433; baseline -0.005 0"><span class='ocrx_word' id='word_1_46' title='bbox 337 401 398 433; x_wconf 82' lang='lat' dir='ltr'>bus</span> <span class='ocrx_word' id='word_1_47' title='bbox 419 410 486 431; x_wconf 89' lang='lat' dir='ltr'>non</span> <span class='ocrx_word' id='word_1_48' title='bbox 510 401 722 432; x_wconf 85' lang='lat' dir='ltr'>comedendis.</span> 
     </span>
    </p>

    <p class='ocr_par' dir='ltr' id='par_1_6' title="bbox 334 444 1396 661">
     <span class='ocr_line' id='line_1_8' title="bbox 334 444 1396 486; baseline -0.004 -11"><span class='ocrx_word' id='word_1_49' title='bbox 334 467 340 469; x_wconf 55' lang='lat'><strong>&gt;</strong></span> <span class='ocrx_word' id='word_1_50' title='bbox 392 444 557 475; x_wconf 83' lang='lat' dir='ltr'>Fundatur</span> <span class='ocrx_word' id='word_1_51' title='bbox 574 445 652 475; x_wconf 83' lang='lat' dir='ltr'>haec</span> <span class='ocrx_word' id='word_1_52' title='bbox 669 444 789 486; x_wconf 89' lang='lat' dir='ltr'>opinio,</span> <span class='ocrx_word' id='word_1_53' title='bbox 807 445 915 485; x_wconf 83' lang='lat' dir='ltr'>quoad</span> <span class='ocrx_word' id='word_1_54' title='bbox 930 444 1065 484; x_wconf 83' lang='lat' dir='ltr'>primam</span> <span class='ocrx_word' id='word_1_55' title='bbox 1079 449 1211 483; x_wconf 86' lang='lat' dir='ltr'>partem,</span> <span class='ocrx_word' id='word_1_56' title='bbox 1227 452 1321 481; x_wconf 88' lang='lat' dir='ltr'>super</span> <span class='ocrx_word' id='word_1_57' title='bbox 1337 452 1396 481; x_wconf 87' lang='lat' dir='ltr'>po—</span> 
     </span>
     <span class='ocr_line' id='line_1_9' title="bbox 336 485 1395 536; baseline -0.004 -17"><span class='ocrx_word' id='word_1_58' title='bbox 336 494 446 519; x_wconf 70' lang='lat' dir='ltr'>testate</span> <span class='ocrx_word' id='word_1_59' title='bbox 469 488 636 529; x_wconf 85' lang='lat' dir='ltr'>principis,</span> <span class='ocrx_word' id='word_1_60' title='bbox 660 499 724 530; x_wconf 84' lang='lat' dir='ltr'>qua</span> <span class='ocrx_word' id='word_1_61' title='bbox 746 493 852 529; x_wconf 86' lang='lat' dir='ltr'>potest</span> <span class='ocrx_word' id='word_1_62' title='bbox 873 488 983 519; x_wconf 79' lang='lat' dir='ltr'>tollere</span> <span class='ocrx_word' id='word_1_63' title='bbox 1009 487 1112 536; x_wconf 75' lang='lat' dir='ltr'>legem</span> <span class='ocrx_word' id='word_1_64' title='bbox 1137 492 1168 516; x_wconf 88' lang='lat' dir='ltr'>et</span> <span class='ocrx_word' id='word_1_65' title='bbox 1193 485 1395 525; x_wconf 88' lang='lat' dir='ltr'>simpliciter,</span> 
     </span>
     <span class='ocr_line' id='line_1_10' title="bbox 338 529 1397 573; baseline -0.004 -11"><span class='ocrx_word' id='word_1_66' title='bbox 338 538 368 562; x_wconf 90' lang='lat' dir='ltr'>et</span> <span class='ocrx_word' id='word_1_67' title='bbox 391 532 498 572; x_wconf 90' lang='lat' dir='ltr'>quoad</span> <span class='ocrx_word' id='word_1_68' title='bbox 517 532 670 573; x_wconf 85' lang='lat' dir='ltr'>aliquem.</span> <span class='ocrx_word' id='word_1_69' title='bbox 689 540 724 563; x_wconf 92' lang='lat' dir='ltr'>ut</span> <span class='ocrx_word' id='word_1_70' title='bbox 737 531 923 573; x_wconf 82' lang='lat' dir='ltr'>quotidiana</span> <span class='ocrx_word' id='word_1_71' title='bbox 937 529 1126 570; x_wconf 78' lang='lat' dir='ltr'>experientia</span> <span class='ocrx_word' id='word_1_72' title='bbox 1141 535 1271 559; x_wconf 84' lang='lat' dir='ltr'>testatur</span> <span class='ocrx_word' id='word_1_73' title='bbox 1285 529 1318 558; x_wconf 91' lang='lat' dir='ltr'>in</span> <span class='ocrx_word' id='word_1_74' title='bbox 1334 529 1397 568; x_wconf 88' lang='lat' dir='ltr'>pri—</span> 
     </span>
     <span class='ocr_line' id='line_1_11' title="bbox 336 573 1396 617; baseline -0.004 -11"><span class='ocrx_word' id='word_1_75' title='bbox 336 576 458 617; x_wconf 82' lang='lat' dir='ltr'>vilegiis</span> <span class='ocrx_word' id='word_1_76' title='bbox 485 576 694 608; x_wconf 81' lang='lat' dir='ltr'>eximentibus</span> <span class='ocrx_word' id='word_1_77' title='bbox 715 576 782 607; x_wconf 88' lang='lat' dir='ltr'>hos</span> <span class='ocrx_word' id='word_1_78' title='bbox 795 575 845 606; x_wconf 76' lang='lat' dir='ltr'>vel</span> <span class='ocrx_word' id='word_1_79' title='bbox 867 574 939 605; x_wconf 85' lang='lat' dir='ltr'>inos</span> <span class='ocrx_word' id='word_1_80' title='bbox 963 585 981 604; x_wconf 85' lang='lat' dir='ltr'>a</span> <span class='ocrx_word' id='word_1_81' title='bbox 1005 573 1164 604; x_wconf 89' lang='lat' dir='ltr'>solutione</span> <span class='ocrx_word' id='word_1_82' title='bbox 1187 573 1396 608; x_wconf 83' lang='lat' dir='ltr'>decimarum,</span> 
     </span>
     <span class='ocr_line' id='line_1_12' title="bbox 337 617 1396 661; baseline -0.005 -10"><span class='ocrx_word' id='word_1_83' title='bbox 337 619 370 651; x_wconf 88' lang='lat' dir='ltr'>in</span> <span class='ocrx_word' id='word_1_84' title='bbox 394 620 520 661; x_wconf 86' lang='lat' dir='ltr'>quibus,</span> <span class='ocrx_word' id='word_1_85' title='bbox 538 620 633 651; x_wconf 81' lang='lat' dir='ltr'>etiam</span> <span class='ocrx_word' id='word_1_86' title='bbox 651 620 677 651; x_wconf 80' lang='lat' dir='ltr'>s‘i</span> <span class='ocrx_word' id='word_1_87' title='bbox 692 619 780 658; x_wconf 82' lang='lat' dir='ltr'>nulla</span> <span class='ocrx_word' id='word_1_88' title='bbox 802 628 896 649; x_wconf 80' lang='lat' dir='ltr'>causa</span> <span class='ocrx_word' id='word_1_89' title='bbox 918 617 1121 657; x_wconf 84' lang='lat' dir='ltr'>exprimatur,</span> <span class='ocrx_word' id='word_1_90' title='bbox 1137 617 1192 647; x_wconf 88' lang='lat' dir='ltr'>sed</span> <span class='ocrx_word' id='word_1_91' title='bbox 1214 617 1285 647; x_wconf 91' lang='lat' dir='ltr'>solo</span> <span class='ocrx_word' id='word_1_92' title='bbox 1305 623 1396 646; x_wconf 89' lang='lat' dir='ltr'>motu</span> 
     </span>
    </p>
   </div>
   <div class='ocr_carea' id='block_1_6' title="bbox 1291 702 1502 710">
    <p class='ocr_par' dir='ltr' id='par_1_7' title="bbox 1291 702 1502 710">
     <span class='ocr_line' id='line_1_13' title="bbox 1291 702 1502 710; baseline 0 3300"><span class='ocrx_word' id='word_1_93' title='bbox 1291 702 1502 710; x_wconf 95' lang='lat' dir='ltr'> </span> 
     </span>
    </p>
   </div>
   <div class='ocr_carea' id='block_1_7' title="bbox 1450 312 2507 353">
    <p class='ocr_par' dir='ltr' id='par_1_8' title="bbox 1450 312 2507 353">
     <span class='ocr_line' id='line_1_14' title="bbox 1450 312 2507 353; baseline -0.002 -11"><span class='ocrx_word' id='word_1_94' title='bbox 1450 320 1525 348; x_wconf 86' lang='lat' dir='ltr'>tem,</span> <span class='ocrx_word' id='word_1_95' title='bbox 1541 322 1635 352; x_wconf 90' lang='lat' dir='ltr'>super</span> <span class='ocrx_word' id='word_1_96' title='bbox 1656 312 1790 343; x_wconf 80' lang='lat' dir='ltr'>naturali</span> <span class='ocrx_word' id='word_1_97' title='bbox 1813 312 1891 348; x_wconf 89' lang='lat' dir='ltr'>iure,</span> <span class='ocrx_word' id='word_1_98' title='bbox 1909 322 1975 353; x_wconf 93' lang='lat' dir='ltr'>quo</span> <span class='ocrx_word' id='word_1_99' title='bbox 1998 313 2102 352; x_wconf 81' lang='lat' dir='ltr'>turpis</span> <span class='ocrx_word' id='word_1_100' title='bbox 2125 317 2172 342; x_wconf 86' lang='lat' dir='ltr'>est</span> <span class='ocrx_word' id='word_1_101' title='bbox 2199 312 2303 342; x_wconf 86' lang='lat' dir='ltr'>omnis</span> <span class='ocrx_word' id='word_1_102' title='bbox 2319 320 2402 351; x_wconf 78' lang='lat' dir='ltr'>pars</span> <span class='ocrx_word' id='word_1_103' title='bbox 2425 321 2507 351; x_wconf 82' lang='lat' dir='ltr'>quae</span> 
     </span>
    </p>
   </div>
   <div class='ocr_carea' id='block_1_8' title="bbox 1452 355 2743 407">
    <p class='ocr_par' dir='ltr' id='par_1_9' title="bbox 1452 355 2743 407">
     <span class='ocr_line' id='line_1_15' title="bbox 1452 355 2743 407; baseline 0.001 -21"><span class='ocrx_word' id='word_1_104' title='bbox 1452 365 1514 386; x_wconf 87' lang='lat' dir='ltr'>non</span> <span class='ocrx_word' id='word_1_105' title='bbox 1530 362 1683 387; x_wconf 84' lang='lat' dir='ltr'>consonat</span> <span class='ocrx_word' id='word_1_106' title='bbox 1697 366 1756 387; x_wconf 84' lang='lat' dir='ltr'>suo</span> <span class='ocrx_word' id='word_1_107' title='bbox 1770 355 1857 387; x_wconf 89' lang='lat' dir='ltr'>toti</span> <span class='ocrx_word' id='word_1_108' title='bbox 1863 364 1877 394; x_wconf 91' lang='grc'><strong><em>;</em></strong></span> <span class='ocrx_word' id='word_1_109' title='bbox 1893 362 1922 386; x_wconf 86' lang='lat' dir='ltr'>et</span> <span class='ocrx_word' id='word_1_110' title='bbox 1938 365 2004 407; x_wconf 83' lang='lat' dir='ltr'>quo</span> <span class='ocrx_word' id='word_1_111' title='bbox 2021 357 2053 386; x_wconf 90' lang='lat' dir='ltr'>in</span> <span class='ocrx_word' id='word_1_112' title='bbox 2069 356 2243 386; x_wconf 84' lang='lat' dir='ltr'><strong><em>moralibus</em></strong></span> <span class='ocrx_word' id='word_1_113' title='bbox 2263 356 2368 396; x_wconf 83' lang='lat' dir='ltr'>magis</span> <span class='ocrx_word' id='word_1_114' title='bbox 2383 360 2507 385; x_wconf 86' lang='lat' dir='ltr'>movent</span> <span class='ocrx_word' id='word_1_115' title='bbox 2635 358 2743 387; x_wconf 76' lang='lat' dir='ltr'>consen.</span> 
     </span>
    </p>
   </div>
   <div class='ocr_carea' id='block_1_9' title="bbox 2533 359 2720 412">
    <p class='ocr_par' dir='ltr' id='par_1_10' title="bbox 2533 359 2720 412">
     <span class='ocr_line' id='line_1_16' title="bbox 2533 359 2720 412; baseline 0.011 -7"><span class='ocrx_word' id='word_1_116' title='bbox 2533 384 2573 405; x_wconf 85' lang='lat' dir='ltr'>lib.</span> <span class='ocrx_word' id='word_1_117' title='bbox 2554 359 2651 412; x_wconf 61' lang='lat' dir='ltr'>AIiIJc</span> <span class='ocrx_word' id='word_1_118' title='bbox 2653 391 2720 407; x_wconf 81' lang='lat' dir='ltr'>.v111.</span> 
     </span>
    </p>
   </div>
   <div class='ocr_carea' id='block_1_10' title="bbox 1452 399 2781 440">
    <p class='ocr_par' dir='ltr' id='par_1_11' title="bbox 1452 399 2781 440">
     <span class='ocr_line' id='line_1_17' title="bbox 1452 399 2781 440; baseline 0.002 -11"><span class='ocrx_word' id='word_1_119' title='bbox 1452 401 1599 439; x_wconf 83' lang='lat' dir='ltr'>exempla</span> <span class='ocrx_word' id='word_1_120' title='bbox 1617 410 1712 440; x_wconf 81' lang='lat' dir='ltr'>quam</span> <span class='ocrx_word' id='word_1_121' title='bbox 1730 400 1825 431; x_wconf 79' lang='lat' dir='ltr'>verba</span> <span class='ocrx_word' id='word_1_122' title='bbox 1837 399 1875 438; x_wconf 66' lang='lat'>*;</span> <span class='ocrx_word' id='word_1_123' title='bbox 1897 407 1928 430; x_wconf 90' lang='lat' dir='ltr'>et</span> <span class='ocrx_word' id='word_1_124' title='bbox 1945 401 2096 440; x_wconf 83' lang='lat' dir='ltr'>princeps</span> <span class='ocrx_word' id='word_1_125' title='bbox 2119 409 2181 430; x_wconf 88' lang='lat' dir='ltr'>non</span> <span class='ocrx_word' id='word_1_126' title='bbox 2198 400 2301 430; x_wconf 87' lang='lat' dir='ltr'>solum</span> <span class='ocrx_word' id='word_1_127' title='bbox 2318 404 2353 429; x_wconf 87' lang='lat' dir='ltr'>ut</span> <span class='ocrx_word' id='word_1_128' title='bbox 2370 400 2504 439; x_wconf 80' lang='lat' dir='ltr'>praesit,</span> <span class='ocrx_word' id='word_1_129' title='bbox 2534 401 2631 438; x_wconf 68' lang='lat' dir='ltr'>‘Sum-a,</span> <span class='ocrx_word' id='word_1_130' title='bbox 2637 417 2660 438; x_wconf 83' lang='lat' dir='ltr'>q.</span> <span class='ocrx_word' id='word_1_131' title='bbox 2666 417 2742 433; x_wconf 76' lang='lat' dir='ltr'>mxv.</span> <span class='ocrx_word' id='word_1_132' title='bbox 2775 421 2781 426; x_wconf 74' lang='lat'>=</span> 
     </span>
    </p>
   </div>
   <div class='ocr_carea' id='block_1_11' title="bbox 1449 441 2745 491">
    <p class='ocr_par' dir='ltr' id='par_1_12' title="bbox 1449 441 2745 491">
     <span class='ocr_line' id='line_1_18' title="bbox 1449 441 2745 491; baseline 0 -18"><span class='ocrx_word' id='word_1_133' title='bbox 1449 443 1505 473; x_wconf 81' lang='lat' dir='ltr'>sed</span> <span class='ocrx_word' id='word_1_134' title='bbox 1515 445 1630 482; x_wconf 79' lang='lat' dir='ltr'>prosit,</span> <span class='ocrx_word' id='word_1_135' title='bbox 1645 443 1820 481; x_wconf 69' lang='lat' dir='ltr'>creatur*;</span> <span class='ocrx_word' id='word_1_136' title='bbox 1836 450 1866 474; x_wconf 90' lang='lat' dir='ltr'>et</span> <span class='ocrx_word' id='word_1_137' title='bbox 1877 444 1945 474; x_wconf 89' lang='lat' dir='ltr'>aliis</span> <span class='ocrx_word' id='word_1_138' title='bbox 1957 443 2152 480; x_wconf 90' lang='lat' dir='ltr'>huiusmodi,</span> <span class='ocrx_word' id='word_1_139' title='bbox 2166 453 2248 484; x_wconf 89' lang='lat' dir='ltr'>quae</span> <span class='ocrx_word' id='word_1_140' title='bbox 2264 443 2412 474; x_wconf 81' lang='lat' dir='ltr'>naturalis</span> <span class='ocrx_word' id='word_1_141' title='bbox 2424 442 2503 473; x_wconf 81' lang='lat' dir='ltr'>ratio</span> <span class='ocrx_word' id='word_1_142' title='bbox 2532 441 2610 484; x_wconf 53' lang='lat' dir='ltr'>2¹ng</span> <span class='ocrx_word' id='word_1_143' title='bbox 2598 464 2678 491; x_wconf 81' lang='lat' dir='ltr'>Aug</span> <span class='ocrx_word' id='word_1_144' title='bbox 2683 463 2745 485; x_wconf 82' lang='lat' dir='ltr'>Con-</span> 
     </span>
    </p>
   </div>
   <div class='ocr_carea' id='block_1_12' title="bbox 1451 486 2743 613">
    <p class='ocr_par' dir='ltr' id='par_1_13' title="bbox 1451 486 2743 613">
     <span class='ocr_line' id='line_1_19' title="bbox 1451 486 2743 543; baseline 0.001 -27"><span class='ocrx_word' id='word_1_145' title='bbox 1451 486 1555 517; x_wconf 90' lang='lat' dir='ltr'>dictat.</span> <span class='ocrx_word' id='word_1_146' title='bbox 1573 487 1615 517; x_wconf 91' lang='lat' dir='ltr'>Et</span> <span class='ocrx_word' id='word_1_147' title='bbox 1637 488 1812 518; x_wconf 88' lang='lat' dir='ltr'>secundum</span> <span class='ocrx_word' id='word_1_148' title='bbox 1832 487 1912 519; x_wconf 84' lang='lat' dir='ltr'>hanc</span> <span class='ocrx_word' id='word_1_149' title='bbox 1936 488 2133 527; x_wconf 85' lang='lat' dir='ltr'>opinionem,</span> <span class='ocrx_word' id='word_1_150' title='bbox 2151 487 2228 518; x_wconf 84' lang='lat' dir='ltr'>nihil</span> <span class='ocrx_word' id='word_1_151' title='bbox 2252 494 2298 518; x_wconf 89' lang='lat' dir='ltr'>est</span> <span class='ocrx_word' id='word_1_152' title='bbox 2320 487 2505 522; x_wconf 88' lang='lat' dir='ltr'>ridiculum,</span> <span class='ocrx_word' id='word_1_153' title='bbox 2533 489 2696 543; x_wconf 51' lang='lat' dir='ltr'>fflffauttwn</span> <span class='ocrx_word' id='word_1_154' title='bbox 2703 490 2743 511; x_wconf 85' lang='lat' dir='ltr'>¹ib·</span> 
     </span>
     <span class='ocr_line' id='line_1_20' title="bbox 1451 522 2730 567; baseline 0.001 -8"><span class='ocrx_word' id='word_1_155' title='bbox 1451 530 1559 560; x_wconf 90' lang='lat' dir='ltr'>omnia</span> <span class='ocrx_word' id='word_1_156' title='bbox 1583 538 1768 567; x_wconf 84' lang='lat' dir='ltr'>consonant,</span> <span class='ocrx_word' id='word_1_157' title='bbox 1786 541 1897 562; x_wconf 87' lang='lat' dir='ltr'>omnes</span> <span class='ocrx_word' id='word_1_158' title='bbox 1921 532 2113 562; x_wconf 91' lang='lat' dir='ltr'>obiectiones</span> <span class='ocrx_word' id='word_1_159' title='bbox 2137 528 2317 567; x_wconf 75' lang='lat' dir='ltr'>solvuntur,</span> <span class='ocrx_word' id='word_1_160' title='bbox 2339 531 2505 561; x_wconf 83' lang='lat' dir='ltr'>observan-</span> <span class='ocrx_word' id='word_1_161' title='bbox 2624 522 2666 544; x_wconf 70' lang='lat'>⁰⁸¹³</span> <span class='ocrx_word' id='word_1_162' title='bbox 2683 522 2730 538; x_wconf 76' lang='lat' dir='ltr'>m.</span> 
     </span>
     <span class='ocr_line' id='line_1_21' title="bbox 1452 573 2507 613; baseline 0.003 -11"><span class='ocrx_word' id='word_1_163' title='bbox 1452 573 1567 603; x_wconf 83' lang='lat' dir='ltr'>tiarum</span> <span class='ocrx_word' id='word_1_164' title='bbox 1584 581 1614 604; x_wconf 89' lang='lat' dir='ltr'>et</span> <span class='ocrx_word' id='word_1_165' title='bbox 1630 574 1910 613; x_wconf 88' lang='lat' dir='ltr'>reprehensionum</span> <span class='ocrx_word' id='word_1_166' title='bbox 1929 576 2008 606; x_wconf 85' lang='lat' dir='ltr'>ratio</span> <span class='ocrx_word' id='word_1_167' title='bbox 2024 575 2179 606; x_wconf 90' lang='lat' dir='ltr'>reddetur.</span> <span class='ocrx_word' id='word_1_168' title='bbox 2197 575 2290 606; x_wconf 90' lang='lat' dir='ltr'>Unde</span> <span class='ocrx_word' id='word_1_169' title='bbox 2305 582 2340 606; x_wconf 92' lang='lat' dir='ltr'>ut</span> <span class='ocrx_word' id='word_1_170' title='bbox 2355 574 2507 606; x_wconf 88' lang='lat' dir='ltr'>sententia</span> 
     </span>
    </p>
   </div>
   <div class='ocr_carea' id='block_1_13' title="bbox 1451 617 2186 659">
    <p class='ocr_par' dir='ltr' id='par_1_14' title="bbox 1451 617 2186 659">
     <span class='ocr_line' id='line_1_22' title="bbox 1451 617 2186 659; baseline 0.005 -13"><span class='ocrx_word' id='word_1_171' title='bbox 1451 626 1540 653; x_wconf 87' lang='lat' dir='ltr'>vera,</span> <span class='ocrx_word' id='word_1_172' title='bbox 1565 617 1597 647; x_wconf 92' lang='lat' dir='ltr'>in</span> <span class='ocrx_word' id='word_1_173' title='bbox 1621 618 1726 648; x_wconf 91' lang='lat' dir='ltr'>medio</span> <span class='ocrx_word' id='word_1_174' title='bbox 1751 618 1867 658; x_wconf 82' lang='lat' dir='ltr'>posita,</span> <span class='ocrx_word' id='word_1_175' title='bbox 1892 620 2108 659; x_wconf 86' lang='lat' dir='ltr'>amplectenda</span> <span class='ocrx_word' id='word_1_176' title='bbox 2131 626 2186 650; x_wconf 87' lang='lat' dir='ltr'>est.</span> 
     </span>
    </p>
   </div>
   <div class='ocr_carea' id='block_1_14' title="bbox 1503 703 1554 711">
    <p class='ocr_par' dir='ltr' id='par_1_15' title="bbox 1503 703 1554 711">
     <span class='ocr_line' id='line_1_23' title="bbox 1503 703 1554 711; baseline -0.039 0"><span class='ocrx_word' id='word_1_177' title='bbox 1503 703 1554 711; x_wconf 59' lang='grc' dir='ltr'><em>Μ</em></span> 
     </span>
    </p>
   </div>
   <div class='ocr_carea' id='block_1_15' title="bbox 630 769 2213 890">
    <p class='ocr_par' dir='ltr' id='par_1_16' title="bbox 630 769 2213 890">
     <span class='ocr_line' id='line_1_24' title="bbox 1145 769 1697 821; baseline -0.004 -9"><span class='ocrx_word' id='word_1_178' title='bbox 1145 769 1459 821; x_wconf 81' lang='lat' dir='ltr'>ARTICULUS</span> <span class='ocrx_word' id='word_1_179' title='bbox 1490 769 1697 811; x_wconf 88' lang='lat' dir='ltr'>SEXTUS</span> 
     </span>
     <span class='ocr_line' id='line_1_25' title="bbox 630 851 2213 890; baseline 0.002 -7"><span class='ocrx_word' id='word_1_180' title='bbox 630 852 788 883; x_wconf 85' lang='lat' dir='ltr'>UTRUM</span> <span class='ocrx_word' id='word_1_181' title='bbox 811 852 851 883; x_wconf 84' lang='lat' dir='ltr'>EI</span> <span class='ocrx_word' id='word_1_182' title='bbox 876 853 951 890; x_wconf 81' lang='lat' dir='ltr'>Qm</span> <span class='ocrx_word' id='word_1_183' title='bbox 975 852 1192 884; x_wconf 64' lang='lat' dir='ltr'>susm-run</span> <span class='ocrx_word' id='word_1_184' title='bbox 1214 851 1330 888; x_wconf 84' lang='lat' dir='ltr'>LEGI,</span> <span class='ocrx_word' id='word_1_185' title='bbox 1355 851 1515 883; x_wconf 85' lang='lat' dir='ltr'><strong>LICEAT</strong></span> <span class='ocrx_word' id='word_1_186' title='bbox 1538 852 1738 883; x_wconf 76' lang='lat' dir='ltr'><strong>PRAETER</strong></span> <span class='ocrx_word' id='word_1_187' title='bbox 1761 852 1903 883; x_wconf 83' lang='lat' dir='ltr'><strong>VERBA</strong></span> <span class='ocrx_word' id='word_1_188' title='bbox 1927 853 2047 884; x_wconf 74' lang='lat' dir='ltr'>LEG1s</span> <span class='ocrx_word' id='word_1_189' title='bbox 2070 854 2213 887; x_wconf 83' lang='lat' dir='ltr'>AGERE</span> 
     </span>
    </p>
   </div>
   <div class='ocr_carea' id='block_1_16' title="bbox 676 923 786 952">
    <p class='ocr_par' dir='ltr' id='par_1_17' title="bbox 676 923 786 952">
     <span class='ocr_line' id='line_1_26' title="bbox 676 923 786 952; baseline 0.009 -5"><span class='ocrx_word' id='word_1_190' title='bbox 676 923 710 947; x_wconf 67' lang='grc' dir='ltr'>11ιι</span> <span class='ocrx_word' id='word_1_191' title='bbox 730 923 786 952; x_wconf 65' lang='lat'><strong>11⁸⁹.</strong></span> 
     </span>
    </p>
   </div>
   <div class='ocr_carea' id='block_1_17' title="bbox 806 921 2168 956">
    <p class='ocr_par' dir='ltr' id='par_1_18' title="bbox 806 921 2168 956">
     <span class='ocr_line' id='line_1_27' title="bbox 806 921 2168 956; baseline 0 -8"><span class='ocrx_word' id='word_1_192' title='bbox 806 930 850 956; x_wconf 88' lang='lat' dir='ltr'>qu.</span> <span class='ocrx_word' id='word_1_193' title='bbox 869 931 908 952; x_wconf 76' lang='lat' dir='ltr'>Lx,</span> <span class='ocrx_word' id='word_1_194' title='bbox 928 928 975 948; x_wconf 80' lang='lat' dir='ltr'>art.</span> <span class='ocrx_word' id='word_1_195' title='bbox 996 923 1019 952; x_wconf 87' lang='grc'>5,</span> <span class='ocrx_word' id='word_1_196' title='bbox 1038 923 1070 948; x_wconf 80' lang='lat' dir='ltr'>ad</span> <span class='ocrx_word' id='word_1_197' title='bbox 1091 930 1113 952; x_wconf 83' lang='lat'>2,</span> <span class='ocrx_word' id='word_1_198' title='bbox 1135 922 1163 954; x_wconf 87' lang='lat'>3;</span> <span class='ocrx_word' id='word_1_199' title='bbox 1183 930 1228 955; x_wconf 81' lang='lat' dir='ltr'>qu.</span> <span class='ocrx_word' id='word_1_200' title='bbox 1246 929 1302 952; x_wconf 85' lang='lat' dir='ltr'>cxx,</span> <span class='ocrx_word' id='word_1_201' title='bbox 1322 927 1369 947; x_wconf 85' lang='lat' dir='ltr'>art.</span> <span class='ocrx_word' id='word_1_202' title='bbox 1392 930 1419 953; x_wconf 68' lang='grc' dir='ltr'>ις</span> <span class='ocrx_word' id='word_1_203' title='bbox 1439 930 1483 954; x_wconf 88' lang='lat' dir='ltr'>qu.</span> <span class='ocrx_word' id='word_1_204' title='bbox 1504 929 1596 952; x_wconf 76' lang='lat' dir='ltr'>chvu,</span> <span class='ocrx_word' id='word_1_205' title='bbox 1616 927 1662 947; x_wconf 77' lang='lat' dir='ltr'>art.</span> <span class='ocrx_word' id='word_1_206' title='bbox 1680 930 1714 954; x_wconf 77' lang='lat'>43</span> <span class='ocrx_word' id='word_1_207' title='bbox 1733 921 1764 947; x_wconf 90' lang='lat'>111</span> <span class='ocrx_word' id='word_1_208' title='bbox 1784 923 1866 951; x_wconf 73' lang='lat' dir='ltr'>Sent„</span> <span class='ocrx_word' id='word_1_209' title='bbox 1887 923 1945 947; x_wconf 79' lang='lat' dir='ltr'>dist.</span> <span class='ocrx_word' id='word_1_210' title='bbox 1963 931 2055 953; x_wconf 84' lang='lat' dir='ltr'>xxxvn,</span> <span class='ocrx_word' id='word_1_211' title='bbox 2074 929 2120 949; x_wconf 89' lang='lat' dir='ltr'>art.</span> <span class='ocrx_word' id='word_1_212' title='bbox 2138 931 2168 955; x_wconf 84' lang='lat'>43</span> 
     </span>
    </p>
   </div>
   <div class='ocr_carea' id='block_1_18' title="bbox 987 957 1860 990">
    <p class='ocr_par' dir='ltr' id='par_1_19' title="bbox 987 957 1860 990">
     <span class='ocr_line' id='line_1_28' title="bbox 987 957 1860 990; baseline 0 -8"><span class='ocrx_word' id='word_1_213' title='bbox 987 957 1030 989; x_wconf 87' lang='lat' dir='ltr'>IV,</span> <span class='ocrx_word' id='word_1_214' title='bbox 1050 958 1106 984; x_wconf 83' lang='lat' dir='ltr'>dist.</span> <span class='ocrx_word' id='word_1_215' title='bbox 1125 965 1165 987; x_wconf 72' lang='grc' dir='ltr'>ιν,</span> <span class='ocrx_word' id='word_1_216' title='bbox 1184 965 1229 990; x_wconf 85' lang='lat' dir='ltr'>qu.</span> <span class='ocrx_word' id='word_1_217' title='bbox 1247 965 1286 988; x_wconf 83' lang='lat'>111,</span> <span class='ocrx_word' id='word_1_218' title='bbox 1305 962 1351 982; x_wconf 85' lang='lat' dir='ltr'>art.</span> <span class='ocrx_word' id='word_1_219' title='bbox 1372 964 1395 988; x_wconf 84' lang='lat'>2,</span> <span class='ocrx_word' id='word_1_220' title='bbox 1415 962 1466 989; x_wconf 62' lang='lat' dir='ltr'>qua</span> <span class='ocrx_word' id='word_1_221' title='bbox 1489 965 1509 986; x_wconf 84' lang='lat'>1,</span> <span class='ocrx_word' id='word_1_222' title='bbox 1531 964 1558 987; x_wconf 82' lang='lat'>23</span> <span class='ocrx_word' id='word_1_223' title='bbox 1579 958 1600 982; x_wconf 88' lang='lat' dir='ltr'>V</span> <span class='ocrx_word' id='word_1_224' title='bbox 1622 957 1715 987; x_wconf 71' lang='lat' dir='ltr'>Ethic„</span> <span class='ocrx_word' id='word_1_225' title='bbox 1735 958 1792 982; x_wconf 88' lang='lat' dir='ltr'>lect.</span> <span class='ocrx_word' id='word_1_226' title='bbox 1811 965 1860 982; x_wconf 80' lang='lat' dir='ltr'>xvi.</span> 
     </span>
    </p>
   </div>
   <div class='ocr_carea' id='block_1_19' title="bbox 346 1051 372 1160">
    <p class='ocr_par' dir='ltr' id='par_1_20' title="bbox 346 1051 372 1160">
     <span class='ocr_line' id='line_1_29' title="bbox 346 1051 372 1160; baseline 0 -51"><span class='ocrx_word' id='word_1_227' title='bbox 346 1051 372 1160; x_wconf 95' lang='lat' dir='ltr'>  </span> 
     </span>
    </p>
   </div>
   <div class='ocr_carea' id='block_1_20' title="bbox 441 1051 537 1109">
    <p class='ocr_par' dir='ltr' id='par_1_21' title="bbox 441 1051 537 1109">
     <span class='ocr_line' id='line_1_30' title="bbox 441 1051 537 1109; baseline 0.083 -7"><span class='ocrx_word' id='word_1_228' title='bbox 441 1051 537 1109; x_wconf 95' lang='lat' dir='ltr'>   </span> 
     </span>
    </p>
   </div>
   <div class='ocr_carea' id='block_1_21' title="bbox 335 1037 1396 1246">
    <p class='ocr_par' dir='ltr' id='par_1_22' title="bbox 335 1037 1396 1246">
     <span class='ocr_line' id='line_1_31' title="bbox 350 1037 1394 1085; baseline -0.002 -10"><span class='ocrx_word' id='word_1_229' title='bbox 350 1073 399 1085; x_wconf 66' lang='grc'>,</span> <span class='ocrx_word' id='word_1_230' title='bbox 427 1060 430 1066; x_wconf 87' lang='lat'><em>·</em></span> <span class='ocrx_word' id='word_1_231' title='bbox 522 1062 525 1066; x_wconf 77' lang='lat'>,</span> <span class='ocrx_word' id='word_1_232' title='bbox 547 1050 571 1075; x_wconf 83' lang='grc' dir='ltr'>ι)</span> <span class='ocrx_word' id='word_1_233' title='bbox 599 1049 739 1079; x_wconf 57' lang='lat' dir='ltr'>sextum</span> <span class='ocrx_word' id='word_1_234' title='bbox 768 1050 821 1075; x_wconf 76' lang='lat' dir='ltr'>sm</span> <span class='ocrx_word' id='word_1_235' title='bbox 849 1050 1087 1076; x_wconf 57' lang='lat' dir='ltr'>raom-:Dirum</span> <span class='ocrx_word' id='word_1_236' title='bbox 1107 1037 1269 1075; x_wconf 83' lang='lat' dir='ltr'>Videtur</span> <span class='ocrx_word' id='word_1_237' title='bbox 1290 1037 1394 1085; x_wconf 89' lang='lat' dir='ltr'>quod</span> 
     </span>
     <span class='ocr_line' id='line_1_32' title="bbox 337 1070 1396 1160; baseline -0.001 -33"><span class='ocrx_word' id='word_1_238' title='bbox 337 1107 354 1132; x_wconf 55' lang='grc' dir='ltr'>ι,</span> <span class='ocrx_word' id='word_1_239' title='bbox 367 1084 406 1133; x_wconf 55' lang='grc' dir='ltr'>εἶ·</span> <span class='ocrx_word' id='word_1_240' title='bbox 385 1070 521 1160; x_wconf 33' lang='lat' dir='ltr'>,si-,³34</span> <span class='ocrx_word' id='word_1_241' title='bbox 548 1102 627 1127; x_wconf 88' lang='lat' dir='ltr'>non</span> <span class='ocrx_word' id='word_1_242' title='bbox 646 1091 755 1128; x_wconf 87' lang='lat' dir='ltr'>liceat</span> <span class='ocrx_word' id='word_1_243' title='bbox 783 1091 816 1127; x_wconf 91' lang='lat' dir='ltr'>ei</span> <span class='ocrx_word' id='word_1_244' title='bbox 845 1091 911 1140; x_wconf 92' lang='lat' dir='ltr'>qui</span> <span class='ocrx_word' id='word_1_245' title='bbox 929 1091 1102 1135; x_wconf 85' lang='lat' dir='ltr'>subditur</span> <span class='ocrx_word' id='word_1_246' title='bbox 1128 1090 1216 1138; x_wconf 86' lang='lat' dir='ltr'>legi,</span> <span class='ocrx_word' id='word_1_247' title='bbox 1245 1097 1396 1138; x_wconf 89' lang='lat' dir='ltr'>praeter</span> 
     </span>
     <span class='ocr_line' id='line_1_33' title="bbox 335 1132 1395 1192; baseline -0.002 -11"><span class='ocrx_word' id='word_1_248' title='bbox 335 1137 401 1192; x_wconf 53' lang='lat' dir='ltr'>,f</span> <span class='ocrx_word' id='word_1_249' title='bbox 418 1132 510 1177; x_wconf 56' lang='grc' dir='ltr'>ἔν’</span> <span class='ocrx_word' id='word_1_250' title='bbox 498 1143 668 1186; x_wconf 61' lang='lat' dir='ltr'>(verba</span> <span class='ocrx_word' id='word_1_251' title='bbox 694 1143 786 1191; x_wconf 89' lang='lat' dir='ltr'>legis</span> <span class='ocrx_word' id='word_1_252' title='bbox 813 1155 936 1191; x_wconf 88' lang='lat' dir='ltr'>agere.</span> <span class='ocrx_word' id='word_1_253' title='bbox 963 1143 1063 1180; x_wconf 90' lang='lat' dir='ltr'>Dicit</span> <span class='ocrx_word' id='word_1_254' title='bbox 1090 1143 1191 1180; x_wconf 87' lang='lat' dir='ltr'>enim</span> <span class='ocrx_word' id='word_1_255' title='bbox 1219 1143 1395 1190; x_wconf 90' lang='lat' dir='ltr'>Augusti-</span> 
     </span>
     <span class='ocr_line' id='line_1_34' title="bbox 349 1163 1393 1246; baseline -0.002 -12"><span class='ocrx_word' id='word_1_256' title='bbox 349 1163 517 1234; x_wconf 45' lang='grc' dir='ltr'>Ᾰέἒ)</span> <span class='ocrx_word' id='word_1_257' title='bbox 508 1191 631 1242; x_wconf 30' lang='lat' dir='ltr'>Mnus</span> <span class='ocrx_word' id='word_1_258' title='bbox 651 1195 690 1232; x_wconf 92' lang='lat' dir='ltr'>in</span> <span class='ocrx_word' id='word_1_259' title='bbox 718 1196 813 1233; x_wconf 87' lang='lat' dir='ltr'>libro</span> <span class='ocrx_word' id='word_1_260' title='bbox 837 1197 883 1233; x_wconf 87' lang='lat' dir='ltr'>de</span> <span class='ocrx_word' id='word_1_261' title='bbox 907 1197 1004 1234; x_wconf 90' lang='lat' dir='ltr'>Vera</span> <span class='ocrx_word' id='word_1_262' title='bbox 1023 1196 1146 1246; x_wconf 83' lang='lat' dir='ltr'>Relig.</span> <span class='ocrx_word' id='word_1_263' title='bbox 1167 1195 1206 1232; x_wconf 72' lang='grc' dir='ltr'>*τ</span> <span class='ocrx_word' id='word_1_264' title='bbox 1233 1196 1280 1232; x_wconf 87' lang='lat' dir='ltr'>In</span> <span class='ocrx_word' id='word_1_265' title='bbox 1304 1201 1393 1232; x_wconf 90' lang='lat' dir='ltr'>tem-</span> 
     </span>
    </p>
   </div>
   <div class='ocr_carea' id='block_1_22' title="bbox 332 1168 508 1246">
    <p class='ocr_par' dir='ltr' id='par_1_23' title="bbox 332 1168 508 1246">
     <span class='ocr_line' id='line_1_35' title="bbox 332 1168 508 1246; baseline 0 0"><span class='ocrx_word' id='word_1_266' title='bbox 332 1168 446 1246; x_wconf 95' lang='lat' dir='ltr'>  </span> <span class='ocrx_word' id='word_1_267' title='bbox 492 1215 508 1246; x_wconf 95' lang='lat' dir='ltr'> </span> 
     </span>
    </p>
   </div>
   <div class='ocr_carea' id='block_1_23' title="bbox 292 1225 1396 1308">
    <p class='ocr_par' dir='ltr' id='par_1_24' title="bbox 292 1225 1396 1308">
     <span class='ocr_line' id='line_1_36' title="bbox 292 1225 1396 1308; baseline -0.001 -21.965"><span class='ocrx_word' id='word_1_268' title='bbox 292 1249 529 1308; x_wconf 64' lang='lat' dir='ltr'>paratibus</span> <span class='ocrx_word' id='word_1_269' title='bbox 548 1225 703 1299; x_wconf 40' lang='lat' dir='ltr'>legibus</span> <span class='ocrx_word' id='word_1_270' title='bbox 723 1250 895 1297; x_wconf 77' lang='lat' dir='ltr'>quamvis</span> <span class='ocrx_word' id='word_1_271' title='bbox 913 1247 1081 1286; x_wconf 83' lang='lat' dir='ltr'>homines</span> <span class='ocrx_word' id='word_1_272' title='bbox 1099 1246 1262 1285; x_wconf 83' lang='lat' dir='ltr'>iudicent</span> <span class='ocrx_word' id='word_1_273' title='bbox 1277 1248 1322 1285; x_wconf 82' lang='lat' dir='ltr'>de</span> <span class='ocrx_word' id='word_1_274' title='bbox 1340 1249 1396 1285; x_wconf 85' lang='lat' dir='ltr'>his</span> 
     </span>
    </p>
   </div>
   <div class='ocr_carea' id='block_1_24' title="bbox 334 1301 1397 1508">
    <p class='ocr_par' dir='ltr' id='par_1_25' title="bbox 334 1301 1397 1508">
     <span class='ocr_line' id='line_1_37' title="bbox 336 1301 1395 1351; baseline -0.003 -8.997"><span class='ocrx_word' id='word_1_275' title='bbox 336 1305 423 1347; x_wconf 75' lang='lat' dir='ltr'>[cum</span> <span class='ocrx_word' id='word_1_276' title='bbox 451 1314 516 1340; x_wconf 88' lang='lat' dir='ltr'>eas</span> <span class='ocrx_word' id='word_1_277' title='bbox 543 1301 736 1340; x_wconf 84' lang='lat' dir='ltr'>instituunt</span> <span class='ocrx_word' id='word_1_278' title='bbox 763 1306 800 1348; x_wconf 75' lang='lat'>²,</span> <span class='ocrx_word' id='word_1_279' title='bbox 834 1308 980 1339; x_wconf 88' lang='lat' dir='ltr'>tamen</span> <span class='ocrx_word' id='word_1_280' title='bbox 991 1301 1141 1351; x_wconf 83' lang='lat' dir='ltr'>quando</span> <span class='ocrx_word' id='word_1_281' title='bbox 1160 1302 1311 1350; x_wconf 86' lang='lat' dir='ltr'>suerint</span> <span class='ocrx_word' id='word_1_282' title='bbox 1341 1302 1395 1339; x_wconf 92' lang='lat' dir='ltr'>in-</span> 
     </span>
     <span class='ocr_line' id='line_1_38' title="bbox 335 1354 1394 1403; baseline -0.003 -9"><span class='ocrx_word' id='word_1_283' title='bbox 335 1354 483 1398; x_wconf 77' lang='lat' dir='ltr'>stitutae</span> <span class='ocrx_word' id='word_1_284' title='bbox 508 1360 546 1391; x_wconf 85' lang='lat' dir='ltr'>et</span> <span class='ocrx_word' id='word_1_285' title='bbox 558 1355 756 1402; x_wconf 85' lang='lat' dir='ltr'>firmatae,</span> <span class='ocrx_word' id='word_1_286' title='bbox 780 1366 855 1392; x_wconf 89' lang='lat' dir='ltr'>non</span> <span class='ocrx_word' id='word_1_287' title='bbox 885 1354 1007 1392; x_wconf 82' lang='lat' dir='ltr'>licebit</span> <span class='ocrx_word' id='word_1_288' title='bbox 1030 1354 1078 1392; x_wconf 83' lang='lat' dir='ltr'>de</span> <span class='ocrx_word' id='word_1_289' title='bbox 1103 1354 1190 1403; x_wconf 81' lang='lat' dir='ltr'>ipsis</span> <span class='ocrx_word' id='word_1_290' title='bbox 1217 1354 1394 1400; x_wconf 80' lang='lat' dir='ltr'>iudicare,</span> 
     </span>
     <span class='ocr_line' id='line_1_39' title="bbox 336 1407 1397 1459; baseline -0.001 -14"><span class='ocrx_word' id='word_1_291' title='bbox 336 1407 403 1445; x_wconf 74' lang='lat' dir='ltr'>sed</span> <span class='ocrx_word' id='word_1_292' title='bbox 426 1408 631 1445; x_wconf 80' lang='lat' dir='ltr'>secundum</span> <span class='ocrx_word' id='word_1_293' title='bbox 659 1407 769 1455; x_wconf 78' lang='lat' dir='ltr'>ipsas,</span> <span class='ocrx_word' id='word_1_294' title='bbox 799 1407 876 1444; x_wconf 89' lang='lat' dir='ltr'>Sed</span> <span class='ocrx_word' id='word_1_295' title='bbox 905 1408 935 1444; x_wconf 92' lang='lat' dir='ltr'>si</span> <span class='ocrx_word' id='word_1_296' title='bbox 963 1407 1100 1459; x_wconf 74' lang='lat' dir='ltr'>aliquis</span> <span class='ocrx_word' id='word_1_297' title='bbox 1125 1407 1397 1459; x_wconf 81' lang='lat' dir='ltr'>praetermittat</span> 
     </span>
     <span class='ocr_line' id='line_1_40' title="bbox 334 1459 1396 1508; baseline -0.002 -10"><span class='ocrx_word' id='word_1_298' title='bbox 334 1459 457 1499; x_wconf 66' lang='lat' dir='ltr'>verba</span> <span class='ocrx_word' id='word_1_299' title='bbox 473 1459 577 1508; x_wconf 87' lang='lat' dir='ltr'>legis,</span> <span class='ocrx_word' id='word_1_300' title='bbox 598 1459 726 1497; x_wconf 88' lang='lat' dir='ltr'>dicens</span> <span class='ocrx_word' id='word_1_301' title='bbox 754 1471 794 1496; x_wconf 89' lang='lat' dir='ltr'>se</span> <span class='ocrx_word' id='word_1_302' title='bbox 814 1460 1062 1498; x_wconf 87' lang='lat' dir='ltr'>intentionem</span> <span class='ocrx_word' id='word_1_303' title='bbox 1082 1460 1302 1508; x_wconf 69' lang='lat' dir='ltr'>legislatoris</span> <span class='ocrx_word' id='word_1_304' title='bbox 1321 1472 1396 1497; x_wconf 92' lang='lat' dir='ltr'>ser—</span> 
     </span>
    </p>
   </div>
   <div class='ocr_carea' id='block_1_25' title="bbox 203 1510 1396 1562">
    <p class='ocr_par' dir='ltr' id='par_1_26' title="bbox 203 1507 1396 1562">
     <span class='ocr_line' id='line_1_41' title="bbox 203 1510 1396 1562; baseline -0.004 -8"><span class='ocrx_word' id='word_1_305' title='bbox 203 1513 246 1555; x_wconf 55' lang='lat' dir='ltr'>s?</span> <span class='ocrx_word' id='word_1_306' title='bbox 334 1510 440 1560; x_wconf 37' lang='lat' dir='ltr'>trare,</span> <span class='ocrx_word' id='word_1_307' title='bbox 459 1512 611 1550; x_wconf 81' lang='lat' dir='ltr'>videtur</span> <span class='ocrx_word' id='word_1_308' title='bbox 628 1512 805 1557; x_wconf 40' lang='lat' dir='ltr'>,iudicare</span> <span class='ocrx_word' id='word_1_309' title='bbox 830 1513 877 1550; x_wconf 93' lang='lat' dir='ltr'>de</span> <span class='ocrx_word' id='word_1_310' title='bbox 906 1514 999 1561; x_wconf 85' lang='lat' dir='ltr'>lege.</span> <span class='ocrx_word' id='word_1_311' title='bbox 1021 1514 1123 1562; x_wconf 85' lang='lat' dir='ltr'>Ergo</span> <span class='ocrx_word' id='word_1_312' title='bbox 1150 1512 1229 1550; x_wconf 78' lang='lat' dir='ltr'>non</span> <span class='ocrx_word' id='word_1_313' title='bbox 1253 1513 1339 1550; x_wconf 90' lang='lat' dir='ltr'>licet</span> <span class='ocrx_word' id='word_1_314' title='bbox 1363 1513 1396 1549; x_wconf 90' lang='lat' dir='ltr'>ei</span> 
     </span>
    </p>
   </div>
   <div class='ocr_carea' id='block_1_26' title="bbox 98 2098 234 2130">
    <p class='ocr_par' dir='ltr' id='par_1_27' title="bbox 98 2098 234 2130">
     <span class='ocr_line' id='line_1_42' title="bbox 98 2098 234 2130; baseline -0.007 -7"><span class='ocrx_word' id='word_1_315' title='bbox 98 2098 112 2112; x_wconf 69' lang='lat'>⁸</span> <span class='ocrx_word' id='word_1_316' title='bbox 124 2098 192 2123; x_wconf 67' lang='lat' dir='ltr'>Vm.</span> <span class='ocrx_word' id='word_1_317' title='bbox 205 2106 234 2130; x_wconf 82' lang='lat'>¹5·</span> 
     </span>
    </p>
   </div>
   <div class='ocr_carea' id='block_1_27' title="bbox 98 2363 242 2392">
    <p class='ocr_par' dir='ltr' id='par_1_28' title="bbox 98 2363 242 2392">
     <span class='ocr_line' id='line_1_43' title="bbox 98 2363 242 2392; baseline 0 -4"><span class='ocrx_word' id='word_1_318' title='bbox 98 2363 242 2392; x_wconf 68' lang='lat' dir='ltr'>‘Nun-14.</span> 
     </span>
    </p>
   </div>
   <div class='ocr_carea' id='block_1_28' title="bbox 97 2839 310 2920">
    <p class='ocr_par' dir='ltr' id='par_1_29' title="bbox 97 2839 310 2920">
     <span class='ocr_line' id='line_1_44' title="bbox 99 2839 310 2867; baseline 0 -6"><span class='ocrx_word' id='word_1_319' title='bbox 99 2839 176 2861; x_wconf 74' lang='lat' dir='ltr'>·ub.</span> <span class='ocrx_word' id='word_1_320' title='bbox 191 2839 203 2861; x_wconf 90' lang='lat'>1</span> <span class='ocrx_word' id='word_1_321' title='bbox 222 2839 259 2867; x_wconf 72' lang='lat' dir='ltr'>ff„</span> <span class='ocrx_word' id='word_1_322' title='bbox 280 2839 310 2861; x_wconf 71' lang='lat' dir='ltr'>ae</span> 
     </span>
     <span class='ocr_line' id='line_1_45' title="bbox 97 2855 310 2920; baseline 0 -6"><span class='ocrx_word' id='word_1_323' title='bbox 97 2855 310 2920; x_wconf 52' lang='grc' dir='ltr'>(ὡῖεξίειδωωιῖη</span> 
     </span>
    </p>
   </div>
   <div class='ocr_carea' id='block_1_29' title="bbox 333 1563 1398 2090">
    <p class='ocr_par' dir='ltr' id='par_1_30' title="bbox 333 1563 1397 1666">
     <span class='ocr_line' id='line_1_46' title="bbox 333 1563 1397 1614; baseline 0 -12"><span class='ocrx_word' id='word_1_324' title='bbox 333 1563 412 1614; x_wconf 60' lang='lat' dir='ltr'>&#39;qui</span> <span class='ocrx_word' id='word_1_325' title='bbox 430 1565 603 1603; x_wconf 91' lang='lat' dir='ltr'>subditur</span> <span class='ocrx_word' id='word_1_326' title='bbox 621 1565 705 1613; x_wconf 88' lang='lat' dir='ltr'>legi,</span> <span class='ocrx_word' id='word_1_327' title='bbox 725 1572 766 1603; x_wconf 91' lang='lat' dir='ltr'>ut</span> <span class='ocrx_word' id='word_1_328' title='bbox 792 1566 1066 1614; x_wconf 83' lang='lat' dir='ltr'>praetermittat</span> <span class='ocrx_word' id='word_1_329' title='bbox 1087 1567 1206 1604; x_wconf 88' lang='lat' dir='ltr'>verba</span> <span class='ocrx_word' id='word_1_330' title='bbox 1232 1565 1335 1614; x_wconf 91' lang='lat' dir='ltr'>legis,</span> <span class='ocrx_word' id='word_1_331' title='bbox 1357 1573 1397 1602; x_wconf 91' lang='lat' dir='ltr'>ut</span> 
     </span>
     <span class='ocr_line' id='line_1_47' title="bbox 336 1615 998 1666; baseline 0.003 -12"><span class='ocrx_word' id='word_1_332' title='bbox 336 1615 587 1656; x_wconf 88' lang='lat' dir='ltr'>intentionem</span> <span class='ocrx_word' id='word_1_333' title='bbox 614 1618 834 1666; x_wconf 87' lang='lat' dir='ltr'>legislatoris</span> <span class='ocrx_word' id='word_1_334' title='bbox 862 1626 998 1656; x_wconf 89' lang='lat' dir='ltr'>servet.</span> 
     </span>
    </p>

    <p class='ocr_par' dir='ltr' id='par_1_31' title="bbox 337 1671 1396 1931">
     <span class='ocr_line' id='line_1_48' title="bbox 393 1671 1396 1720; baseline 0 -12"><span class='ocrx_word' id='word_1_335' title='bbox 393 1682 428 1708; x_wconf 89' lang='lat'>2.</span> <span class='ocrx_word' id='word_1_336' title='bbox 449 1672 682 1718; x_wconf 72' lang='lat' dir='ltr'>PRAETEREA,</span> <span class='ocrx_word' id='word_1_337' title='bbox 703 1671 751 1708; x_wconf 91' lang='lat' dir='ltr'>ad</span> <span class='ocrx_word' id='word_1_338' title='bbox 774 1684 863 1708; x_wconf 91' lang='lat' dir='ltr'>eum</span> <span class='ocrx_word' id='word_1_339' title='bbox 893 1673 1016 1708; x_wconf 89' lang='lat' dir='ltr'>solum</span> <span class='ocrx_word' id='word_1_340' title='bbox 1034 1671 1196 1720; x_wconf 80' lang='lat' dir='ltr'>pertinet</span> <span class='ocrx_word' id='word_1_341' title='bbox 1223 1672 1324 1719; x_wconf 92' lang='lat' dir='ltr'>leges</span> <span class='ocrx_word' id='word_1_342' title='bbox 1343 1671 1396 1707; x_wconf 90' lang='lat' dir='ltr'>in-</span> 
     </span>
     <span class='ocr_line' id='line_1_49' title="bbox 337 1723 1396 1772; baseline -0.001 -11"><span class='ocrx_word' id='word_1_343' title='bbox 337 1724 545 1772; x_wconf 83' lang='lat' dir='ltr'>terpretari,</span> <span class='ocrx_word' id='word_1_344' title='bbox 562 1724 668 1761; x_wconf 91' lang='lat' dir='ltr'>cuius</span> <span class='ocrx_word' id='word_1_345' title='bbox 690 1731 745 1761; x_wconf 91' lang='lat' dir='ltr'>est</span> <span class='ocrx_word' id='word_1_346' title='bbox 761 1724 926 1761; x_wconf 89' lang='lat' dir='ltr'>condere</span> <span class='ocrx_word' id='word_1_347' title='bbox 942 1725 1053 1772; x_wconf 88' lang='lat' dir='ltr'>leges.</span> <span class='ocrx_word' id='word_1_348' title='bbox 1072 1723 1148 1761; x_wconf 92' lang='lat' dir='ltr'>Sed</span> <span class='ocrx_word' id='word_1_349' title='bbox 1162 1724 1365 1761; x_wconf 90' lang='lat' dir='ltr'>hominum</span> <span class='ocrx_word' id='word_1_350' title='bbox 1382 1723 1396 1753; x_wconf 76' lang='grc' dir='ltr'>β</span> 
     </span>
     <span class='ocr_line' id='line_1_50' title="bbox 338 1777 1397 1825; baseline -0.001 -11"><span class='ocrx_word' id='word_1_351' title='bbox 338 1777 578 1814; x_wconf 86' lang='lat' dir='ltr'>subditorum</span> <span class='ocrx_word' id='word_1_352' title='bbox 606 1777 678 1825; x_wconf 91' lang='lat' dir='ltr'>legi</span> <span class='ocrx_word' id='word_1_353' title='bbox 701 1788 780 1813; x_wconf 91' lang='lat' dir='ltr'>non</span> <span class='ocrx_word' id='word_1_354' title='bbox 810 1785 864 1813; x_wconf 92' lang='lat' dir='ltr'>est</span> <span class='ocrx_word' id='word_1_355' title='bbox 892 1778 993 1825; x_wconf 87' lang='lat' dir='ltr'>leges</span> <span class='ocrx_word' id='word_1_356' title='bbox 1013 1777 1189 1814; x_wconf 90' lang='lat' dir='ltr'>condere.</span> <span class='ocrx_word' id='word_1_357' title='bbox 1210 1778 1312 1825; x_wconf 90' lang='lat' dir='ltr'>Ergo</span> <span class='ocrx_word' id='word_1_358' title='bbox 1334 1789 1397 1813; x_wconf 91' lang='lat' dir='ltr'>eo-</span> 
     </span>
     <span class='ocr_line' id='line_1_51' title="bbox 338 1830 1395 1878; baseline 0 -12"><span class='ocrx_word' id='word_1_359' title='bbox 338 1842 425 1867; x_wconf 88' lang='lat' dir='ltr'>rum</span> <span class='ocrx_word' id='word_1_360' title='bbox 453 1842 531 1867; x_wconf 88' lang='lat' dir='ltr'>non</span> <span class='ocrx_word' id='word_1_361' title='bbox 553 1837 607 1866; x_wconf 87' lang='lat' dir='ltr'>est</span> <span class='ocrx_word' id='word_1_362' title='bbox 635 1830 868 1878; x_wconf 89' lang='lat' dir='ltr'>interpretari</span> <span class='ocrx_word' id='word_1_363' title='bbox 890 1830 1108 1878; x_wconf 85' lang='lat' dir='ltr'>legislatoris</span> <span class='ocrx_word' id='word_1_364' title='bbox 1136 1830 1395 1876; x_wconf 89' lang='lat' dir='ltr'>intentionem,</span> 
     </span>
     <span class='ocr_line' id='line_1_52' title="bbox 338 1882 1396 1931; baseline 0.001 -12"><span class='ocrx_word' id='word_1_365' title='bbox 338 1883 406 1919; x_wconf 90' lang='lat' dir='ltr'>sed</span> <span class='ocrx_word' id='word_1_366' title='bbox 435 1895 588 1931; x_wconf 89' lang='lat' dir='ltr'>semper</span> <span class='ocrx_word' id='word_1_367' title='bbox 606 1883 818 1920; x_wconf 89' lang='lat' dir='ltr'>secundum</span> <span class='ocrx_word' id='word_1_368' title='bbox 846 1883 964 1919; x_wconf 89' lang='lat' dir='ltr'>verba</span> <span class='ocrx_word' id='word_1_369' title='bbox 988 1882 1078 1930; x_wconf 88' lang='lat' dir='ltr'>legis</span> <span class='ocrx_word' id='word_1_370' title='bbox 1106 1895 1215 1931; x_wconf 89' lang='lat' dir='ltr'>agere</span> <span class='ocrx_word' id='word_1_371' title='bbox 1245 1883 1396 1920; x_wconf 90' lang='lat' dir='ltr'>debent.</span> 
     </span>
    </p>

    <p class='ocr_par' dir='ltr' id='par_1_32' title="bbox 337 1935 1398 2090">
     <span class='ocr_line' id='line_1_53' title="bbox 394 1935 1397 1984; baseline 0.001 -12"><span class='ocrx_word' id='word_1_372' title='bbox 394 1936 428 1972; x_wconf 90' lang='lat'>3.</span> <span class='ocrx_word' id='word_1_373' title='bbox 450 1937 682 1983; x_wconf 73' lang='lat' dir='ltr'>PRAETEREA,</span> <span class='ocrx_word' id='word_1_374' title='bbox 703 1935 828 1972; x_wconf 90' lang='lat' dir='ltr'>omnis</span> <span class='ocrx_word' id='word_1_375' title='bbox 848 1935 998 1984; x_wconf 90' lang='lat' dir='ltr'>sapiens</span> <span class='ocrx_word' id='word_1_376' title='bbox 1017 1935 1264 1972; x_wconf 89' lang='lat' dir='ltr'>intentionem</span> <span class='ocrx_word' id='word_1_377' title='bbox 1288 1949 1397 1973; x_wconf 90' lang='lat' dir='ltr'>suam</span> 
     </span>
     <span class='ocr_line' id='line_1_54' title="bbox 337 1988 1397 2038; baseline -0.001 -12"><span class='ocrx_word' id='word_1_378' title='bbox 337 1988 465 2026; x_wconf 88' lang='lat' dir='ltr'>verbis</span> <span class='ocrx_word' id='word_1_379' title='bbox 493 1989 601 2026; x_wconf 87' lang='lat' dir='ltr'>novit</span> <span class='ocrx_word' id='word_1_380' title='bbox 620 1988 817 2038; x_wconf 86' lang='lat' dir='ltr'>explicare.</span> <span class='ocrx_word' id='word_1_381' title='bbox 840 1989 917 2025; x_wconf 90' lang='lat' dir='ltr'>Sed</span> <span class='ocrx_word' id='word_1_382' title='bbox 944 1988 994 2024; x_wconf 91' lang='lat' dir='ltr'>illi</span> <span class='ocrx_word' id='word_1_383' title='bbox 1015 1989 1080 2036; x_wconf 92' lang='lat' dir='ltr'>qui</span> <span class='ocrx_word' id='word_1_384' title='bbox 1099 1989 1199 2037; x_wconf 90' lang='lat' dir='ltr'>leges</span> <span class='ocrx_word' id='word_1_385' title='bbox 1220 1989 1397 2026; x_wconf 88' lang='lat' dir='ltr'>condide-</span> 
     </span>
     <span class='ocr_line' id='line_1_55' title="bbox 338 2041 1398 2090; baseline 0 -12"><span class='ocrx_word' id='word_1_386' title='bbox 338 2049 441 2088; x_wconf 86' lang='lat' dir='ltr'>runt,</span> <span class='ocrx_word' id='word_1_387' title='bbox 472 2042 637 2090; x_wconf 87' lang='lat' dir='ltr'>reputari</span> <span class='ocrx_word' id='word_1_388' title='bbox 674 2041 814 2078; x_wconf 90' lang='lat' dir='ltr'>debent</span> <span class='ocrx_word' id='word_1_389' title='bbox 842 2041 1049 2090; x_wconf 80' lang='lat' dir='ltr'>sapientes:</span> <span class='ocrx_word' id='word_1_390' title='bbox 1080 2041 1167 2079; x_wconf 88' lang='lat' dir='ltr'>dicit</span> <span class='ocrx_word' id='word_1_391' title='bbox 1195 2041 1297 2078; x_wconf 91' lang='lat' dir='ltr'>enim</span> <span class='ocrx_word' id='word_1_392' title='bbox 1332 2043 1398 2079; x_wconf 89' lang='lat' dir='ltr'>Sa-</span> 
     </span>
    </p>
   </div>
   <div class='ocr_carea' id='block_1_30' title="bbox 285 2093 1403 2144">
    <p class='ocr_par' dir='ltr' id='par_1_33' title="bbox 285 2093 1403 2144">
     <span class='ocr_line' id='line_1_56' title="bbox 285 2093 1403 2144; baseline 0.002 -14"><span class='ocrx_word' id='word_1_393' title='bbox 285 2103 288 2106; x_wconf 87' lang='grc'><em>·</em></span> <span class='ocrx_word' id='word_1_394' title='bbox 337 2094 491 2143; x_wconf 90' lang='lat' dir='ltr'>pientia,</span> <span class='ocrx_word' id='word_1_395' title='bbox 518 2095 631 2132; x_wconf 85' lang='lat' dir='ltr'>Prov.</span> <span class='ocrx_word' id='word_1_396' title='bbox 666 2106 726 2131; x_wconf 81' lang='lat' dir='ltr'>viu</span> <span class='ocrx_word' id='word_1_397' title='bbox 754 2093 795 2130; x_wconf 71' lang='grc' dir='ltr'>*ε</span> <span class='ocrx_word' id='word_1_398' title='bbox 823 2095 897 2131; x_wconf 88' lang='lat' dir='ltr'>Per</span> <span class='ocrx_word' id='word_1_399' title='bbox 928 2106 988 2130; x_wconf 91' lang='lat' dir='ltr'>me</span> <span class='ocrx_word' id='word_1_400' title='bbox 1015 2106 1124 2144; x_wconf 83' lang='lat' dir='ltr'>reges</span> <span class='ocrx_word' id='word_1_401' title='bbox 1156 2101 1336 2144; x_wconf 80' lang='lat' dir='ltr'>regnant,</span> <span class='ocrx_word' id='word_1_402' title='bbox 1366 2101 1403 2132; x_wconf 89' lang='lat' dir='ltr'>et</span> 
     </span>
    </p>
   </div>
   <div class='ocr_carea' id='block_1_31' title="bbox 336 2147 1402 3304">
    <p class='ocr_par' dir='ltr' id='par_1_34' title="bbox 337 2147 1400 2301">
     <span class='ocr_line' id='line_1_57' title="bbox 337 2147 1398 2197; baseline 0.001 -14"><span class='ocrx_word' id='word_1_403' title='bbox 337 2147 466 2197; x_wconf 84' lang='lat' dir='ltr'>legum</span> <span class='ocrx_word' id='word_1_404' title='bbox 485 2148 694 2185; x_wconf 84' lang='lat' dir='ltr'>conditores</span> <span class='ocrx_word' id='word_1_405' title='bbox 722 2147 817 2183; x_wconf 85' lang='lat' dir='ltr'>iusta</span> <span class='ocrx_word' id='word_1_406' title='bbox 837 2148 1050 2184; x_wconf 87' lang='lat' dir='ltr'>decernunt.</span> <span class='ocrx_word' id='word_1_407' title='bbox 1071 2148 1173 2195; x_wconf 88' lang='lat' dir='ltr'>Ergo</span> <span class='ocrx_word' id='word_1_408' title='bbox 1203 2147 1251 2184; x_wconf 91' lang='lat' dir='ltr'>de</span> <span class='ocrx_word' id='word_1_409' title='bbox 1279 2148 1398 2184; x_wconf 90' lang='lat' dir='ltr'>inten-</span> 
     </span>
     <span class='ocr_line' id='line_1_58' title="bbox 337 2199 1400 2249; baseline 0 -12"><span class='ocrx_word' id='word_1_410' title='bbox 337 2199 441 2237; x_wconf 74' lang='lat' dir='ltr'>t10ne</span> <span class='ocrx_word' id='word_1_411' title='bbox 477 2200 695 2249; x_wconf 89' lang='lat' dir='ltr'>legislatoris</span> <span class='ocrx_word' id='word_1_412' title='bbox 718 2211 811 2247; x_wconf 22' lang='lat' dir='ltr'>‘non</span> <span class='ocrx_word' id='word_1_413' title='bbox 850 2207 904 2236; x_wconf 91' lang='lat' dir='ltr'>est</span> <span class='ocrx_word' id='word_1_414' title='bbox 943 2199 1189 2237; x_wconf 91' lang='lat' dir='ltr'>iudicandum</span> <span class='ocrx_word' id='word_1_415' title='bbox 1227 2201 1298 2238; x_wconf 91' lang='lat' dir='ltr'>nisi</span> <span class='ocrx_word' id='word_1_416' title='bbox 1332 2214 1400 2249; x_wconf 89' lang='lat' dir='ltr'>per</span> 
     </span>
     <span class='ocr_line' id='line_1_59' title="bbox 337 2253 586 2301; baseline 0 -11"><span class='ocrx_word' id='word_1_417' title='bbox 337 2253 456 2290; x_wconf 84' lang='lat' dir='ltr'>verba</span> <span class='ocrx_word' id='word_1_418' title='bbox 483 2253 586 2301; x_wconf 88' lang='lat' dir='ltr'>legis.</span> 
     </span>
    </p>

    <p class='ocr_par' dir='ltr' id='par_1_35' title="bbox 336 2305 1402 2619">
     <span class='ocr_line' id='line_1_60' title="bbox 392 2305 1401 2354; baseline 0 -11"><span class='ocrx_word' id='word_1_419' title='bbox 392 2306 467 2343; x_wconf 79' lang='lat' dir='ltr'>SED</span> <span class='ocrx_word' id='word_1_420' title='bbox 496 2312 642 2343; x_wconf 78' lang='lat' dir='ltr'>CONTRA</span> <span class='ocrx_word' id='word_1_421' title='bbox 669 2317 734 2342; x_wconf 82' lang='lat' dir='ltr'>EST</span> <span class='ocrx_word' id='word_1_422' title='bbox 763 2305 867 2354; x_wconf 92' lang='lat' dir='ltr'>quod</span> <span class='ocrx_word' id='word_1_423' title='bbox 896 2305 1058 2342; x_wconf 85' lang='lat' dir='ltr'>Hilarius</span> <span class='ocrx_word' id='word_1_424' title='bbox 1087 2305 1189 2352; x_wconf 88' lang='lat' dir='ltr'>dicit,</span> <span class='ocrx_word' id='word_1_425' title='bbox 1219 2306 1258 2343; x_wconf 91' lang='lat' dir='ltr'>in</span> <span class='ocrx_word' id='word_1_426' title='bbox 1287 2307 1337 2343; x_wconf 94' lang='lat' dir='ltr'>lV</span> <span class='ocrx_word' id='word_1_427' title='bbox 1356 2308 1401 2343; x_wconf 88' lang='lat' dir='ltr'>de</span> 
     </span>
     <span class='ocr_line' id='line_1_61' title="bbox 342 2358 1401 2408; baseline 0 -12"><span class='ocrx_word' id='word_1_428' title='bbox 342 2360 379 2396; x_wconf 90' lang='lat' dir='ltr'><em>T</em></span> <span class='ocrx_word' id='word_1_429' title='bbox 373 2359 446 2395; x_wconf 87' lang='lat' dir='ltr'>rin.</span> <span class='ocrx_word' id='word_1_430' title='bbox 466 2358 506 2396; x_wconf 79' lang='lat' dir='ltr'>*z</span> <span class='ocrx_word' id='word_1_431' title='bbox 536 2358 788 2408; x_wconf 83' lang='lat' dir='ltr'>Intelligentia</span> <span class='ocrx_word' id='word_1_432' title='bbox 821 2359 1005 2395; x_wconf 86' lang='lat' dir='ltr'>dictorum</span> <span class='ocrx_word' id='word_1_433' title='bbox 1032 2370 1082 2394; x_wconf 88' lang='lat' dir='ltr'>ex</span> <span class='ocrx_word' id='word_1_434' title='bbox 1108 2359 1230 2396; x_wconf 83' lang='lat' dir='ltr'>causis</span> <span class='ocrx_word' id='word_1_435' title='bbox 1263 2366 1318 2397; x_wconf 84' lang='lat' dir='ltr'>est</span> <span class='ocrx_word' id='word_1_436' title='bbox 1342 2371 1401 2396; x_wconf 86' lang='lat' dir='ltr'>as-</span> 
     </span>
     <span class='ocr_line' id='line_1_62' title="bbox 336 2411 1402 2459; baseline 0 -10"><span class='ocrx_word' id='word_1_437' title='bbox 336 2413 519 2449; x_wconf 87' lang='lat' dir='ltr'>sumenda</span> <span class='ocrx_word' id='word_1_438' title='bbox 546 2412 710 2448; x_wconf 83' lang='lat' dir='ltr'>dicendi:</span> <span class='ocrx_word' id='word_1_439' title='bbox 739 2411 826 2459; x_wconf 87' lang='lat' dir='ltr'>quia</span> <span class='ocrx_word' id='word_1_440' title='bbox 856 2423 929 2447; x_wconf 90' lang='lat' dir='ltr'>non</span> <span class='ocrx_word' id='word_1_441' title='bbox 958 2411 1124 2447; x_wconf 87' lang='lat' dir='ltr'>sermoni</span> <span class='ocrx_word' id='word_1_442' title='bbox 1150 2423 1225 2458; x_wconf 81' lang='lat' dir='ltr'>res,</span> <span class='ocrx_word' id='word_1_443' title='bbox 1253 2413 1320 2452; x_wconf 83' lang='lat' dir='ltr'>sed</span> <span class='ocrx_word' id='word_1_444' title='bbox 1345 2413 1402 2449; x_wconf 85' lang='lat' dir='ltr'>rei</span> 
     </span>
     <span class='ocr_line' id='line_1_63' title="bbox 337 2461 1399 2512; baseline 0 -10"><span class='ocrx_word' id='word_1_445' title='bbox 337 2466 444 2502; x_wconf 86' lang='lat' dir='ltr'>debet</span> <span class='ocrx_word' id='word_1_446' title='bbox 469 2477 548 2501; x_wconf 85' lang='lat' dir='ltr'>esse</span> <span class='ocrx_word' id='word_1_447' title='bbox 565 2476 689 2502; x_wconf 84' lang='lat' dir='ltr'>sermo</span> <span class='ocrx_word' id='word_1_448' title='bbox 717 2465 912 2500; x_wconf 79' lang='lat' dir='ltr'>subiectus.</span> <span class='ocrx_word' id='word_1_449' title='bbox 934 2464 1036 2511; x_wconf 88' lang='lat' dir='ltr'>Ergo</span> <span class='ocrx_word' id='word_1_450' title='bbox 1057 2464 1177 2512; x_wconf 86' lang='lat' dir='ltr'>magis</span> <span class='ocrx_word' id='word_1_451' title='bbox 1205 2472 1262 2504; x_wconf 84' lang='lat' dir='ltr'>est</span> <span class='ocrx_word' id='word_1_452' title='bbox 1281 2461 1399 2502; x_wconf 53' lang='lat' dir='ltr'>attenss</span> 
     </span>
     <span class='ocr_line' id='line_1_64' title="bbox 339 2516 1398 2566; baseline 0.001 -12"><span class='ocrx_word' id='word_1_453' title='bbox 339 2517 509 2555; x_wconf 90' lang='lat' dir='ltr'>dendum</span> <span class='ocrx_word' id='word_1_454' title='bbox 551 2519 599 2555; x_wconf 87' lang='lat' dir='ltr'>ad</span> <span class='ocrx_word' id='word_1_455' title='bbox 629 2529 784 2554; x_wconf 82' lang='lat' dir='ltr'>causam</span> <span class='ocrx_word' id='word_1_456' title='bbox 823 2529 921 2565; x_wconf 89' lang='lat' dir='ltr'>quae</span> <span class='ocrx_word' id='word_1_457' title='bbox 964 2516 1086 2553; x_wconf 88' lang='lat' dir='ltr'>movit</span> <span class='ocrx_word' id='word_1_458' title='bbox 1121 2517 1372 2564; x_wconf 83' lang='lat' dir='ltr'>legislatorem</span> <span class='ocrx_word' id='word_1_459' title='bbox 1389 2548 1398 2566; x_wconf 91' lang='lat'>,</span> 
     </span>
     <span class='ocr_line' id='line_1_65' title="bbox 338 2570 919 2619; baseline -0.002 -12"><span class='ocrx_word' id='word_1_460' title='bbox 338 2582 455 2619; x_wconf 88' lang='lat' dir='ltr'>quam</span> <span class='ocrx_word' id='word_1_461' title='bbox 484 2570 534 2607; x_wconf 87' lang='lat' dir='ltr'>ad</span> <span class='ocrx_word' id='word_1_462' title='bbox 561 2570 643 2619; x_wconf 93' lang='lat' dir='ltr'>ipsa</span> <span class='ocrx_word' id='word_1_463' title='bbox 670 2570 790 2606; x_wconf 91' lang='lat' dir='ltr'>verba</span> <span class='ocrx_word' id='word_1_464' title='bbox 818 2570 919 2617; x_wconf 89' lang='lat' dir='ltr'>legis.</span> 
     </span>
    </p>

    <p class='ocr_par' dir='ltr' id='par_1_36' title="bbox 336 2622 1400 3304">
     <span class='ocr_line' id='line_1_66' title="bbox 390 2622 1397 2671; baseline 0 -11"><span class='ocrx_word' id='word_1_465' title='bbox 390 2624 617 2660; x_wconf 77' lang='lat' dir='ltr'>RESPONDEO</span> <span class='ocrx_word' id='word_1_466' title='bbox 637 2635 820 2660; x_wconf 81' lang='lat' dir='ltr'>mCENDUM</span> <span class='ocrx_word' id='word_1_467' title='bbox 840 2622 956 2670; x_wconf 92' lang='lat' dir='ltr'>quod,</span> <span class='ocrx_word' id='word_1_468' title='bbox 977 2623 1072 2659; x_wconf 91' lang='lat' dir='ltr'>sicut</span> <span class='ocrx_word' id='word_1_469' title='bbox 1090 2634 1205 2671; x_wconf 88' lang='lat' dir='ltr'>supra</span> <span class='ocrx_word' id='word_1_470' title='bbox 1220 2624 1238 2641; x_wconf 65' lang='lat'>³*</span> <span class='ocrx_word' id='word_1_471' title='bbox 1256 2623 1397 2660; x_wconf 87' lang='lat' dir='ltr'>dictum</span> 
     </span>
     <span class='ocr_line' id='line_1_67' title="bbox 338 2675 1398 2723; baseline 0.001 -11"><span class='ocrx_word' id='word_1_472' title='bbox 338 2683 407 2723; x_wconf 90' lang='lat' dir='ltr'>est,</span> <span class='ocrx_word' id='word_1_473' title='bbox 424 2676 548 2712; x_wconf 91' lang='lat' dir='ltr'>omnis</span> <span class='ocrx_word' id='word_1_474' title='bbox 566 2677 626 2712; x_wconf 89' lang='lat' dir='ltr'>lex</span> <span class='ocrx_word' id='word_1_475' title='bbox 646 2675 841 2712; x_wconf 86' lang='lat' dir='ltr'>ordinatur</span> <span class='ocrx_word' id='word_1_476' title='bbox 860 2675 907 2712; x_wconf 89' lang='lat' dir='ltr'>ad</span> <span class='ocrx_word' id='word_1_477' title='bbox 929 2687 1176 2712; x_wconf 90' lang='lat' dir='ltr'>communem</span> <span class='ocrx_word' id='word_1_478' title='bbox 1197 2676 1398 2713; x_wconf 90' lang='lat' dir='ltr'>hominum</span> 
     </span>
     <span class='ocr_line' id='line_1_68' title="bbox 338 2728 1397 2775; baseline 0.001 -10"><span class='ocrx_word' id='word_1_479' title='bbox 338 2728 512 2775; x_wconf 85' lang='lat' dir='ltr'>salutem,</span> <span class='ocrx_word' id='word_1_480' title='bbox 533 2735 570 2765; x_wconf 93' lang='lat' dir='ltr'>et</span> <span class='ocrx_word' id='word_1_481' title='bbox 587 2728 774 2765; x_wconf 87' lang='lat' dir='ltr'>intantum</span> <span class='ocrx_word' id='word_1_482' title='bbox 804 2728 948 2764; x_wconf 90' lang='lat' dir='ltr'>obtinet</span> <span class='ocrx_word' id='word_1_483' title='bbox 966 2728 1045 2765; x_wconf 89' lang='lat' dir='ltr'>vim</span> <span class='ocrx_word' id='word_1_484' title='bbox 1073 2736 1110 2765; x_wconf 91' lang='lat' dir='ltr'>et</span> <span class='ocrx_word' id='word_1_485' title='bbox 1138 2728 1324 2766; x_wconf 86' lang='lat' dir='ltr'>rationem</span> <span class='ocrx_word' id='word_1_486' title='bbox 1347 2730 1397 2765; x_wconf 91' lang='lat' dir='ltr'>le-</span> 
     </span>
     <span class='ocr_line' id='line_1_69' title="bbox 337 2780 1397 2829; baseline 0 -11"><span class='ocrx_word' id='word_1_487' title='bbox 337 2780 414 2828; x_wconf 87' lang='lat' dir='ltr'>gis;</span> <span class='ocrx_word' id='word_1_488' title='bbox 443 2781 653 2826; x_wconf 82' lang='lat' dir='ltr'>secundum</span> <span class='ocrx_word' id='word_1_489' title='bbox 682 2793 776 2817; x_wconf 92' lang='lat' dir='ltr'>vero</span> <span class='ocrx_word' id='word_1_490' title='bbox 806 2781 911 2829; x_wconf 92' lang='lat' dir='ltr'>quod</span> <span class='ocrx_word' id='word_1_491' title='bbox 940 2781 988 2817; x_wconf 91' lang='lat' dir='ltr'>ab</span> <span class='ocrx_word' id='word_1_492' title='bbox 1016 2782 1091 2818; x_wconf 90' lang='lat' dir='ltr'>hoc</span> <span class='ocrx_word' id='word_1_493' title='bbox 1119 2781 1257 2828; x_wconf 86' lang='lat' dir='ltr'>deficit,</span> <span class='ocrx_word' id='word_1_494' title='bbox 1283 2782 1397 2819; x_wconf 89' lang='lat' dir='ltr'>virtu-</span> 
     </span>
     <span class='ocr_line' id='line_1_70' title="bbox 337 2833 1398 2883; baseline 0.001 -13"><span class='ocrx_word' id='word_1_495' title='bbox 337 2841 416 2871; x_wconf 92' lang='lat' dir='ltr'>tem</span> <span class='ocrx_word' id='word_1_496' title='bbox 445 2833 636 2881; x_wconf 88' lang='lat' dir='ltr'>obligandi</span> <span class='ocrx_word' id='word_1_497' title='bbox 666 2845 744 2870; x_wconf 91' lang='lat' dir='ltr'>non</span> <span class='ocrx_word' id='word_1_498' title='bbox 761 2833 888 2870; x_wconf 90' lang='lat' dir='ltr'>habet.</span> <span class='ocrx_word' id='word_1_499' title='bbox 910 2833 1019 2870; x_wconf 91' lang='lat' dir='ltr'>Unde</span> <span class='ocrx_word' id='word_1_500' title='bbox 1050 2833 1286 2883; x_wconf 90' lang='lat' dir='ltr'>lurisperitus</span> <span class='ocrx_word' id='word_1_501' title='bbox 1305 2836 1325 2856; x_wconf 84' lang='grc'>*</span> <span class='ocrx_word' id='word_1_502' title='bbox 1345 2835 1398 2871; x_wconf 92' lang='lat' dir='ltr'>di-</span> 
     </span>
     <span class='ocr_line' id='line_1_71' title="bbox 339 2885 1397 2935; baseline 0.001 -12"><span class='ocrx_word' id='word_1_503' title='bbox 339 2886 386 2923; x_wconf 91' lang='lat' dir='ltr'>cit</span> <span class='ocrx_word' id='word_1_504' title='bbox 422 2887 528 2935; x_wconf 91' lang='lat' dir='ltr'>quod</span> <span class='ocrx_word' id='word_1_505' title='bbox 564 2885 667 2923; x_wconf 88' lang='lat' dir='ltr'>nulla</span> <span class='ocrx_word' id='word_1_506' title='bbox 702 2886 794 2922; x_wconf 88' lang='lat' dir='ltr'>iuris</span> <span class='ocrx_word' id='word_1_507' title='bbox 828 2886 924 2923; x_wconf 87' lang='lat' dir='ltr'>ratio</span> <span class='ocrx_word' id='word_1_508' title='bbox 961 2893 1029 2923; x_wconf 88' lang='lat' dir='ltr'>aut</span> <span class='ocrx_word' id='word_1_509' title='bbox 1065 2887 1260 2935; x_wconf 84' lang='lat' dir='ltr'>aequitatis</span> <span class='ocrx_word' id='word_1_510' title='bbox 1297 2888 1397 2924; x_wconf 83' lang='lat' dir='ltr'>heni-</span> 
     </span>
     <span class='ocr_line' id='line_1_72' title="bbox 336 2938 1397 2989; baseline 0.002 -14"><span class='ocrx_word' id='word_1_511' title='bbox 336 2939 462 2989; x_wconf 79' lang='lat' dir='ltr'>gnitas</span> <span class='ocrx_word' id='word_1_512' title='bbox 492 2939 636 2987; x_wconf 81' lang='lat' dir='ltr'>patitur</span> <span class='ocrx_word' id='word_1_513' title='bbox 670 2944 710 2975; x_wconf 85' lang='lat' dir='ltr'>ut</span> <span class='ocrx_word' id='word_1_514' title='bbox 736 2950 833 2987; x_wconf 83' lang='lat' dir='ltr'>quae</span> <span class='ocrx_word' id='word_1_515' title='bbox 863 2938 1063 2976; x_wconf 86' lang='lat' dir='ltr'>salubriter</span> <span class='ocrx_word' id='word_1_516' title='bbox 1091 2951 1164 2988; x_wconf 86' lang='lat' dir='ltr'>pro</span> <span class='ocrx_word' id='word_1_517' title='bbox 1198 2940 1351 2977; x_wconf 87' lang='lat' dir='ltr'>utilitate</span> <span class='ocrx_word' id='word_1_518' title='bbox 1383 2946 1397 2968; x_wconf 71' lang='grc' dir='ltr'>Υ</span> 
     </span>
     <span class='ocr_line' id='line_1_73' title="bbox 337 2992 1398 3041; baseline 0.001 -13"><span class='ocrx_word' id='word_1_519' title='bbox 337 2992 532 3029; x_wconf 87' lang='lat' dir='ltr'>hominum</span> <span class='ocrx_word' id='word_1_520' title='bbox 560 2992 859 3037; x_wconf 80' lang='lat' dir='ltr'>introducuntur,</span> <span class='ocrx_word' id='word_1_521' title='bbox 878 3003 923 3028; x_wconf 86' lang='lat' dir='ltr'>ea</span> <span class='ocrx_word' id='word_1_522' title='bbox 952 3004 1020 3029; x_wconf 90' lang='lat' dir='ltr'>nos</span> <span class='ocrx_word' id='word_1_523' title='bbox 1046 2993 1195 3029; x_wconf 85' lang='lat' dir='ltr'>duriori</span> <span class='ocrx_word' id='word_1_524' title='bbox 1220 2993 1398 3041; x_wconf 85' lang='lat' dir='ltr'>interpre-</span> 
     </span>
     <span class='ocr_line' id='line_1_74' title="bbox 337 3045 1399 3094; baseline 0.001 -13"><span class='ocrx_word' id='word_1_525' title='bbox 337 3045 486 3091; x_wconf 86' lang='lat' dir='ltr'>tatione,</span> <span class='ocrx_word' id='word_1_526' title='bbox 516 3050 647 3082; x_wconf 88' lang='lat' dir='ltr'>contra</span> <span class='ocrx_word' id='word_1_527' title='bbox 675 3045 842 3092; x_wconf 84' lang='lat' dir='ltr'>ipsorum</span> <span class='ocrx_word' id='word_1_528' title='bbox 869 3045 1120 3091; x_wconf 85' lang='lat' dir='ltr'>commodum,</span> <span class='ocrx_word' id='word_1_529' title='bbox 1144 3046 1399 3094; x_wconf 83' lang='lat' dir='ltr'>perducamus</span> 
     </span>
     <span class='ocr_line' id='line_1_75' title="bbox 337 3096 1397 3157; baseline 0.001 -22"><span class='ocrx_word' id='word_1_530' title='bbox 337 3098 388 3135; x_wconf 85' lang='lat' dir='ltr'>ad</span> <span class='ocrx_word' id='word_1_531' title='bbox 417 3098 662 3135; x_wconf 80' lang='lat' dir='ltr'>severitatem.</span> <span class='ocrx_word' id='word_1_532' title='bbox 693 3096 884 3144; x_wconf 89' lang='lat' dir='ltr'>Contingit</span> <span class='ocrx_word' id='word_1_533' title='bbox 913 3105 1041 3134; x_wconf 89' lang='lat' dir='ltr'>autem</span> <span class='ocrx_word' id='word_1_534' title='bbox 1074 3097 1264 3134; x_wconf 83' lang='lat' dir='ltr'>multoties</span> <span class='ocrx_word' id='word_1_535' title='bbox 1293 3099 1397 3157; x_wconf 83' lang='lat' dir='ltr'>quod</span> 
     </span>
     <span class='ocr_line' id='line_1_76' title="bbox 338 3149 1396 3199; baseline 0.001 -12"><span class='ocrx_word' id='word_1_536' title='bbox 338 3150 480 3199; x_wconf 88' lang='lat' dir='ltr'>aliquid</span> <span class='ocrx_word' id='word_1_537' title='bbox 507 3149 703 3187; x_wconf 90' lang='lat' dir='ltr'>observari</span> <span class='ocrx_word' id='word_1_538' title='bbox 733 3150 928 3187; x_wconf 89' lang='lat' dir='ltr'>communi</span> <span class='ocrx_word' id='word_1_539' title='bbox 957 3150 1066 3187; x_wconf 90' lang='lat' dir='ltr'>saluti</span> <span class='ocrx_word' id='word_1_540' title='bbox 1093 3157 1149 3187; x_wconf 87' lang='lat' dir='ltr'>est</span> <span class='ocrx_word' id='word_1_541' title='bbox 1177 3150 1266 3187; x_wconf 90' lang='lat' dir='ltr'>utile</span> <span class='ocrx_word' id='word_1_542' title='bbox 1294 3158 1336 3188; x_wconf 91' lang='lat' dir='ltr'>ut</span> <span class='ocrx_word' id='word_1_543' title='bbox 1358 3151 1396 3188; x_wconf 89' lang='lat' dir='ltr'>in</span> 
     </span>
     <span class='ocr_line' id='line_1_77' title="bbox 336 3202 1399 3252; baseline 0 -12"><span class='ocrx_word' id='word_1_544' title='bbox 336 3203 520 3252; x_wconf 89' lang='lat' dir='ltr'>pluribus,</span> <span class='ocrx_word' id='word_1_545' title='bbox 541 3203 646 3252; x_wconf 92' lang='lat' dir='ltr'>quod</span> <span class='ocrx_word' id='word_1_546' title='bbox 665 3210 792 3239; x_wconf 90' lang='lat' dir='ltr'>tamen</span> <span class='ocrx_word' id='word_1_547' title='bbox 811 3203 848 3239; x_wconf 90' lang='lat' dir='ltr'>in</span> <span class='ocrx_word' id='word_1_548' title='bbox 869 3202 1054 3250; x_wconf 84' lang='lat' dir='ltr'>aliquibus</span> <span class='ocrx_word' id='word_1_549' title='bbox 1075 3203 1222 3239; x_wconf 86' lang='lat' dir='ltr'>casibus</span> <span class='ocrx_word' id='word_1_550' title='bbox 1244 3211 1299 3240; x_wconf 87' lang='lat' dir='ltr'>est</span> <span class='ocrx_word' id='word_1_551' title='bbox 1319 3216 1399 3240; x_wconf 92' lang='lat' dir='ltr'>ma-</span> 
     </span>
     <span class='ocr_line' id='line_1_78' title="bbox 337 3255 1400 3304; baseline -0.001 -11"><span class='ocrx_word' id='word_1_552' title='bbox 337 3257 437 3294; x_wconf 88' lang='lat' dir='ltr'>xime</span> <span class='ocrx_word' id='word_1_553' title='bbox 467 3256 661 3293; x_wconf 89' lang='lat' dir='ltr'>nocivum.</span> <span class='ocrx_word' id='word_1_554' title='bbox 689 3255 788 3302; x_wconf 89' lang='lat' dir='ltr'>Quia</span> <span class='ocrx_word' id='word_1_555' title='bbox 817 3255 926 3302; x_wconf 88' lang='lat' dir='ltr'>igitur</span> <span class='ocrx_word' id='word_1_556' title='bbox 953 3255 1140 3302; x_wconf 89' lang='lat' dir='ltr'>legislator</span> <span class='ocrx_word' id='word_1_557' title='bbox 1168 3267 1244 3292; x_wconf 89' lang='lat' dir='ltr'>non</span> <span class='ocrx_word' id='word_1_558' title='bbox 1275 3263 1400 3304; x_wconf 90' lang='lat' dir='ltr'>potest</span> 
     </span>
    </p>
   </div>
   <div class='ocr_carea' id='block_1_32' title="bbox 337 3365 1396 3542">
    <p class='ocr_par' dir='ltr' id='par_1_37' title="bbox 337 3365 1396 3435">
     <span class='ocr_line' id='line_1_79' title="bbox 391 3365 1396 3400; baseline -0.002 -9"><span class='ocrx_word' id='word_1_559' title='bbox 391 3367 418 3400; x_wconf 84' lang='grc' dir='ltr'>α)</span> <span class='ocrx_word' id='word_1_560' title='bbox 439 3367 589 3392; x_wconf 82' lang='lat' dir='ltr'>instituunt.</span> <span class='ocrx_word' id='word_1_561' title='bbox 604 3380 620 3384; x_wconf 96' lang='lat'>—</span> <span class='ocrx_word' id='word_1_562' title='bbox 636 3365 800 3390; x_wconf 80' lang='lat' dir='ltr'>instituerint</span> <span class='ocrx_word' id='word_1_563' title='bbox 814 3365 1045 3392; x_wconf 77' lang='lat' dir='ltr'>ABCDEFGHIL;</span> <span class='ocrx_word' id='word_1_564' title='bbox 1065 3373 1110 3397; x_wconf 87' lang='lat' dir='ltr'>pro</span> <span class='ocrx_word' id='word_1_565' title='bbox 1117 3366 1314 3398; x_wconf 83' lang='lat' dir='ltr'>fuerint,fiunt</span> <span class='ocrx_word' id='word_1_566' title='bbox 1327 3366 1396 3390; x_wconf 88' lang='lat' dir='ltr'>CDG</span> 
     </span>
     <span class='ocr_line' id='line_1_80' title="bbox 337 3401 802 3435; baseline -0.004 -8"><span class='ocrx_word' id='word_1_567' title='bbox 337 3402 419 3435; x_wconf 79' lang='lat' dir='ltr'>lpAB.</span> <span class='ocrx_word' id='word_1_568' title='bbox 438 3405 500 3427; x_wconf 86' lang='lat' dir='ltr'>sunt</span> <span class='ocrx_word' id='word_1_569' title='bbox 511 3401 624 3429; x_wconf 78' lang='lat' dir='ltr'>PEFLa,</span> <span class='ocrx_word' id='word_1_570' title='bbox 636 3402 753 3434; x_wconf 80' lang='lat' dir='ltr'>suerunt</span> <span class='ocrx_word' id='word_1_571' title='bbox 772 3401 802 3425; x_wconf 87' lang='lat' dir='ltr'>K.</span> 
     </span>
    </p>

    <p class='ocr_par' dir='ltr' id='par_1_38' title="bbox 391 3436 818 3470">
     <span class='ocr_line' id='line_1_81' title="bbox 391 3436 818 3470; baseline -0.005 -8"><span class='ocrx_word' id='word_1_572' title='bbox 391 3436 406 3470; x_wconf 88' lang='grc' dir='ltr'><strong>β</strong></span> <span class='ocrx_word' id='word_1_573' title='bbox 437 3437 582 3462; x_wconf 79' lang='lat' dir='ltr'>hominum.</span> <span class='ocrx_word' id='word_1_574' title='bbox 599 3450 618 3455; x_wconf 95' lang='lat'>—</span> <span class='ocrx_word' id='word_1_575' title='bbox 635 3436 752 3461; x_wconf 81' lang='lat' dir='ltr'>omnium</span> <span class='ocrx_word' id='word_1_576' title='bbox 772 3436 818 3460; x_wconf 82' lang='lat' dir='ltr'>Pa.</span> 
     </span>
    </p>

    <p class='ocr_par' dir='ltr' id='par_1_39' title="bbox 389 3470 1128 3506">
     <span class='ocr_line' id='line_1_82' title="bbox 389 3470 1128 3506; baseline -0.004 -9"><span class='ocrx_word' id='word_1_577' title='bbox 389 3480 406 3506; x_wconf 83' lang='grc' dir='ltr'><strong>γ</strong></span> <span class='ocrx_word' id='word_1_578' title='bbox 438 3473 560 3497; x_wconf 82' lang='lat' dir='ltr'>utilitate.</span> <span class='ocrx_word' id='word_1_579' title='bbox 579 3485 597 3490; x_wconf 90' lang='lat'>-</span> <span class='ocrx_word' id='word_1_580' title='bbox 615 3472 700 3496; x_wconf 84' lang='lat' dir='ltr'>salute</span> <span class='ocrx_word' id='word_1_581' title='bbox 718 3471 785 3499; x_wconf 79' lang='lat' dir='ltr'>PEa,</span> <span class='ocrx_word' id='word_1_582' title='bbox 805 3471 890 3495; x_wconf 82' lang='lat' dir='ltr'>salute</span> <span class='ocrx_word' id='word_1_583' title='bbox 910 3471 949 3495; x_wconf 76' lang='lat' dir='ltr'>vel</span> <span class='ocrx_word' id='word_1_584' title='bbox 968 3470 1082 3495; x_wconf 78' lang='lat' dir='ltr'>utilitate</span> <span class='ocrx_word' id='word_1_585' title='bbox 1100 3471 1128 3495; x_wconf 76' lang='lat' dir='ltr'>F.</span> 
     </span>
    </p>

    <p class='ocr_par' dir='ltr' id='par_1_40' title="bbox 390 3506 1139 3542">
     <span class='ocr_line' id='line_1_83' title="bbox 390 3506 1139 3542; baseline -0.003 -10"><span class='ocrx_word' id='word_1_586' title='bbox 390 3506 507 3542; x_wconf 11' lang='lat' dir='ltr'>3)wtalis.</span> <span class='ocrx_word' id='word_1_587' title='bbox 524 3522 541 3526; x_wconf 91' lang='lat'>—</span> <span class='ocrx_word' id='word_1_588' title='bbox 561 3508 623 3532; x_wconf 90' lang='lat' dir='ltr'>Om.</span> <span class='ocrx_word' id='word_1_589' title='bbox 643 3507 693 3531; x_wconf 76' lang='lat' dir='ltr'>EF.</span> <span class='ocrx_word' id='word_1_590' title='bbox 713 3521 729 3524; x_wconf 98' lang='lat'>-</span> <span class='ocrx_word' id='word_1_591' title='bbox 749 3506 827 3531; x_wconf 86' lang='lat' dir='ltr'>Iidem</span> <span class='ocrx_word' id='word_1_592' title='bbox 848 3514 894 3538; x_wconf 87' lang='lat' dir='ltr'>pro</span> <span class='ocrx_word' id='word_1_593' title='bbox 913 3506 1001 3534; x_wconf 81' lang='lat' dir='ltr'>saluti,</span> <span class='ocrx_word' id='word_1_594' title='bbox 1022 3506 1139 3530; x_wconf 79' lang='lat' dir='ltr'>utilitati.</span> 
     </span>
    </p>
   </div>
   <div class='ocr_carea' id='block_1_33' title="bbox 1450 1037 2651 2724">
    <p class='ocr_par' dir='ltr' id='par_1_41' title="bbox 1450 1037 2645 1770">
     <span class='ocr_line' id='line_1_84' title="bbox 1451 1037 2505 1088; baseline 0.004 -15"><span class='ocrx_word' id='word_1_595' title='bbox 1451 1048 1586 1073; x_wconf 91' lang='lat' dir='ltr'>omnes</span> <span class='ocrx_word' id='word_1_596' title='bbox 1615 1037 1819 1085; x_wconf 86' lang='lat' dir='ltr'>singulares</span> <span class='ocrx_word' id='word_1_597' title='bbox 1858 1050 1966 1074; x_wconf 87' lang='lat' dir='ltr'>casus</span> <span class='ocrx_word' id='word_1_598' title='bbox 1994 1037 2150 1085; x_wconf 89' lang='lat' dir='ltr'>intueri,</span> <span class='ocrx_word' id='word_1_599' title='bbox 2179 1039 2357 1087; x_wconf 86' lang='lat' dir='ltr'>proponit</span> <span class='ocrx_word' id='word_1_600' title='bbox 2384 1041 2505 1088; x_wconf 88' lang='lat' dir='ltr'>legem</span> 
     </span>
     <span class='ocr_line' id='line_1_85' title="bbox 1451 1089 2507 1139; baseline 0.006 -14"><span class='ocrx_word' id='word_1_601' title='bbox 1451 1089 1663 1126; x_wconf 91' lang='lat' dir='ltr'>secundum</span> <span class='ocrx_word' id='word_1_602' title='bbox 1683 1102 1729 1126; x_wconf 91' lang='lat' dir='ltr'>ea</span> <span class='ocrx_word' id='word_1_603' title='bbox 1757 1102 1854 1138; x_wconf 87' lang='lat' dir='ltr'>quae</span> <span class='ocrx_word' id='word_1_604' title='bbox 1874 1090 1912 1126; x_wconf 93' lang='lat' dir='ltr'>in</span> <span class='ocrx_word' id='word_1_605' title='bbox 1939 1090 2110 1139; x_wconf 90' lang='lat' dir='ltr'>pluribus</span> <span class='ocrx_word' id='word_1_606' title='bbox 2134 1091 2307 1128; x_wconf 86' lang='lat' dir='ltr'>accidunt</span> <span class='ocrx_word' id='word_1_607' title='bbox 2333 1092 2364 1138; x_wconf 69' lang='lat'>²⁸,</span> <span class='ocrx_word' id='word_1_608' title='bbox 2385 1094 2507 1131; x_wconf 82' lang='lat' dir='ltr'>ferens</span> 
     </span>
     <span class='ocr_line' id='line_1_86' title="bbox 1450 1142 2506 1184; baseline 0.006 -6"><span class='ocrx_word' id='word_1_609' title='bbox 1450 1142 1698 1179; x_wconf 90' lang='lat' dir='ltr'>intentionem</span> <span class='ocrx_word' id='word_1_610' title='bbox 1714 1155 1823 1179; x_wconf 89' lang='lat' dir='ltr'>suam</span> <span class='ocrx_word' id='word_1_611' title='bbox 1842 1143 1890 1179; x_wconf 88' lang='lat' dir='ltr'>ad</span> <span class='ocrx_word' id='word_1_612' title='bbox 1911 1155 2157 1180; x_wconf 90' lang='lat' dir='ltr'>communem</span> <span class='ocrx_word' id='word_1_613' title='bbox 2173 1143 2379 1182; x_wconf 87' lang='lat' dir='ltr'>utilitatem.</span> <span class='ocrx_word' id='word_1_614' title='bbox 2396 1147 2506 1184; x_wconf 89' lang='lat' dir='ltr'>Unde</span> 
     </span>
     <span class='ocr_line' id='line_1_87' title="bbox 1451 1195 2645 1247; baseline 0.005 -16"><span class='ocrx_word' id='word_1_615' title='bbox 1451 1195 1480 1231; x_wconf 92' lang='lat' dir='ltr'>si</span> <span class='ocrx_word' id='word_1_616' title='bbox 1510 1203 1676 1243; x_wconf 89' lang='lat' dir='ltr'>emergat</span> <span class='ocrx_word' id='word_1_617' title='bbox 1709 1208 1818 1232; x_wconf 90' lang='lat' dir='ltr'>casus</span> <span class='ocrx_word' id='word_1_618' title='bbox 1848 1196 1886 1232; x_wconf 90' lang='lat' dir='ltr'>in</span> <span class='ocrx_word' id='word_1_619' title='bbox 1913 1208 1990 1244; x_wconf 92' lang='lat' dir='ltr'>quo</span> <span class='ocrx_word' id='word_1_620' title='bbox 2013 1196 2238 1233; x_wconf 74' lang='lat' dir='ltr'>‘observatio</span> <span class='ocrx_word' id='word_1_621' title='bbox 2267 1197 2348 1234; x_wconf 87' lang='lat' dir='ltr'>talis</span> <span class='ocrx_word' id='word_1_622' title='bbox 2376 1196 2389 1219; x_wconf 66' lang='grc' dir='ltr'>δ</span> <span class='ocrx_word' id='word_1_623' title='bbox 2416 1199 2507 1247; x_wconf 88' lang='lat' dir='ltr'>legis</span> <span class='ocrx_word' id='word_1_624' title='bbox 2631 1197 2645 1222; x_wconf 65' lang='grc' dir='ltr'><strong>ὃ</strong></span> 
     </span>
     <span class='ocr_line' id='line_1_88' title="bbox 1451 1247 2505 1297; baseline 0.005 -13"><span class='ocrx_word' id='word_1_625' title='bbox 1451 1247 1496 1284; x_wconf 91' lang='lat' dir='ltr'>sit</span> <span class='ocrx_word' id='word_1_626' title='bbox 1525 1247 1711 1285; x_wconf 89' lang='lat' dir='ltr'>damnosa</span> <span class='ocrx_word' id='word_1_627' title='bbox 1739 1248 1935 1285; x_wconf 84' lang='lat' dir='ltr'>communi</span> <span class='ocrx_word' id='word_1_628' title='bbox 1964 1249 2083 1294; x_wconf 89' lang='lat' dir='ltr'>saluti,</span> <span class='ocrx_word' id='word_1_629' title='bbox 2110 1261 2193 1297; x_wconf 15' lang='lat' dir='ltr'>non*</span> <span class='ocrx_word' id='word_1_630' title='bbox 2217 1258 2272 1286; x_wconf 93' lang='lat' dir='ltr'>est</span> <span class='ocrx_word' id='word_1_631' title='bbox 2301 1251 2505 1290; x_wconf 87' lang='lat' dir='ltr'>observan-</span> 
     </span>
     <span class='ocr_line' id='line_1_89' title="bbox 1452 1300 2506 1342; baseline 0.005 -5"><span class='ocrx_word' id='word_1_632' title='bbox 1452 1300 1500 1336; x_wconf 90' lang='lat' dir='ltr'>da</span> <span class='ocrx_word' id='word_1_633' title='bbox 1532 1300 1563 1337; x_wconf 65' lang='lat'>⁵¹³.</span> <span class='ocrx_word' id='word_1_634' title='bbox 1593 1301 1695 1338; x_wconf 83' lang='lat' dir='ltr'>Siout</span> <span class='ocrx_word' id='word_1_635' title='bbox 1727 1301 1757 1338; x_wconf 91' lang='lat' dir='ltr'>si</span> <span class='ocrx_word' id='word_1_636' title='bbox 1789 1301 1828 1338; x_wconf 91' lang='lat' dir='ltr'>in</span> <span class='ocrx_word' id='word_1_637' title='bbox 1862 1301 2010 1338; x_wconf 89' lang='lat' dir='ltr'>civitate</span> <span class='ocrx_word' id='word_1_638' title='bbox 2043 1302 2199 1338; x_wconf 89' lang='lat' dir='ltr'>obsessa</span> <span class='ocrx_word' id='word_1_639' title='bbox 2235 1310 2417 1341; x_wconf 89' lang='lat' dir='ltr'>statuatur</span> <span class='ocrx_word' id='word_1_640' title='bbox 2446 1305 2506 1342; x_wconf 83' lang='lat' dir='ltr'>lex</span> 
     </span>
     <span class='ocr_line' id='line_1_90' title="bbox 1451 1353 2507 1403; baseline 0.006 -14"><span class='ocrx_word' id='word_1_641' title='bbox 1451 1354 1555 1401; x_wconf 88' lang='lat' dir='ltr'>quod</span> <span class='ocrx_word' id='word_1_642' title='bbox 1582 1361 1715 1402; x_wconf 91' lang='lat' dir='ltr'>portae</span> <span class='ocrx_word' id='word_1_643' title='bbox 1749 1353 1904 1391; x_wconf 88' lang='lat' dir='ltr'>civitatis</span> <span class='ocrx_word' id='word_1_644' title='bbox 1943 1362 2124 1391; x_wconf 88' lang='lat' dir='ltr'>maneant</span> <span class='ocrx_word' id='word_1_645' title='bbox 2151 1355 2321 1403; x_wconf 84' lang='lat' dir='ltr'>clausae,</span> <span class='ocrx_word' id='word_1_646' title='bbox 2349 1358 2424 1393; x_wconf 91' lang='lat' dir='ltr'>hoc</span> <span class='ocrx_word' id='word_1_647' title='bbox 2452 1366 2507 1395; x_wconf 90' lang='lat' dir='ltr'>est</span> 
     </span>
     <span class='ocr_line' id='line_1_91' title="bbox 1450 1405 2506 1456; baseline 0.006 -14"><span class='ocrx_word' id='word_1_648' title='bbox 1450 1405 1539 1442; x_wconf 91' lang='lat' dir='ltr'>utile</span> <span class='ocrx_word' id='word_1_649' title='bbox 1576 1406 1771 1443; x_wconf 90' lang='lat' dir='ltr'>communi</span> <span class='ocrx_word' id='word_1_650' title='bbox 1807 1407 1914 1443; x_wconf 91' lang='lat' dir='ltr'>saluti</span> <span class='ocrx_word' id='word_1_651' title='bbox 1948 1414 1987 1443; x_wconf 94' lang='lat' dir='ltr'>ut</span> <span class='ocrx_word' id='word_1_652' title='bbox 2023 1407 2062 1443; x_wconf 90' lang='lat' dir='ltr'>in</span> <span class='ocrx_word' id='word_1_653' title='bbox 2094 1407 2282 1456; x_wconf 87' lang='lat' dir='ltr'>pluribus:</span> <span class='ocrx_word' id='word_1_654' title='bbox 2316 1409 2346 1445; x_wconf 92' lang='lat' dir='ltr'>si</span> <span class='ocrx_word' id='word_1_655' title='bbox 2377 1417 2506 1448; x_wconf 90' lang='lat' dir='ltr'>tamen</span> 
     </span>
     <span class='ocr_line' id='line_1_92' title="bbox 1452 1459 2506 1511; baseline 0.005 -16"><span class='ocrx_word' id='word_1_656' title='bbox 1452 1459 1642 1507; x_wconf 87' lang='lat' dir='ltr'>contingat</span> <span class='ocrx_word' id='word_1_657' title='bbox 1671 1471 1779 1496; x_wconf 89' lang='lat' dir='ltr'>casus</span> <span class='ocrx_word' id='word_1_658' title='bbox 1808 1460 1914 1507; x_wconf 91' lang='lat' dir='ltr'>quod</span> <span class='ocrx_word' id='word_1_659' title='bbox 1936 1460 2064 1496; x_wconf 90' lang='lat' dir='ltr'>hostes</span> <span class='ocrx_word' id='word_1_660' title='bbox 2088 1460 2334 1508; x_wconf 88' lang='lat' dir='ltr'>insequantur</span> <span class='ocrx_word' id='word_1_661' title='bbox 2361 1463 2506 1511; x_wconf 90' lang='lat' dir='ltr'>aliquos</span> 
     </span>
     <span class='ocr_line' id='line_1_93' title="bbox 1452 1511 2507 1561; baseline 0.005 -13"><span class='ocrx_word' id='word_1_662' title='bbox 1452 1511 1566 1559; x_wconf 88' lang='lat' dir='ltr'>cives,</span> <span class='ocrx_word' id='word_1_663' title='bbox 1590 1524 1659 1561; x_wconf 89' lang='lat' dir='ltr'>per</span> <span class='ocrx_word' id='word_1_664' title='bbox 1688 1524 1784 1560; x_wconf 91' lang='lat' dir='ltr'>quos</span> <span class='ocrx_word' id='word_1_665' title='bbox 1814 1512 1942 1550; x_wconf 88' lang='lat' dir='ltr'>civitas</span> <span class='ocrx_word' id='word_1_666' title='bbox 1971 1520 2237 1560; x_wconf 87' lang='lat' dir='ltr'>conservatur,</span> <span class='ocrx_word' id='word_1_667' title='bbox 2267 1513 2507 1553; x_wconf 86' lang='lat' dir='ltr'>damnosissi-</span> 
     </span>
     <span class='ocr_line' id='line_1_94' title="bbox 1450 1565 2507 1615; baseline 0.005 -15"><span class='ocrx_word' id='word_1_668' title='bbox 1450 1577 1557 1601; x_wconf 89' lang='lat' dir='ltr'>mum</span> <span class='ocrx_word' id='word_1_669' title='bbox 1579 1571 1675 1601; x_wconf 90' lang='lat' dir='ltr'>esset</span> <span class='ocrx_word' id='word_1_670' title='bbox 1702 1565 1840 1602; x_wconf 84' lang='lat' dir='ltr'>civitati</span> <span class='ocrx_word' id='word_1_671' title='bbox 1868 1565 1938 1603; x_wconf 91' lang='lat' dir='ltr'>nisi</span> <span class='ocrx_word' id='word_1_672' title='bbox 1968 1565 2019 1602; x_wconf 90' lang='lat' dir='ltr'>eis</span> <span class='ocrx_word' id='word_1_673' title='bbox 2042 1572 2173 1613; x_wconf 89' lang='lat' dir='ltr'>portae</span> <span class='ocrx_word' id='word_1_674' title='bbox 2199 1566 2451 1615; x_wconf 88' lang='lat' dir='ltr'>aperirentur:</span> <span class='ocrx_word' id='word_1_675' title='bbox 2473 1577 2507 1605; x_wconf 90' lang='lat' dir='ltr'>et</span> 
     </span>
     <span class='ocr_line' id='line_1_95' title="bbox 1451 1617 2507 1678; baseline 0.005 -25"><span class='ocrx_word' id='word_1_676' title='bbox 1451 1617 1565 1654; x_wconf 84' lang='lat' dir='ltr'>ideo&#39;</span> <span class='ocrx_word' id='word_1_677' title='bbox 1558 1630 1597 1654; x_wconf 81' lang='lat' dir='ltr'>in</span> <span class='ocrx_word' id='word_1_678' title='bbox 1625 1617 1687 1654; x_wconf 89' lang='lat' dir='ltr'>tali</span> <span class='ocrx_word' id='word_1_679' title='bbox 1705 1630 1795 1654; x_wconf 89' lang='lat' dir='ltr'>casu</span> <span class='ocrx_word' id='word_1_680' title='bbox 1819 1626 1943 1654; x_wconf 87' lang='lat' dir='ltr'>essent</span> <span class='ocrx_word' id='word_1_681' title='bbox 1961 1625 2092 1666; x_wconf 88' lang='lat' dir='ltr'>portae</span> <span class='ocrx_word' id='word_1_682' title='bbox 2116 1618 2355 1678; x_wconf 79' lang='lat' dir='ltr'>aperiendae,</span> <span class='ocrx_word' id='word_1_683' title='bbox 2377 1629 2507 1658; x_wconf 87' lang='lat' dir='ltr'>contra</span> 
     </span>
     <span class='ocr_line' id='line_1_96' title="bbox 1450 1670 2506 1721; baseline 0.005 -15"><span class='ocrx_word' id='word_1_684' title='bbox 1450 1671 1568 1707; x_wconf 87' lang='lat' dir='ltr'>verba</span> <span class='ocrx_word' id='word_1_685' title='bbox 1587 1670 1689 1718; x_wconf 89' lang='lat' dir='ltr'>legis,</span> <span class='ocrx_word' id='word_1_686' title='bbox 1705 1678 1746 1706; x_wconf 94' lang='lat' dir='ltr'>ut</span> <span class='ocrx_word' id='word_1_687' title='bbox 1766 1679 1978 1708; x_wconf 91' lang='lat' dir='ltr'>servaretur</span> <span class='ocrx_word' id='word_1_688' title='bbox 1996 1670 2132 1707; x_wconf 89' lang='lat' dir='ltr'>utilitas</span> <span class='ocrx_word' id='word_1_689' title='bbox 2149 1673 2374 1720; x_wconf 91' lang='lat' dir='ltr'>communis,</span> <span class='ocrx_word' id='word_1_690' title='bbox 2390 1686 2506 1721; x_wconf 89' lang='lat' dir='ltr'>quam</span> 
     </span>
     <span class='ocr_line' id='line_1_97' title="bbox 1451 1723 1925 1770; baseline 0.002 -11"><span class='ocrx_word' id='word_1_691' title='bbox 1451 1723 1637 1770; x_wconf 89' lang='lat' dir='ltr'>legislator</span> <span class='ocrx_word' id='word_1_692' title='bbox 1665 1723 1831 1760; x_wconf 86' lang='lat' dir='ltr'>intendit.</span> <span class='ocrx_word' id='word_1_693' title='bbox 1903 1736 1925 1744; x_wconf 74' lang='lat'><strong><em>‘</em></strong></span> 
     </span>
    </p>

    <p class='ocr_par' dir='ltr' id='par_1_42' title="bbox 1452 1775 2651 2353">
     <span class='ocr_line' id='line_1_98' title="bbox 1506 1775 2506 1827; baseline 0.004 -15"><span class='ocrx_word' id='word_1_694' title='bbox 1506 1776 1582 1812; x_wconf 88' lang='lat' dir='ltr'>Sed</span> <span class='ocrx_word' id='word_1_695' title='bbox 1609 1784 1737 1812; x_wconf 88' lang='lat' dir='ltr'>tamen</span> <span class='ocrx_word' id='word_1_696' title='bbox 1774 1777 1848 1812; x_wconf 91' lang='lat' dir='ltr'>hoc</span> <span class='ocrx_word' id='word_1_697' title='bbox 1881 1784 1936 1813; x_wconf 91' lang='lat' dir='ltr'>est</span> <span class='ocrx_word' id='word_1_698' title='bbox 1974 1775 2313 1823; x_wconf 88' lang='lat' dir='ltr'>considerandum,</span> <span class='ocrx_word' id='word_1_699' title='bbox 2344 1780 2447 1827; x_wconf 91' lang='lat' dir='ltr'>quod</span> <span class='ocrx_word' id='word_1_700' title='bbox 2477 1780 2506 1816; x_wconf 92' lang='lat' dir='ltr'>si</span> 
     </span>
     <span class='ocr_line' id='line_1_99' title="bbox 1453 1829 2506 1876; baseline 0.004 -12"><span class='ocrx_word' id='word_1_701' title='bbox 1453 1829 1668 1865; x_wconf 90' lang='lat' dir='ltr'>observatio</span> <span class='ocrx_word' id='word_1_702' title='bbox 1696 1829 1786 1876; x_wconf 88' lang='lat' dir='ltr'>legis</span> <span class='ocrx_word' id='word_1_703' title='bbox 1806 1829 2018 1866; x_wconf 90' lang='lat' dir='ltr'>seeundum</span> <span class='ocrx_word' id='word_1_704' title='bbox 2046 1829 2164 1866; x_wconf 89' lang='lat' dir='ltr'>verba</span> <span class='ocrx_word' id='word_1_705' title='bbox 2184 1841 2261 1866; x_wconf 91' lang='lat' dir='ltr'>non</span> <span class='ocrx_word' id='word_1_706' title='bbox 2289 1831 2426 1868; x_wconf 89' lang='lat' dir='ltr'>habeat</span> <span class='ocrx_word' id='word_1_707' title='bbox 2446 1845 2506 1868; x_wconf 91' lang='lat' dir='ltr'>su—</span> 
     </span>
     <span class='ocr_line' id='line_1_100' title="bbox 1453 1881 2508 1930; baseline 0.005 -13"><span class='ocrx_word' id='word_1_708' title='bbox 1453 1881 1571 1917; x_wconf 90' lang='lat' dir='ltr'>bitum</span> <span class='ocrx_word' id='word_1_709' title='bbox 1592 1882 1816 1930; x_wconf 87' lang='lat' dir='ltr'>periculum,</span> <span class='ocrx_word' id='word_1_710' title='bbox 1837 1882 1896 1918; x_wconf 92' lang='lat' dir='ltr'>cui</span> <span class='ocrx_word' id='word_1_711' title='bbox 1917 1889 2089 1930; x_wconf 89' lang='lat' dir='ltr'>oporteat</span> <span class='ocrx_word' id='word_1_712' title='bbox 2108 1881 2232 1918; x_wconf 87' lang='lat' dir='ltr'>statim</span> <span class='ocrx_word' id='word_1_713' title='bbox 2252 1884 2408 1930; x_wconf 87' lang='lat' dir='ltr'>occurri,</span> <span class='ocrx_word' id='word_1_714' title='bbox 2430 1897 2508 1922; x_wconf 89' lang='lat' dir='ltr'>non</span> 
     </span>
     <span class='ocr_line' id='line_1_101' title="bbox 1452 1934 2509 1984; baseline 0.004 -14"><span class='ocrx_word' id='word_1_715' title='bbox 1452 1934 1611 1982; x_wconf 88' lang='lat' dir='ltr'>pertinet</span> <span class='ocrx_word' id='word_1_716' title='bbox 1648 1935 1697 1971; x_wconf 90' lang='lat' dir='ltr'>ad</span> <span class='ocrx_word' id='word_1_717' title='bbox 1725 1935 1932 1983; x_wconf 89' lang='lat' dir='ltr'>quemlibet</span> <span class='ocrx_word' id='word_1_718' title='bbox 1966 1943 2005 1971; x_wconf 91' lang='lat' dir='ltr'>ut</span> <span class='ocrx_word' id='word_1_719' title='bbox 2036 1936 2298 1982; x_wconf 87' lang='lat' dir='ltr'>interpretetur</span> <span class='ocrx_word' id='word_1_720' title='bbox 2335 1937 2426 1984; x_wconf 90' lang='lat' dir='ltr'>quid</span> <span class='ocrx_word' id='word_1_721' title='bbox 2464 1938 2509 1974; x_wconf 91' lang='lat' dir='ltr'>sit</span> 
     </span>
     <span class='ocr_line' id='line_1_102' title="bbox 1454 1986 2645 2039; baseline 0.004 -16"><span class='ocrx_word' id='word_1_722' title='bbox 1454 1987 1539 2023; x_wconf 89' lang='lat' dir='ltr'>utile</span> <span class='ocrx_word' id='word_1_723' title='bbox 1570 1987 1707 2024; x_wconf 89' lang='lat' dir='ltr'>civitati</span> <span class='ocrx_word' id='word_1_724' title='bbox 1729 1995 1765 2024; x_wconf 91' lang='lat' dir='ltr'>et</span> <span class='ocrx_word' id='word_1_725' title='bbox 1783 1988 1874 2035; x_wconf 92' lang='lat' dir='ltr'>quid</span> <span class='ocrx_word' id='word_1_726' title='bbox 1893 1988 2020 2024; x_wconf 89' lang='lat' dir='ltr'>inutile</span> <span class='ocrx_word' id='word_1_727' title='bbox 2044 1994 2076 2024; x_wconf 70' lang='lat'>⁵:</span> <span class='ocrx_word' id='word_1_728' title='bbox 2103 1986 2170 2025; x_wconf 90' lang='lat' dir='ltr'>sed</span> <span class='ocrx_word' id='word_1_729' title='bbox 2190 1990 2263 2025; x_wconf 90' lang='lat' dir='ltr'>hoc</span> <span class='ocrx_word' id='word_1_730' title='bbox 2283 1991 2404 2026; x_wconf 88' lang='lat' dir='ltr'>solum</span> <span class='ocrx_word' id='word_1_731' title='bbox 2424 2003 2507 2039; x_wconf 87' lang='lat' dir='ltr'>per·</span> <span class='ocrx_word' id='word_1_732' title='bbox 2635 1999 2645 2014; x_wconf 61' lang='grc' dir='ltr'><strong>Ε</strong></span> 
     </span>
     <span class='ocr_line' id='line_1_103' title="bbox 1454 2040 2508 2090; baseline 0.004 -14"><span class='ocrx_word' id='word_1_733' title='bbox 1454 2040 1544 2076; x_wconf 89' lang='lat' dir='ltr'>tinet</span> <span class='ocrx_word' id='word_1_734' title='bbox 1573 2041 1621 2077; x_wconf 91' lang='lat' dir='ltr'>ad</span> <span class='ocrx_word' id='word_1_735' title='bbox 1648 2040 1846 2089; x_wconf 85' lang='lat' dir='ltr'>principes,</span> <span class='ocrx_word' id='word_1_736' title='bbox 1876 2041 1939 2088; x_wconf 91' lang='lat' dir='ltr'>qui</span> <span class='ocrx_word' id='word_1_737' title='bbox 1969 2050 2124 2090; x_wconf 89' lang='lat' dir='ltr'>propter</span> <span class='ocrx_word' id='word_1_738' title='bbox 2151 2040 2371 2079; x_wconf 89' lang='lat' dir='ltr'>huiusmodi</span> <span class='ocrx_word' id='word_1_739' title='bbox 2400 2056 2508 2080; x_wconf 91' lang='lat' dir='ltr'>casus</span> 
     </span>
     <span class='ocr_line' id='line_1_104' title="bbox 1455 2093 2508 2143; baseline 0.004 -14"><span class='ocrx_word' id='word_1_740' title='bbox 1455 2094 1595 2130; x_wconf 88' lang='lat' dir='ltr'>habent</span> <span class='ocrx_word' id='word_1_741' title='bbox 1632 2093 1893 2130; x_wconf 87' lang='lat' dir='ltr'>auctoritatem</span> <span class='ocrx_word' id='word_1_742' title='bbox 1926 2094 1964 2130; x_wconf 92' lang='lat' dir='ltr'>in</span> <span class='ocrx_word' id='word_1_743' title='bbox 2001 2094 2145 2142; x_wconf 89' lang='lat' dir='ltr'>legibus</span> <span class='ocrx_word' id='word_1_744' title='bbox 2184 2095 2437 2143; x_wconf 89' lang='lat' dir='ltr'>dispensandi.</span> <span class='ocrx_word' id='word_1_745' title='bbox 2469 2097 2508 2133; x_wconf 91' lang='lat' dir='ltr'>Si</span> 
     </span>
     <span class='ocr_line' id='line_1_105' title="bbox 1454 2146 2508 2197; baseline 0.004 -15"><span class='ocrx_word' id='word_1_746' title='bbox 1454 2158 1547 2182; x_wconf 90' lang='lat' dir='ltr'>vero</span> <span class='ocrx_word' id='word_1_747' title='bbox 1577 2146 1622 2182; x_wconf 79' lang='lat' dir='ltr'>sit</span> <span class='ocrx_word' id='word_1_748' title='bbox 1650 2146 1816 2182; x_wconf 88' lang='lat' dir='ltr'>subitum</span> <span class='ocrx_word' id='word_1_749' title='bbox 1844 2146 2066 2194; x_wconf 90' lang='lat' dir='ltr'>periculum,</span> <span class='ocrx_word' id='word_1_750' title='bbox 2088 2160 2165 2186; x_wconf 91' lang='lat' dir='ltr'>non</span> <span class='ocrx_word' id='word_1_751' title='bbox 2192 2148 2338 2197; x_wconf 90' lang='lat' dir='ltr'>patiens</span> <span class='ocrx_word' id='word_1_752' title='bbox 2366 2156 2508 2186; x_wconf 88' lang='lat' dir='ltr'>tantam</span> 
     </span>
     <span class='ocr_line' id='line_1_106' title="bbox 1456 2199 2510 2250; baseline 0.004 -16"><span class='ocrx_word' id='word_1_753' title='bbox 1456 2211 1604 2235; x_wconf 89' lang='lat' dir='ltr'>moram</span> <span class='ocrx_word' id='word_1_754' title='bbox 1633 2207 1674 2235; x_wconf 92' lang='lat' dir='ltr'>ut</span> <span class='ocrx_word' id='word_1_755' title='bbox 1697 2200 1745 2235; x_wconf 88' lang='lat' dir='ltr'>ad</span> <span class='ocrx_word' id='word_1_756' title='bbox 1774 2199 2010 2247; x_wconf 89' lang='lat' dir='ltr'>superiorem</span> <span class='ocrx_word' id='word_1_757' title='bbox 2030 2202 2169 2238; x_wconf 89' lang='lat' dir='ltr'>recurri</span> <span class='ocrx_word' id='word_1_758' title='bbox 2196 2201 2326 2249; x_wconf 82' lang='lat' dir='ltr'>possit,</span> <span class='ocrx_word' id='word_1_759' title='bbox 2346 2201 2426 2250; x_wconf 90' lang='lat' dir='ltr'>ipsa</span> <span class='ocrx_word' id='word_1_760' title='bbox 2446 2214 2510 2238; x_wconf 92' lang='lat' dir='ltr'>ne-</span> 
     </span>
     <span class='ocr_line' id='line_1_107' title="bbox 1457 2251 2651 2303; baseline 0.004 -16"><span class='ocrx_word' id='word_1_761' title='bbox 1457 2252 1607 2288; x_wconf 89' lang='lat' dir='ltr'>cessitas</span> <span class='ocrx_word' id='word_1_762' title='bbox 1637 2251 1648 2275; x_wconf 60' lang='lat'>&lt;</span> <span class='ocrx_word' id='word_1_763' title='bbox 1677 2251 1995 2300; x_wconf 87' lang='lat' dir='ltr'>dispensationem</span> <span class='ocrx_word' id='word_1_764' title='bbox 2031 2254 2146 2290; x_wconf 90' lang='lat' dir='ltr'>habet</span> <span class='ocrx_word' id='word_1_765' title='bbox 2182 2266 2391 2291; x_wconf 86' lang='lat' dir='ltr'>annexam:</span> <span class='ocrx_word' id='word_1_766' title='bbox 2421 2255 2510 2303; x_wconf 89' lang='lat' dir='ltr'>quia</span> <span class='ocrx_word' id='word_1_767' title='bbox 2636 2252 2651 2280; x_wconf 65' lang='grc' dir='ltr'>ζ</span> 
     </span>
     <span class='ocr_line' id='line_1_108' title="bbox 1455 2304 2073 2353; baseline 0.003 -13"><span class='ocrx_word' id='word_1_768' title='bbox 1455 2304 1656 2341; x_wconf 85' lang='lat' dir='ltr'>necessitas</span> <span class='ocrx_word' id='word_1_769' title='bbox 1684 2317 1762 2341; x_wconf 93' lang='lat' dir='ltr'>non</span> <span class='ocrx_word' id='word_1_770' title='bbox 1791 2304 1964 2342; x_wconf 89' lang='lat' dir='ltr'>subditur</span> <span class='ocrx_word' id='word_1_771' title='bbox 1990 2306 2073 2353; x_wconf 85' lang='lat' dir='ltr'>legi.</span> 
     </span>
    </p>

    <p class='ocr_par' dir='ltr' id='par_1_43' title="bbox 1453 2359 2510 2563">
     <span class='ocr_line' id='line_1_109' title="bbox 1508 2359 2509 2408; baseline 0.003 -15"><span class='ocrx_word' id='word_1_772' title='bbox 1508 2359 1566 2394; x_wconf 85' lang='lat' dir='ltr'>AD</span> <span class='ocrx_word' id='word_1_773' title='bbox 1591 2369 1726 2394; x_wconf 81' lang='lat' dir='ltr'>PRIMUM</span> <span class='ocrx_word' id='word_1_774' title='bbox 1746 2369 1844 2394; x_wconf 79' lang='lat' dir='ltr'>ERGO</span> <span class='ocrx_word' id='word_1_775' title='bbox 1863 2370 2047 2395; x_wconf 80' lang='lat' dir='ltr'>DiCENDuM</span> <span class='ocrx_word' id='word_1_776' title='bbox 2067 2360 2171 2407; x_wconf 86' lang='lat' dir='ltr'>quod</span> <span class='ocrx_word' id='word_1_777' title='bbox 2200 2359 2259 2396; x_wconf 93' lang='lat' dir='ltr'>ille</span> <span class='ocrx_word' id='word_1_778' title='bbox 2279 2359 2343 2408; x_wconf 82' lang='lat' dir='ltr'>qui</span> <span class='ocrx_word' id='word_1_779' title='bbox 2362 2360 2399 2396; x_wconf 90' lang='lat' dir='ltr'>in</span> <span class='ocrx_word' id='word_1_780' title='bbox 2421 2372 2509 2396; x_wconf 89' lang='lat' dir='ltr'>casu</span> 
     </span>
     <span class='ocr_line' id='line_1_110' title="bbox 1455 2410 2510 2460; baseline 0.002 -13"><span class='ocrx_word' id='word_1_781' title='bbox 1455 2410 1684 2448; x_wconf 89' lang='lat' dir='ltr'>necessitatis</span> <span class='ocrx_word' id='word_1_782' title='bbox 1713 2410 1786 2458; x_wconf 86' lang='lat' dir='ltr'>agit</span> <span class='ocrx_word' id='word_1_783' title='bbox 1813 2418 1962 2459; x_wconf 90' lang='lat' dir='ltr'>praeter</span> <span class='ocrx_word' id='word_1_784' title='bbox 1988 2412 2107 2448; x_wconf 88' lang='lat' dir='ltr'>verba</span> <span class='ocrx_word' id='word_1_785' title='bbox 2135 2412 2237 2460; x_wconf 88' lang='lat' dir='ltr'>legis,</span> <span class='ocrx_word' id='word_1_786' title='bbox 2267 2425 2345 2448; x_wconf 91' lang='lat' dir='ltr'>non</span> <span class='ocrx_word' id='word_1_787' title='bbox 2373 2412 2510 2449; x_wconf 90' lang='lat' dir='ltr'>iudicat</span> 
     </span>
     <span class='ocr_line' id='line_1_111' title="bbox 1456 2463 2507 2514; baseline 0.002 -14"><span class='ocrx_word' id='word_1_788' title='bbox 1456 2464 1503 2500; x_wconf 90' lang='lat' dir='ltr'>de</span> <span class='ocrx_word' id='word_1_789' title='bbox 1521 2463 1605 2512; x_wconf 91' lang='lat' dir='ltr'>ipsa</span> <span class='ocrx_word' id='word_1_790' title='bbox 1623 2464 1722 2511; x_wconf 88' lang='lat' dir='ltr'>lege:</span> <span class='ocrx_word' id='word_1_791' title='bbox 1745 2464 1811 2500; x_wconf 91' lang='lat' dir='ltr'>sed</span> <span class='ocrx_word' id='word_1_792' title='bbox 1830 2463 1970 2500; x_wconf 90' lang='lat' dir='ltr'>iudicat</span> <span class='ocrx_word' id='word_1_793' title='bbox 1989 2464 2037 2500; x_wconf 91' lang='lat' dir='ltr'>de</span> <span class='ocrx_word' id='word_1_794' title='bbox 2058 2477 2146 2501; x_wconf 89' lang='lat' dir='ltr'>casu</span> <span class='ocrx_word' id='word_1_795' title='bbox 2166 2465 2353 2512; x_wconf 84' lang='lat' dir='ltr'>singulari,</span> <span class='ocrx_word' id='word_1_796' title='bbox 2374 2465 2411 2502; x_wconf 92' lang='lat' dir='ltr'>in</span> <span class='ocrx_word' id='word_1_797' title='bbox 2431 2478 2507 2514; x_wconf 93' lang='lat' dir='ltr'>quo</span> 
     </span>
     <span class='ocr_line' id='line_1_112' title="bbox 1453 2516 2318 2563; baseline 0.002 -11"><span class='ocrx_word' id='word_1_798' title='bbox 1453 2517 1558 2553; x_wconf 91' lang='lat' dir='ltr'>videt</span> <span class='ocrx_word' id='word_1_799' title='bbox 1583 2516 1703 2552; x_wconf 85' lang='lat' dir='ltr'>verba</span> <span class='ocrx_word' id='word_1_800' title='bbox 1731 2516 1821 2563; x_wconf 92' lang='lat' dir='ltr'>legis</span> <span class='ocrx_word' id='word_1_801' title='bbox 1849 2517 2089 2554; x_wconf 87' lang='lat' dir='ltr'>observanda</span> <span class='ocrx_word' id='word_1_802' title='bbox 2118 2530 2195 2554; x_wconf 89' lang='lat' dir='ltr'>non</span> <span class='ocrx_word' id='word_1_803' title='bbox 2225 2530 2318 2554; x_wconf 88' lang='lat' dir='ltr'>esse.</span> 
     </span>
    </p>

    <p class='ocr_par' dir='ltr' id='par_1_44' title="bbox 1454 2570 2509 2724">
     <span class='ocr_line' id='line_1_113' title="bbox 1507 2570 2508 2619; baseline 0.002 -14"><span class='ocrx_word' id='word_1_804' title='bbox 1507 2571 1564 2605; x_wconf 83' lang='lat' dir='ltr'>AD</span> <span class='ocrx_word' id='word_1_805' title='bbox 1593 2581 1782 2606; x_wconf 77' lang='lat' dir='ltr'>SECUNDUM</span> <span class='ocrx_word' id='word_1_806' title='bbox 1812 2581 1994 2606; x_wconf 81' lang='lat' dir='ltr'>DICENDUM</span> <span class='ocrx_word' id='word_1_807' title='bbox 2018 2571 2123 2618; x_wconf 89' lang='lat' dir='ltr'>quod</span> <span class='ocrx_word' id='word_1_808' title='bbox 2161 2570 2220 2606; x_wconf 89' lang='lat' dir='ltr'>ille</span> <span class='ocrx_word' id='word_1_809' title='bbox 2249 2571 2313 2619; x_wconf 91' lang='lat' dir='ltr'>qui</span> <span class='ocrx_word' id='word_1_810' title='bbox 2343 2571 2508 2619; x_wconf 89' lang='lat' dir='ltr'>sequitur</span> 
     </span>
     <span class='ocr_line' id='line_1_114' title="bbox 1454 2622 2508 2671; baseline 0.002 -13"><span class='ocrx_word' id='word_1_811' title='bbox 1454 2622 1701 2659; x_wconf 90' lang='lat' dir='ltr'>intentionem</span> <span class='ocrx_word' id='word_1_812' title='bbox 1730 2622 1960 2669; x_wconf 81' lang='lat' dir='ltr'>legislatoris,</span> <span class='ocrx_word' id='word_1_813' title='bbox 1992 2635 2070 2659; x_wconf 91' lang='lat' dir='ltr'>non</span> <span class='ocrx_word' id='word_1_814' title='bbox 2097 2623 2360 2671; x_wconf 88' lang='lat' dir='ltr'>interpretatur</span> <span class='ocrx_word' id='word_1_815' title='bbox 2386 2625 2508 2671; x_wconf 86' lang='lat' dir='ltr'>legem</span> 
     </span>
     <span class='ocr_line' id='line_1_115' title="bbox 1454 2674 2509 2724; baseline 0.002 -13"><span class='ocrx_word' id='word_1_816' title='bbox 1454 2674 1691 2724; x_wconf 88' lang='lat' dir='ltr'>simpliciter;</span> <span class='ocrx_word' id='word_1_817' title='bbox 1722 2674 1790 2711; x_wconf 91' lang='lat' dir='ltr'>sed</span> <span class='ocrx_word' id='word_1_818' title='bbox 1816 2674 1854 2711; x_wconf 92' lang='lat' dir='ltr'>in</span> <span class='ocrx_word' id='word_1_819' title='bbox 1883 2687 1973 2711; x_wconf 91' lang='lat' dir='ltr'>casu</span> <span class='ocrx_word' id='word_1_820' title='bbox 2008 2675 2046 2712; x_wconf 90' lang='lat' dir='ltr'>in</span> <span class='ocrx_word' id='word_1_821' title='bbox 2075 2688 2151 2724; x_wconf 90' lang='lat' dir='ltr'>quo</span> <span class='ocrx_word' id='word_1_822' title='bbox 2181 2676 2424 2712; x_wconf 87' lang='lat' dir='ltr'>manifestum</span> <span class='ocrx_word' id='word_1_823' title='bbox 2454 2684 2509 2713; x_wconf 89' lang='lat' dir='ltr'>est</span> 
     </span>
    </p>
   </div>
   <div class='ocr_carea' id='block_1_34' title="bbox 2534 1105 2646 1133">
    <p class='ocr_par' dir='ltr' id='par_1_45' title="bbox 2534 1105 2646 1133">
     <span class='ocr_line' id='line_1_116' title="bbox 2534 1105 2646 1133; baseline 0 -7"><span class='ocrx_word' id='word_1_824' title='bbox 2534 1105 2543 1116; x_wconf 84' lang='grc'><em>“</em></span> <span class='ocrx_word' id='word_1_825' title='bbox 2558 1105 2586 1126; x_wconf 92' lang='lat' dir='ltr'>D.</span> <span class='ocrx_word' id='word_1_826' title='bbox 2602 1105 2646 1133; x_wconf 85' lang='lat'>918.</span> 
     </span>
    </p>
   </div>
   <div class='ocr_carea' id='block_1_35' title="bbox 2535 1313 2717 1342">
    <p class='ocr_par' dir='ltr' id='par_1_46' title="bbox 2535 1313 2717 1342">
     <span class='ocr_line' id='line_1_117' title="bbox 2535 1313 2717 1342; baseline 0 -7"><span class='ocrx_word' id='word_1_827' title='bbox 2535 1315 2543 1323; x_wconf 89' lang='lat'>&#39;¹</span> <span class='ocrx_word' id='word_1_828' title='bbox 2558 1313 2586 1335; x_wconf 91' lang='lat' dir='ltr'>D.</span> <span class='ocrx_word' id='word_1_829' title='bbox 2602 1314 2652 1341; x_wconf 84' lang='lat'>788,</span> <span class='ocrx_word' id='word_1_830' title='bbox 2667 1320 2717 1342; x_wconf 84' lang='lat'>797.</span> 
     </span>
    </p>
   </div>
   <div class='ocr_carea' id='block_1_36' title="bbox 1454 2727 2649 2882">
    <p class='ocr_par' dir='ltr' id='par_1_47' title="bbox 1454 2727 2649 2882">
     <span class='ocr_line' id='line_1_118' title="bbox 1454 2727 2649 2776; baseline 0.002 -12"><span class='ocrx_word' id='word_1_831' title='bbox 1454 2741 1521 2776; x_wconf 91' lang='lat' dir='ltr'>per</span> <span class='ocrx_word' id='word_1_832' title='bbox 1550 2727 1779 2764; x_wconf 89' lang='lat' dir='ltr'>evidentiam</span> <span class='ocrx_word' id='word_1_833' title='bbox 1814 2728 2033 2764; x_wconf 90' lang='lat' dir='ltr'>nocumenti</span> <span class='ocrx_word' id='word_1_834' title='bbox 2061 2734 2100 2776; x_wconf 71' lang='grc' dir='ltr'>η,</span> <span class='ocrx_word' id='word_1_835' title='bbox 2130 2729 2380 2776; x_wconf 88' lang='lat' dir='ltr'>legislatorem</span> <span class='ocrx_word' id='word_1_836' title='bbox 2408 2729 2509 2766; x_wconf 87' lang='lat' dir='ltr'>aliud</span> <span class='ocrx_word' id='word_1_837' title='bbox 2634 2738 2649 2760; x_wconf 72' lang='grc' dir='ltr'>η</span> 
     </span>
     <span class='ocr_line' id='line_1_119' title="bbox 1454 2780 2508 2827; baseline 0 -9"><span class='ocrx_word' id='word_1_838' title='bbox 1454 2780 1668 2818; x_wconf 87' lang='lat' dir='ltr'>intendisse.</span> <span class='ocrx_word' id='word_1_839' title='bbox 1691 2780 1732 2816; x_wconf 90' lang='lat' dir='ltr'>Si</span> <span class='ocrx_word' id='word_1_840' title='bbox 1760 2780 1860 2817; x_wconf 89' lang='lat' dir='ltr'>enirn</span> <span class='ocrx_word' id='word_1_841' title='bbox 1891 2781 2048 2827; x_wconf 88' lang='lat' dir='ltr'>dubium</span> <span class='ocrx_word' id='word_1_842' title='bbox 2079 2781 2135 2827; x_wconf 88' lang='lat' dir='ltr'>sit,</span> <span class='ocrx_word' id='word_1_843' title='bbox 2157 2782 2268 2818; x_wconf 89' lang='lat' dir='ltr'>debet</span> <span class='ocrx_word' id='word_1_844' title='bbox 2286 2782 2347 2818; x_wconf 91' lang='lat' dir='ltr'>vel</span> <span class='ocrx_word' id='word_1_845' title='bbox 2376 2794 2508 2818; x_wconf 89' lang='lat' dir='ltr'>seeun-</span> 
     </span>
     <span class='ocr_line' id='line_1_120' title="bbox 1454 2832 2648 2882; baseline 0 -11"><span class='ocrx_word' id='word_1_846' title='bbox 1454 2835 1546 2871; x_wconf 91' lang='lat' dir='ltr'>dum</span> <span class='ocrx_word' id='word_1_847' title='bbox 1566 2834 1684 2870; x_wconf 90' lang='lat' dir='ltr'>verba</span> <span class='ocrx_word' id='word_1_848' title='bbox 1703 2833 1794 2881; x_wconf 89' lang='lat' dir='ltr'>legis</span> <span class='ocrx_word' id='word_1_849' title='bbox 1813 2845 1936 2881; x_wconf 89' lang='lat' dir='ltr'>agere,</span> <span class='ocrx_word' id='word_1_850' title='bbox 1953 2835 2014 2870; x_wconf 92' lang='lat' dir='ltr'>vel</span> <span class='ocrx_word' id='word_1_851' title='bbox 2034 2834 2247 2882; x_wconf 88' lang='lat' dir='ltr'>superiores</span> <span class='ocrx_word' id='word_1_852' title='bbox 2266 2832 2278 2854; x_wconf 68' lang='grc' dir='ltr'>θ</span> <span class='ocrx_word' id='word_1_853' title='bbox 2300 2835 2506 2871; x_wconf 90' lang='lat' dir='ltr'>consulere.</span> <span class='ocrx_word' id='word_1_854' title='bbox 2635 2832 2648 2856; x_wconf 81' lang='lat'>⁰</span> 
     </span>
    </p>
   </div>
   <div class='ocr_carea' id='block_1_37' title="bbox 1452 2886 2647 3304">
    <p class='ocr_par' dir='ltr' id='par_1_48' title="bbox 1452 2886 2647 3304">
     <span class='ocr_line' id='line_1_121' title="bbox 1506 2886 2509 2934; baseline 0.002 -12"><span class='ocrx_word' id='word_1_855' title='bbox 1506 2889 1564 2922; x_wconf 84' lang='lat' dir='ltr'>AD</span> <span class='ocrx_word' id='word_1_856' title='bbox 1592 2898 1751 2923; x_wconf 81' lang='lat' dir='ltr'>TERTIUM</span> <span class='ocrx_word' id='word_1_857' title='bbox 1771 2898 1953 2923; x_wconf 84' lang='lat' dir='ltr'>DICENDUM</span> <span class='ocrx_word' id='word_1_858' title='bbox 1982 2886 2086 2934; x_wconf 90' lang='lat' dir='ltr'>quod</span> <span class='ocrx_word' id='word_1_859' title='bbox 2106 2886 2239 2923; x_wconf 91' lang='lat' dir='ltr'>nullius</span> <span class='ocrx_word' id='word_1_860' title='bbox 2267 2887 2432 2923; x_wconf 88' lang='lat' dir='ltr'>hominis</span> <span class='ocrx_word' id='word_1_861' title='bbox 2453 2900 2509 2924; x_wconf 89' lang='lat' dir='ltr'>sa-</span> 
     </span>
     <span class='ocr_line' id='line_1_122' title="bbox 1452 2939 2508 2987; baseline 0.001 -12"><span class='ocrx_word' id='word_1_862' title='bbox 1452 2939 1591 2987; x_wconf 88' lang='lat' dir='ltr'>pientia</span> <span class='ocrx_word' id='word_1_863' title='bbox 1615 2946 1717 2975; x_wconf 88' lang='lat' dir='ltr'>tanta</span> <span class='ocrx_word' id='word_1_864' title='bbox 1737 2946 1793 2975; x_wconf 90' lang='lat' dir='ltr'>est</span> <span class='ocrx_word' id='word_1_865' title='bbox 1815 2946 1854 2975; x_wconf 90' lang='lat' dir='ltr'>ut</span> <span class='ocrx_word' id='word_1_866' title='bbox 1873 2939 1992 2987; x_wconf 91' lang='lat' dir='ltr'>possit</span> <span class='ocrx_word' id='word_1_867' title='bbox 2016 2951 2150 2976; x_wconf 89' lang='lat' dir='ltr'>omnes</span> <span class='ocrx_word' id='word_1_868' title='bbox 2174 2939 2379 2986; x_wconf 86' lang='lat' dir='ltr'>singulares</span> <span class='ocrx_word' id='word_1_869' title='bbox 2400 2952 2508 2977; x_wconf 91' lang='lat' dir='ltr'>casus</span> 
     </span>
     <span class='ocr_line' id='line_1_123' title="bbox 1454 2991 2647 3041; baseline 0.002 -13"><span class='ocrx_word' id='word_1_870' title='bbox 1454 2992 1684 3039; x_wconf 85' lang='lat' dir='ltr'>excogitare:</span> <span class='ocrx_word' id='word_1_871' title='bbox 1713 2999 1750 3029; x_wconf 86' lang='lat' dir='ltr'>et</span> <span class='ocrx_word' id='word_1_872' title='bbox 1778 2991 1864 3028; x_wconf 91' lang='lat' dir='ltr'>ideo</span> <span class='ocrx_word' id='word_1_873' title='bbox 1894 3004 1971 3028; x_wconf 91' lang='lat' dir='ltr'>non</span> <span class='ocrx_word' id='word_1_874' title='bbox 1998 3000 2122 3040; x_wconf 88' lang='lat' dir='ltr'>potest</span> <span class='ocrx_word' id='word_1_875' title='bbox 2150 2992 2378 3028; x_wconf 82' lang='lat' dir='ltr'>sufficienter</span> <span class='ocrx_word' id='word_1_876' title='bbox 2405 2998 2413 3013; x_wconf 89' lang='lat'>‘</span> <span class='ocrx_word' id='word_1_877' title='bbox 2441 3005 2510 3041; x_wconf 91' lang='lat' dir='ltr'>per</span> <span class='ocrx_word' id='word_1_878' title='bbox 2639 2996 2647 3011; x_wconf 76' lang='lat'>²</span> 
     </span>
     <span class='ocr_line' id='line_1_124' title="bbox 1453 3044 2508 3092; baseline 0 -10"><span class='ocrx_word' id='word_1_879' title='bbox 1453 3046 1571 3082; x_wconf 85' lang='lat' dir='ltr'>verba</span> <span class='ocrx_word' id='word_1_880' title='bbox 1600 3057 1668 3081; x_wconf 88' lang='lat' dir='ltr'>sua</span> <span class='ocrx_word' id='word_1_881' title='bbox 1697 3044 1906 3092; x_wconf 88' lang='lat' dir='ltr'>exprimere</span> <span class='ocrx_word' id='word_1_882' title='bbox 1936 3056 1980 3080; x_wconf 90' lang='lat' dir='ltr'>ea</span> <span class='ocrx_word' id='word_1_883' title='bbox 2007 3057 2105 3092; x_wconf 88' lang='lat' dir='ltr'>quae</span> <span class='ocrx_word' id='word_1_884' title='bbox 2135 3044 2367 3082; x_wconf 86' lang='lat' dir='ltr'>conveniunt</span> <span class='ocrx_word' id='word_1_885' title='bbox 2394 3045 2442 3082; x_wconf 89' lang='lat' dir='ltr'>ad</span> <span class='ocrx_word' id='word_1_886' title='bbox 2465 3045 2508 3082; x_wconf 92' lang='lat' dir='ltr'>fi-</span> 
     </span>
     <span class='ocr_line' id='line_1_125' title="bbox 1453 3097 2508 3145; baseline 0.001 -11"><span class='ocrx_word' id='word_1_887' title='bbox 1453 3110 1542 3134; x_wconf 90' lang='lat' dir='ltr'>nem</span> <span class='ocrx_word' id='word_1_888' title='bbox 1563 3098 1761 3134; x_wconf 84' lang='lat' dir='ltr'>intentum.</span> <span class='ocrx_word' id='word_1_889' title='bbox 1783 3097 1831 3133; x_wconf 90' lang='lat' dir='ltr'>Et</span> <span class='ocrx_word' id='word_1_890' title='bbox 1850 3097 1879 3133; x_wconf 92' lang='lat' dir='ltr'>si</span> <span class='ocrx_word' id='word_1_891' title='bbox 1898 3104 2026 3145; x_wconf 88' lang='lat' dir='ltr'>posset</span> <span class='ocrx_word' id='word_1_892' title='bbox 2041 3097 2227 3144; x_wconf 89' lang='lat' dir='ltr'>legislator</span> <span class='ocrx_word' id='word_1_893' title='bbox 2246 3109 2379 3134; x_wconf 90' lang='lat' dir='ltr'>omnes</span> <span class='ocrx_word' id='word_1_894' title='bbox 2400 3111 2508 3135; x_wconf 88' lang='lat' dir='ltr'>casus</span> 
     </span>
     <span class='ocr_line' id='line_1_126' title="bbox 1453 3149 2508 3199; baseline 0.001 -12"><span class='ocrx_word' id='word_1_895' title='bbox 1453 3149 1704 3195; x_wconf 88' lang='lat' dir='ltr'>considerare,</span> <span class='ocrx_word' id='word_1_896' title='bbox 1726 3161 1803 3185; x_wconf 89' lang='lat' dir='ltr'>non</span> <span class='ocrx_word' id='word_1_897' title='bbox 1833 3157 2023 3197; x_wconf 89' lang='lat' dir='ltr'>oporteret</span> <span class='ocrx_word' id='word_1_898' title='bbox 2041 3158 2082 3186; x_wconf 90' lang='lat' dir='ltr'>ut</span> <span class='ocrx_word' id='word_1_899' title='bbox 2106 3162 2242 3186; x_wconf 90' lang='lat' dir='ltr'>omnes</span> <span class='ocrx_word' id='word_1_900' title='bbox 2271 3150 2508 3199; x_wconf 87' lang='lat' dir='ltr'>exprimeret,</span> 
     </span>
     <span class='ocr_line' id='line_1_127' title="bbox 1452 3201 2508 3252; baseline 0.001 -13"><span class='ocrx_word' id='word_1_901' title='bbox 1452 3210 1608 3252; x_wconf 90' lang='lat' dir='ltr'>propter</span> <span class='ocrx_word' id='word_1_902' title='bbox 1637 3201 1899 3238; x_wconf 89' lang='lat' dir='ltr'>confusionem</span> <span class='ocrx_word' id='word_1_903' title='bbox 1927 3202 2144 3239; x_wconf 88' lang='lat' dir='ltr'>vitandam:</span> <span class='ocrx_word' id='word_1_904' title='bbox 2174 3202 2241 3240; x_wconf 89' lang='lat' dir='ltr'>sed</span> <span class='ocrx_word' id='word_1_905' title='bbox 2261 3203 2384 3251; x_wconf 88' lang='lat' dir='ltr'>legem</span> <span class='ocrx_word' id='word_1_906' title='bbox 2413 3203 2508 3240; x_wconf 90' lang='lat' dir='ltr'>ferre</span> 
     </span>
     <span class='ocr_line' id='line_1_128' title="bbox 1454 3255 2507 3304; baseline 0.001 -12"><span class='ocrx_word' id='word_1_907' title='bbox 1454 3256 1609 3292; x_wconf 88' lang='lat' dir='ltr'>deberet</span> <span class='ocrx_word' id='word_1_908' title='bbox 1637 3255 1848 3291; x_wconf 88' lang='lat' dir='ltr'>secundum</span> <span class='ocrx_word' id='word_1_909' title='bbox 1870 3267 1913 3291; x_wconf 86' lang='lat' dir='ltr'>ea</span> <span class='ocrx_word' id='word_1_910' title='bbox 1941 3267 2039 3303; x_wconf 89' lang='lat' dir='ltr'>quae</span> <span class='ocrx_word' id='word_1_911' title='bbox 2059 3255 2096 3292; x_wconf 94' lang='lat' dir='ltr'>in</span> <span class='ocrx_word' id='word_1_912' title='bbox 2124 3255 2294 3304; x_wconf 90' lang='lat' dir='ltr'>pluribus</span> <span class='ocrx_word' id='word_1_913' title='bbox 2323 3256 2507 3294; x_wconf 86' lang='lat' dir='ltr'>accidunt.</span> 
     </span>
    </p>
   </div>
   <div class='ocr_carea' id='block_1_38' title="bbox 1503 3365 2034 3539">
    <p class='ocr_par' dir='ltr' id='par_1_49' title="bbox 1503 3365 1981 3398">
     <span class='ocr_line' id='line_1_129' title="bbox 1503 3365 1981 3398; baseline -0.002 -9"><span class='ocrx_word' id='word_1_914' title='bbox 1503 3365 1526 3398; x_wconf 84' lang='grc' dir='ltr'>ε)</span> <span class='ocrx_word' id='word_1_915' title='bbox 1546 3365 1646 3389; x_wconf 83' lang='lat' dir='ltr'>inutile.</span> <span class='ocrx_word' id='word_1_916' title='bbox 1664 3379 1683 3391; x_wconf 57' lang='grc' dir='ltr'><strong>ε</strong></span> <span class='ocrx_word' id='word_1_917' title='bbox 1700 3365 1803 3389; x_wconf 81' lang='lat' dir='ltr'>civitati</span> <span class='ocrx_word' id='word_1_918' title='bbox 1822 3365 1917 3388; x_wconf 81' lang='lat' dir='ltr'>addunt</span> <span class='ocrx_word' id='word_1_919' title='bbox 1937 3365 1981 3389; x_wconf 82' lang='lat' dir='ltr'>Pa.</span> 
     </span>
    </p>

    <p class='ocr_par' dir='ltr' id='par_1_50' title="bbox 1503 3399 1998 3468">
     <span class='ocr_line' id='line_1_130' title="bbox 1503 3399 1998 3434; baseline 0 -10"><span class='ocrx_word' id='word_1_920' title='bbox 1503 3399 1529 3434; x_wconf 84' lang='grc' dir='ltr'>ζ)</span> <span class='ocrx_word' id='word_1_921' title='bbox 1550 3400 1698 3425; x_wconf 83' lang='lat' dir='ltr'>necessitas.</span> <span class='ocrx_word' id='word_1_922' title='bbox 1719 3414 1735 3419; x_wconf 91' lang='lat'>-</span> <span class='ocrx_word' id='word_1_923' title='bbox 1753 3400 1813 3424; x_wconf 83' lang='lat' dir='ltr'>talis</span> <span class='ocrx_word' id='word_1_924' title='bbox 1832 3400 1928 3424; x_wconf 83' lang='lat' dir='ltr'>addunt</span> <span class='ocrx_word' id='word_1_925' title='bbox 1947 3400 1998 3424; x_wconf 85' lang='lat' dir='ltr'>EF.</span> 
     </span>
     <span class='ocr_line' id='line_1_131' title="bbox 1503 3435 1959 3468; baseline 0 -9"><span class='ocrx_word' id='word_1_926' title='bbox 1503 3435 1530 3468; x_wconf 88' lang='grc' dir='ltr'>η)</span> <span class='ocrx_word' id='word_1_927' title='bbox 1551 3435 1708 3460; x_wconf 80' lang='lat' dir='ltr'>nocumenti.</span> <span class='ocrx_word' id='word_1_928' title='bbox 1726 3449 1743 3453; x_wconf 91' lang='lat'><em>—</em></span> <span class='ocrx_word' id='word_1_929' title='bbox 1763 3435 1913 3460; x_wconf 82' lang='lat' dir='ltr'>documenti</span> <span class='ocrx_word' id='word_1_930' title='bbox 1930 3435 1959 3460; x_wconf 73' lang='lat' dir='ltr'>P.</span> 
     </span>
    </p>

    <p class='ocr_par' dir='ltr' id='par_1_51' title="bbox 1504 3469 1986 3503">
     <span class='ocr_line' id='line_1_132' title="bbox 1504 3469 1986 3503; baseline 0.002 -9"><span class='ocrx_word' id='word_1_931' title='bbox 1504 3469 1528 3503; x_wconf 84' lang='lat'>0)</span> <span class='ocrx_word' id='word_1_932' title='bbox 1548 3471 1705 3502; x_wconf 80' lang='lat' dir='ltr'>superiores.</span> <span class='ocrx_word' id='word_1_933' title='bbox 1725 3484 1739 3489; x_wconf 98' lang='lat'>-</span> <span class='ocrx_word' id='word_1_934' title='bbox 1758 3470 1920 3502; x_wconf 83' lang='lat' dir='ltr'>superiorem</span> <span class='ocrx_word' id='word_1_935' title='bbox 1941 3470 1986 3495; x_wconf 78' lang='lat' dir='ltr'>Pa.</span> 
     </span>
    </p>

    <p class='ocr_par' dir='ltr' id='par_1_52' title="bbox 1504 3505 2034 3539">
     <span class='ocr_line' id='line_1_133' title="bbox 1504 3505 2034 3539; baseline 0.004 -11"><span class='ocrx_word' id='word_1_936' title='bbox 1504 3505 1522 3538; x_wconf 87' lang='grc' dir='ltr'>ι)</span> <span class='ocrx_word' id='word_1_937' title='bbox 1538 3509 1628 3537; x_wconf 80' lang='lat' dir='ltr'>potest</span> <span class='ocrx_word' id='word_1_938' title='bbox 1646 3506 1814 3539; x_wconf 80' lang='lat' dir='ltr'>sufficienter.</span> <span class='ocrx_word' id='word_1_939' title='bbox 1833 3520 1850 3524; x_wconf 95' lang='lat'><em>-</em></span> <span class='ocrx_word' id='word_1_940' title='bbox 1868 3506 1965 3539; x_wconf 85' lang='lat' dir='ltr'>sufficit</span> <span class='ocrx_word' id='word_1_941' title='bbox 1984 3506 2034 3530; x_wconf 79' lang='lat' dir='ltr'>EF.</span> 
     </span>
    </p>
   </div>
  </div>
 </body>
</html>
