2840 4010
88 1044 98 1054 ·
111 1044 137 1066 In
150 1049 212 1072 resp.
223 1043 250 1065 ad
261 1049 282 1064 2.

77 1654 292 1686 ‘mot-‘Andre

76 1681 293 1758 ἧψε-ἰῆς

47 1749 58 1763 7
203 1749 211 1757 .

82 1794 235 1828 ,Ἄκην-ἰρι

122 1968 202 1989 ‚utoqir
215 1970 225 1983 ῖ.
243 1970 262 1982 ν·
283 1967 289 1971 ”

0 2118 7 2204 ηψν,
0 1942 10 2105 v-⁷-2*:-··.⁷⁷⁷
0 1706 10 1934 -.-vv‚v--.z-‚0qx-.—-
0 1671 3 1685 vv
0 1640 2 1658 ν
0 1608 1 1612 Α
0 1551 6 1599 -πψ

73 2313 91 2326 ⁴
103 2313 130 2336 ln
143 2319 206 2342 resp.
215 2313 244 2335 nd
257 2320 278 2342 3.

75 2450 90 2460 ⁴
105 2448 142 2472 Ct-
158 2454 223 2472 num.
238 2455 255 2471 ι.

0 2275 8 2525 *vm-w—
0 2230 4 2270 -ν-
0 2214 6 2223 ‹

953 180 1216 227 QUAESTIO
1246 180 1472 228 LXXXVII,
1503 181 1796 218 ARTICULUS
1824 181 1859 219 v

2421 192 2490 229 127

998 293 1324 325 Commentaria
1346 292 1593 326 cardinalis
1615 293 1812 327 Caietani

327 392 373 454 IN
397 381 528 412 articulo
546 382 658 421 quinto
675 382 807 412 dubium
825 383 958 413 occurrit
976 393 1011 412 ex
1031 383 1137 417 Scoto,
1154 382 1184 411 in
1202 391 1252 410 xiu
1272 380 1365 410 distin
1404 379 1407 397 ¹
1434 388 1515 411 extra
1535 382 1625 412 illum
1647 389 1779 413 aeterna.
1805 383 1844 413 Et
1861 382 2068 413 abstrahendo
2085 383 2122 412 ab
2139 382 2196 418 his,
2222 392 2279 413 nec
2302 383 2486 422 temporalis

355 425 457 456 ctione
483 426 523 455 IV
549 426 634 456 Sent.
656 427 688 462 *,
718 427 843 457 volente
871 426 959 466 quod
983 435 1086 465 poena
1113 431 1241 464 peccato
1266 423 1378 453 veniali

324 470 517 509 respondens
547 469 579 499 in
614 470 737 500 inferno
765 469 898 500 finietur.
921 470 1098 509 Probatque
1122 468 1183 498 hoc
1210 467 1377 507 tripliciter.

323 513 440 549 Primo,
460 513 535 554 quia
550 514 636 543 Deus
653 514 744 554 punit
760 514 834 544 citra
849 513 1052 551 condignum.
1068 511 1255 551 Perpetuare
1272 518 1379 542 autem

324 557 532 597 temporalem
544 567 691 597 poenam,
709 568 774 588 non
789 564 835 587 est
850 556 960 596 punire
977 555 1051 586 citra
1066 555 1270 594 condignum.
1283 555 1377 594 Ergo.

380 601 543 637 Secundo,
568 601 642 642 quia
665 601 758 631 etiam
782 599 957 630 secundum
984 599 1120 638 rigorem
1143 598 1291 635 iustitiae,
1321 598 1378 629 ini-

324 655 426 685 quum
442 652 488 675 est
499 654 636 684 poenam
651 652 808 676 aeternam
831 643 970 683 infligere
985 652 1043 683 pro
1058 643 1113 673 illo
1137 643 1187 673 cui
1204 643 1379 673 secundum

324 699 357 719 se
373 689 504 720 debetur
515 698 618 729 poena
629 687 848 728 temporalis.-
859 687 925 718 Nec
939 697 995 726 per
1010 687 1162 723 accidens,
1177 687 1251 727 quia
1264 687 1379 718 scilicet

324 733 473 765 iunctum
489 738 536 763 est
554 731 692 768 mortali,
703 731 765 763 hoc
787 731 877 762 licet:
901 731 975 771 quia
991 730 1172 763 coniunctio
1192 741 1266 762 cum
1281 731 1378 762 altero

324 774 486 807 non‘facit
501 774 663 807 hoc'exire
685 774 718 806 in
741 773 899 805 infinitum
922 775 1006 805 istud
1029 785 1127 815 genus
1151 775 1279 817 culpae;
1305 785 1378 816 ergo

324 829 383 851 nec
404 820 485 851 iuste
507 818 695 860 respondere
717 828 856 858 poenam
878 818 910 848 in
934 818 1093 850 infinitum
1116 819 1326 849 excedentem.

379 863 504 899 Tertio,
529 861 604 903 quia
626 869 772 902 peccator
795 870 869 902 post
891 870 1069 903 susceptam
1097 862 1323 903 poenitentiam
1346 863 1378 893 in

323 903 454 947 gratias
469 903 657 942 confessore,
682 913 712 937 et
727 906 891 947 impletam
914 917 972 947 pro
996 914 1092 947 parte,
1112 907 1138 937 si
1161 906 1330 937 recidivans
1346 907 1379 937 in

322 949 602 988 mortali-,decidit‚
627 960 685 990 pro
709 950 835 981 residuo
867 961 989 991 poenae
1011 951 1096 982 illius
1124 951 1322 991 temporalis,
1345 951 1378 981 in

323 993 448 1031 inferno
470 993 684 1034 temporaliter
706 994 863 1034 punietur.
888 995 972 1035 Ergo
996 1002 1026 1026 et
1045 995 1076 1026 in
1092 995 1205 1026 veniali
1229 995 1377 1026 similiter.

378 1035 416 1068 ll.
429 1037 480 1068 Ad
491 1037 681 1068 evidentiam
693 1038 819 1075 horum,
835 1038 913 1069 scito
927 1049 962 1069 ex
973 1038 1074 1070 littera
1086 1039 1103 1058 '¹‘
1114 1038 1211 1081 quod,
1224 1038 1299 1079 quia
1311 1039 1379 1070 sola

322 1079 420 1120 gratia
443 1087 490 1112 est
511 1081 702 1122 principium
725 1082 918 1114 remissionis
941 1091 1076 1124 poenae,
1100 1082 1175 1124 quia
1197 1082 1265 1113 sola
1287 1083 1379 1123 ponit

321 1124 486 1155 hominem
509 1125 541 1156 in
565 1132 646 1156 statu
671 1126 776 1166 capaci
795 1136 831 1156 ex
851 1127 1009 1166 condigno
1032 1126 1223 1158 remissionis
1246 1136 1312 1157 non
1329 1137 1377 1157 so-

320 1168 390 1199 lum
413 1169 524 1211 culpae
547 1170 604 1200 sed
625 1179 761 1210 poenae;
784 1170 900 1201 idcirco
919 1170 1142 1211 remissibilitas
1164 1177 1195 1201 et
1216 1170 1378 1201 irremissi-

321 1211 424 1244 bilitas
439 1219 505 1243 tam
517 1214 628 1254 culpae
639 1223 738 1255 quarn
749 1224 880 1254 poenae,
896 1214 1029 1255 positive
1045 1221 1198 1255 sumptae,
1211 1215 1377 1246 attendun-

240 1295 263 1299 .-
303 1292 307 1293 ⁷
315 1262 632 1297 mpenes‘statum
655 1258 798 1295 subiecti,
823 1258 939 1289 scilicet
961 1268 1028 1290 esse
1049 1258 1083 1288 in
1105 1258 1202 1299 gratia
1224 1259 1274 1289 vel
1296 1269 1376 1296 non;

321 1302 352 1332 'et
374 1311 441 1331 non
463 1301 668 1333 attenduntur
684 1302 896 1333 universaliter
911 1313 1006 1342 penes
1021 1302 1089 1343 ipsa
1103 1309 1239 1343 peccata.
1256 1303 1296 1334 Et
1312 1313 1377 1334 non

321 1344 479 1376 advertere
502 1345 564 1376 hoc
586 1345 706 1376 multos
730 1346 854 1387 decipit.
878 1346 1020 1377 Existens
1044 1345 1129 1377 enim
1151 1346 1183 1376 in
1206 1346 1317 1387 gratia,
1342 1353 1378 1378 ut

321 1388 380 1425 sic,
404 1389 498 1420 habet
519 1389 552 1420 in
579 1399 612 1420 se
637 1390 722 1420 unde
752 1390 902 1421 debeatur
925 1390 984 1421 sibi
1013 1391 1204 1432 quandoque
1233 1391 1376 1422 remissio

322 1432 427 1463 omnis
457 1433 567 1474 culpae
590 1440 621 1464 et
643 1443 781 1473 poenae:
811 1434 886 1475 quia
908 1435 1002 1466 habet
1023 1434 1054 1465 in
1076 1444 1112 1465 se
1134 1434 1220 1465 unde
1246 1435 1377 1466 debetur

321 1476 379 1507 sibi
394 1476 458 1508 vita
473 1484 606 1514 aeterna,
626 1487 708 1517 quae
724 1488 788 1508 non
806 1478 996 1521 compatitur
1011 1478 1137 1519 culpam
1151 1485 1207 1509 aut
1227 1489 1374 1519 poenam.

320 1520 363 1551 Et
377 1520 422 1551 sic
434 1521 529 1552 statui
543 1521 659 1561 gratiae
676 1522 823 1553 convenit
838 1522 1063 1562 remissibilitas
1074 1522 1222 1563 positive:
1238 1523 1376 1554 vindicat

320 1563 487 1596 enim'sibi
509 1564 605 1596 illam.
630 1565 730 1596 statui
752 1576 827 1596 vero
852 1567 963 1606 culpae
986 1573 1070 1597 extra
1090 1566 1237 1606 gratiam,
1262 1577 1375 1598 conve-

320 1607 368 1639 nit
383 1608 646 1640 'irremissibilitas
677 1610 827 1650 positive:
852 1610 927 1651 quia
948 1612 977 1642 si
999 1609 1174 1652 affirmatio
1201 1615 1248 1642 est
1277 1621 1375 1643 causa

320 1651 558 1694 affirmationis,
574 1655 704 1696 negatio
723 1660 769 1685 est
784 1664 882 1685 causa
896 1655 1075 1696 negationis
1084 1653 1111 1686 *.
1126 1654 1172 1685 Ita
1186 1656 1284 1695 quod,
1301 1656 1375 1696 quia

320 1696 390 1727 talis
414 1703 512 1727 status
531 1696 566 1728 fit
581 1708 636 1738 per
651 1698 861 1738 privationem
884 1698 1029 1739 principii
1045 1698 1150 1729 omnis
1171 1699 1374 1736 remissionis,

321 1740 454 1772 caritatis
478 1741 593 1781 scilicet
607 1749 638 1772 et
654 1742 784 1781 gratiae;
808 1743 880 1773 ideo
896 1753 933 1774 ex
947 1742 1009 1774 hoc
1024 1742 1094 1784 ipso
1109 1742 1167 1774 sibi
1182 1743 1321 1774 vindicat
1336 1744 1374 1774 ir-

321 1784 606 1822 remissibilitatem,
619 1786 708 1827 quod
724 1793 771 1817 est
785 1786 898 1818 habere
914 1786 1213 1819 irremissibilitatem
1230 1787 1373 1828 positive.

353 1829 355 1833 ⁴
374 1828 474 1860 Penes
491 1829 599 1870 culpas
613 1837 720 1861 autem
730 1830 906 1871 loquendo,
918 1830 1003 1861 nulla
1015 1830 1107 1871 culpa
1123 1837 1169 1862 est
1182 1831 1375 1862 remissibilis

320 1872 470 1913 positive:
490 1873 565 1914 quia
580 1873 701 1905 nullam
716 1874 774 1905 sibi
793 1874 929 1906 vindicat
944 1874 1175 1912 remissionem,
1199 1875 1273 1916 quia
1289 1876 1376 1906 nulla

320 1917 411 1957 ponit
434 1917 626 1958 principium
648 1918 850 1955 remissionis,
867 1929 949 1959 quae
972 1925 1018 1950 est
1041 1919 1159 1950 caritas.
1175 1919 1236 1950 Sed
1260 1920 1374 1960 aliqua,

321 1960 439 1992 scilicet
461 1961 600 1998 venialis,
619 1962 731 1993 dicitur
754 1963 930 1994 secundum
953 1973 985 1993 se
1007 1963 1199 1994 remissibilis
1223 1964 1373 2004 negative,

319 2005 401 2047 idest
423 2015 479 2046 per
502 2016 567 2036 non
592 2006 782 2038 ablationem
804 2007 950 2047 principii
973 2006 1181 2038 remissionis:
1209 2015 1375 2048 peccatum

321 2048 407 2082 enim.
424 2049 545 2080 veniale
568 2051 744 2082 secundum
766 2060 799 2081 se
818 2061 884 2081 non
907 2050 1008 2092 privat
1026 2051 1160 2083 caritate.
1175 2052 1227 2082 Ad
1242 2052 1375 2083 irremis-

320 2089 499 2124 sibilitatem
527 2099 633 2125 autem
667 2094 759 2134 culpa
787 2105 820 2125 se
843 2095 936 2125 habet
964 2094 1007 2126 sic
1041 2095 1129 2136 quod
1159 2096 1299 2127 mortalis
1331 2104 1376 2127 est

319 2136 539 2168 irremissibilis
566 2138 716 2178 positive,
746 2139 821 2179 quia
850 2139 1055 2170 contrariatur
1085 2139 1216 2170 caritati:
1244 2140 1374 2171 venialis

319 2187 505 2222 autemper
527 2182 683 2219 accidens,
707 2182 782 2223 quia
805 2183 922 2214 scilicet
944 2189 990 2214 est
1011 2183 1044 2213 in
1063 2183 1203 2214 subiecto
1227 2184 1374 2215 existente

319 2225 352 2255 in
376 2232 458 2256 statu
482 2236 547 2256 non
567 2226 672 2267 capaci
690 2227 894 2258 remissionis.
915 2227 956 2257 Et
978 2227 1054 2268 quia
1068 2227 1281 2268 temporalitas
1297 2239 1375 2268 poe-

297 2269 299 2274 ”
319 2279 377 2300 nae
396 2270 567 2310 respondet
581 2270 823 2307 remissibilitati‚
838 2271 1002 2302 aeternitas
1017 2281 1091 2302 vero
1106 2271 1374 2310 irremissibilitati‚

320 2320 356 2344 ut
371 2313 404 2345 in
419 2313 520 2345 littera
543 2314 638 2346 etiarn
656 2315 769 2347 dicitur
784 2315 817 2351 *;
841 2315 914 2346 ideo
938 2322 1064 2356 oportet
1091 2325 1157 2346 esse
1181 2323 1332 2355 cautum„
1346 2324 1376 2348 et

320 2357 509 2398 distinguere
529 2358 566 2389 de
581 2358 687 2389 debito
703 2369 825 2399 poenae
845 2359 1026 2399 temporalis
1041 2366 1072 2390 et
1086 2367 1238 2397 aeternae,
1263 2367 1299 2391 ut
1313 2361 1376 2392 sol-

317 2408 431 2432 vantur
453 2402 586 2433 obiecta.

375 2446 426 2477 111.
437 2446 484 2476 Ex
497 2446 546 2476 his
560 2446 655 2486 igitur
669 2447 876 2487 respondetur
891 2447 1082 2487 argumentis
1089 2447 1116 2478 *.
1126 2447 1168 2478 Et
1181 2448 1221 2478 ad
1236 2448 1376 2488 primum

318 2489 431 2521 dicitur
454 2491 543 2531 quod
565 2491 604 2521 de
626 2491 740 2521 veniali
763 2497 892 2531 peccato
913 2490 1078 2531 dupliciter
1099 2491 1189 2532 loqui
1212 2492 1374 2533 confingit.

319 2533 444 2565 Scilicet
466 2535 642 2565 secundum
661 2545 704 2571 se,
724 2535 804 2565 idest
826 2535 963 2566 solitarie
986 2542 1130 2576 sumpto:
1154 2542 1184 2566 et
1207 2536 1251 2567 sic
1269 2536 1298 2567 ei
1322 2537 1375 2567 de-

319 2579 411 2611 betur
439 2588 543 2618 poena
570 2579 753 2619 temporalis
783 2579 938 2619 negative,
963 2579 1043 2610 sIcut
1066 2586 1096 2610 et
1118 2580 1300 2612 remissibile
1330 2588 1376 2612 est

319 2622 476 2663 negative;
494 2629 524 2654 et
539 2629 575 2653 ut
590 2622 643 2659 sic,
664 2633 816 2663 negamus
835 2623 924 2664 quod
947 2623 1097 2663 puniatur
1119 2634 1222 2664 poena
1241 2631 1373 2656 aeterna.

319 2664 393 2696 Alio
413 2666 523 2702 modo,
539 2665 572 2697 in
585 2666 639 2697 tali
659 2667 835 2707 supposito.
853 2667 893 2698 Et
915 2674 989 2698 tunc
1012 2667 1098 2698 iuxta
1112 2667 1196 2698 illius
1219 2663 1374 2709 suppositi

318 2715 438 2741 statum
459 2710 664 2741 iudicandum
684 2717 745 2741 est:
766 2721 840 2741 nam
855 2711 887 2741 in
904 2711 1070 2751 supposito
1085 2712 1218 2743 habente
1232 2713 1373 2753 gratiam,

320 2753 519 2794 puniendum
539 2761 584 2784 est
606 2764 710 2794 poena
733 2755 914 2795 temporali;
934 2755 967 2785 in
990 2765 1056 2786 non
1080 2756 1212 2787 habente
1231 2757 1372 2796 gratiam,

319 2807 424 2837 poena
447 2804 580 2828 aeterna.
610 2798 651 2828 Et
678 2799 832 2838 quoniam
859 2799 1013 2830 iudicium
1039 2809 1160 2840 poenae
1189 2811 1254 2831 non
1277 2800 1313 2831 fit
1336 2802 1373 2832 de

319 2848 448 2881 peccato
473 2842 648 2872 secundum
669 2852 718 2879 se,
742 2842 822 2873 idest
845 2843 980 2874 solitarie
1004 2851 1148 2884 sumpto,
1173 2845 1227 2875 sed
1251 2845 1372 2885 simpli-

299 2884 396 2916 ¹citer
418 2892 454 2916 ut
477 2892 522 2916 est
545 2886 577 2916 in
601 2886 676 2922 hoc;
705 2886 778 2917 ideo
808 2886 990 2928 simpliciter
1018 2887 1188 2919 dicendum
1212 2896 1258 2920 est
1284 2890 1373 2930 quod

318 2936 448 2969 peccato
471 2930 584 2960 veniali
607 2930 640 2960 in
664 2937 745 2961 statu
768 2931 882 2971 gratiae
906 2932 1035 2963 debetur
1058 2942 1162 2973 poena
1180 2934 1372 2974 temporalis,

1435 434 1491 454 nec
1515 433 1638 455 aeterna
1667 426 1816 466 positive:
1845 427 1899 456 sed
1927 426 2108 467 temporalis
2138 426 2296 467 negative,
2321 426 2395 466 quia
2419 437 2486 456 non

1434 468 1523 508 ponit
1546 479 1582 498 ex
1606 480 1638 499 se
1661 470 1884 501 aeternitatem.

1489 512 1529 541 Et
1559 522 1613 551 per
1643 513 1703 543 hoc
1732 514 1824 544 etiam
1847 521 1932 554 patet
1954 513 2118 554 responsio
2142 514 2181 544 ad
2205 514 2389 544 secundum.
2414 514 2487 544 Dis-

1434 554 1540 594 tingue
1569 563 1673 586 tamen
1696 558 1728 598 ly
1757 558 1929 588 secundum
1953 568 1986 588 se
2009 558 2140 588 debetur
2164 568 2271 598 poena
2303 558 2486 598 temporalis

1434 598 1597 637 dupliciter
1620 600 1758 640 intelligi.
1776 601 1892 637 Primo,
1912 611 1968 641 per
1983 612 2014 632 se
2035 601 2185 642 positive:
2207 601 2323 633 scilicet
2338 608 2374 632 ut
2392 602 2485 642 culpa

1433 642 1559 672 venialis
1585 643 1684 682 exigat
1707 654 1762 683 per
1784 655 1816 674 se
1839 655 1976 685 poenam
2000 646 2222 685 temporalem,
2247 645 2328 676 sicut
2349 646 2483 676 mortale

1433 685 1568 715 vindicat
1591 686 1649 716 sibi
1672 694 1839 718 aeternam.
1864 689 1904 719 Et
1919 689 1952 719 in
1973 690 2034 720 hoc
2050 700 2144 720 sensu
2167 689 2282 720 falsum
2301 689 2482 721 assumitur.

1434 728 1505 758 Alio
1521 730 1630 766 modo,
1642 731 1777 761 solitarie
1789 738 1819 762 et
1834 732 1988 771 negative:
2009 733 2088 764 sicut
2100 734 2293 774 diaphanum
2308 733 2485 764 secundum

1434 782 1466 802 se
1490 780 1535 803 est
1559 775 1770 811 tenebrosum,
1787 775 1860 815 quia
1880 786 1916 806 ex
1932 786 1964 806 se
1980 787 2045 806 non
2061 777 2152 817 ponit
2166 778 2275 808 lumen
2291 777 2484 808 exclusivum

1433 817 1585 847 tenebrae.
1611 818 1651 848 Et
1674 818 1717 848 sic
1746 828 1856 849 verum
1884 826 1929 850 est
1963 821 2050 860 quod
2079 821 2191 851 veniali
2222 821 2352 852 debetur
2380 830 2485 862 poena

1434 861 1628 900 temporalis:
1653 862 1727 902 quia
1752 872 1788 892 ex
1811 873 1843 893 se
1867 873 1931 893 non
1956 864 2045 902 ponit
2068 865 2152 895 unde
2175 875 2278 905 poena
2301 865 2358 896 sibi
2382 866 2484 896 debita

1434 911 1645 944 perpetuetur.
1659 906 1744 936 Cum
1756 906 1817 936 hoc
1832 913 1937 937 tamen
1953 914 2012 938 stat
2028 909 2114 947 quod
2131 908 2257 940 aliunde
2268 909 2368 949 possit
2379 919 2483 950 poena

1433 947 1492 978 sibi
1516 949 1618 979 debita
1641 949 1721 980 iuste
1744 951 1930 990 perpetuari,
1951 951 2066 981 scilicet
2082 962 2117 982 ex
2133 952 2313 983 conditione
2336 953 2481 985 subiecti:

1434 991 1514 1022 sicut
1537 999 1596 1023 stat
1619 994 1707 1033 quod
1730 994 1886 1034 diaphano
1911 995 2086 1025 secundum
2109 1005 2141 1026 se
2163 997 2329 1027 tenebroso
2356 997 2482 1028 aliunde

1434 1036 1577 1067 adveniat
1598 1037 1717 1068 lumen.
1742 1038 1783 1068 Et
1798 1038 1840 1068 sic
1856 1038 1968 1069 Scotus
1989 1039 2136 1079 deceptus
2152 1039 2274 1070 videtur
2292 1040 2323 1070 in
2340 1051 2406 1070 non
2421 1041 2481 1071 dis-

1433 1079 1606 1120 tinguendo
1629 1081 1709 1112 inter
1730 1082 1789 1112 hos
1820 1082 1900 1112 duos
1928 1092 2046 1114 sensus.
2075 1084 2185 1124 Neque
2215 1084 2300 1114 enim
2328 1084 2482 1115 iniustum

1433 1131 1479 1154 est
1501 1132 1685 1165 perpetuare
1701 1126 1789 1166 quod
1805 1126 1944 1156 conditio
1961 1126 2091 1158 subiecti
2106 1128 2358 1167 perpetuandum
2374 1128 2479 1168 exigit:

1433 1178 1489 1198 nec
1512 1176 1677 1208 propterea
1700 1170 1815 1201 recedit
1837 1170 1924 1201 Deus
1939 1171 2038 1211 alege
2057 1181 2114 1202 sua
2132 1178 2168 1202 ut
2191 1171 2265 1202 citra
2287 1172 2480 1212 condignum

1433 1212 1551 1252 puniat.
1577 1213 1662 1244 Cum
1685 1214 1833 1245 damnato
1862 1214 1963 1250 enim,
1993 1225 2066 1245 cum
2096 1225 2132 1246 ex
2163 1215 2287 1246 mortali
2316 1216 2480 1247 annihilari

1432 1257 1587 1293 meruerit,
1612 1257 1744 1297 gratiose
1764 1258 1865 1298 agitur
1881 1259 1968 1298 quod
1992 1259 2097 1289 solum
2116 1265 2341 1300 perpetuantur
2358 1270 2481 1300 poenae

1432 1301 1459 1330 ei
1483 1301 1603 1331 debitae
1627 1311 1684 1341 pro
1708 1302 1962 1342 quibuscumque
1985 1302 2128 1342 peccatiS,
2152 1310 2332 1334 conservata
2356 1304 2383 1334 ei
2407 1305 2480 1334 sub-

1431 1345 1557 1381 stantia;
1581 1345 1665 1376 iuxta
1687 1345 1782 1376 illud:
1803 1347 2044 1377 Misericordiae
2061 1347 2194 1377 Domini
2211 1348 2294 1387 quod
2317 1357 2378 1378 non
2407 1358 2479 1379 con-

1429 1390 1545 1429 sumpti
1567 1399 1677 1420 sumus
1698 1389 1726 1420 θ.

1484 1433 1535 1463 Ad
1553 1433 1766 1463 exclusionem
1783 1441 1889 1465 autem
1909 1433 2004 1464 huius
2021 1435 2234 1474 responsionis
2253 1435 2375 1471 dicitur,
2391 1436 2479 1476 quod

1430 1477 1556 1517 culpam
1578 1477 1733 1507 venialem
1755 1478 1836 1508 exire
1860 1487 1955 1508 suum
1978 1488 2077 1518 genus
2096 1479 2206 1518 culpae
2220 1478 2251 1509 in
2268 1478 2427 1510 infinitum
2442 1490 2479 1510 ex

1429 1521 1650 1552 coniunctione
1675 1531 1748 1552 cum
1771 1521 1843 1558 alio,
1869 1522 2021 1561 confingit
2044 1522 2217 1562 dupliciter.
2241 1523 2358 1560 Primo,
2378 1534 2478 1564 quan-

1429 1571 1498 1594 tum
1521 1565 1560 1594 ad
1583 1565 1737 1596 rationem
1760 1565 1881 1606 culpae.
1906 1566 1946 1596 Et
1969 1566 2012 1596 sic
2035 1566 2147 1597 dicitur
2170 1567 2258 1607 quod
2281 1577 2346 1597 non
2366 1567 2426 1598 exit
2445 1568 2478 1597 in

1428 1607 1596 1645 infinitum,
1621 1609 1722 1639 immo
1746 1619 1803 1640 nec
1826 1618 1951 1649 parum:
1972 1610 2004 1639 in
2021 1620 2079 1640 suo
2097 1621 2234 1651 namque
2249 1621 2360 1651 genere
2377 1619 2407 1642 et
2422 1622 2478 1642 sua

1429 1653 1531 1692 specie
1558 1663 1594 1683 ac
1616 1653 1789 1694 quantitate
1813 1660 1928 1684 manet.
1953 1654 2112 1690 Secundo,
2137 1662 2292 1695 quantum
2319 1656 2358 1686 ad
2386 1656 2478 1687 ratio-

1429 1706 1503 1727 nem
1533 1697 1734 1728 remissibilis.
1765 1697 1805 1728 Et
1828 1697 1872 1728 sic
1895 1698 1956 1728 exit
1982 1698 2014 1728 in
2037 1698 2213 1729 infinitum:
2242 1700 2317 1740 quia
2345 1700 2383 1730 de
2412 1710 2478 1731 non

1428 1741 1630 1771 irremissibili
1653 1741 1940 1778 fitirremissibilis;
1966 1748 1995 1772 et
2019 1750 2245 1783 consequenter
2267 1744 2305 1774 de
2329 1751 2415 1775 reatu
2439 1745 2478 1774 ad

1429 1795 1564 1825 poenam
1588 1795 1654 1815 non
1677 1793 1844 1822 aeternam,
1869 1786 1978 1816 transit
1996 1786 2028 1816 in
2043 1794 2165 1817 reatum
2180 1797 2301 1826 poenae
2325 1795 2475 1819 aeternae.

1429 1829 1551 1859 Totum
1567 1830 1650 1859 enim
1668 1829 1729 1860 hoc
1745 1836 1790 1860 est
1804 1836 1932 1870 propter
1948 1830 2163 1861 conditionem
2179 1831 2317 1868 subiecti,
2335 1842 2399 1862 non
2418 1833 2475 1863 ali-

1429 1883 1526 1914 quam
1553 1873 1762 1904 mutationem
1788 1873 1822 1904 in
1849 1873 1917 1913 ipsa
1945 1874 2035 1914 culpa
2063 1875 2176 1905 veniali
2205 1882 2259 1906 aut
2287 1876 2353 1906 eius
2376 1883 2475 1907 reatu.

1427 1918 1559 1957 Propter
1581 1918 1669 1958 quod
1692 1917 1804 1948 rectius
1829 1918 1982 1949 diceretur
2005 1919 2094 1959 quod
2108 1918 2141 1948 in
2160 1927 2345 1959 argumento
2365 1926 2411 1950 est
2426 1930 2476 1950 so-

1428 1961 1552 2001 phisma
1575 1961 1815 2002 Consequentis.
1835 1962 1908 1992 Non
1933 1962 2018 1992 enim
2040 1972 2076 1992 ex
2099 1963 2160 1994 hoc
2183 1963 2252 1994 solo
2275 1964 2363 2004 quod
2386 1964 2478 2004 culpa

1428 2006 1555 2036 venialis
1574 2006 1607 2036 in
1629 2005 1790 2037 infinitum
1813 2005 1890 2042 exit,
1921 2006 2051 2038 debetur
2075 2006 2102 2037 ei
2124 2017 2228 2047 poena
2255 2015 2392 2038 aeterna:
2422 2009 2476 2038 sed

1429 2060 1465 2080 ex
1487 2050 1560 2086 hoc,
1584 2050 1634 2080 vel
1660 2060 1696 2080 ex
1724 2049 1947 2091 consequentia
1974 2050 2104 2081 subiecti
2131 2051 2227 2091 positi
2255 2058 2338 2082 extra
2361 2059 2477 2082 statum

1427 2094 1654 2130 satisfactionis,
1671 2094 1720 2124 vel
1737 2104 1773 2125 ex
1788 2094 2000 2134 permanentia
2017 2101 2140 2125 aeterna
2151 2094 2250 2135 ipsius
2266 2096 2385 2135 culpae,
2403 2096 2476 2136 quia

1428 2139 1558 2179 durante
1578 2138 1670 2177 culpa
1693 2139 1785 2168 durat
1806 2148 1919 2178 poena.
1935 2138 2027 2169 Unde
2043 2138 2163 2169 fallacia
2186 2138 2416 2180 Consequentis
2433 2146 2478 2170 est

1428 2193 1446 2213 a
1465 2182 1606 2222 pluribus
1630 2182 1731 2212 causis
1753 2182 1792 2212 ad
1815 2192 1912 2212 unam
1936 2182 2150 2213 determinate:
2168 2183 2200 2213 in
2214 2184 2379 2224 proposito
2394 2184 2478 2214 enim

1429 2227 1508 2257 duae
1532 2226 1660 2257 ultimae
1684 2236 1794 2257 causae
1816 2226 2028 2257 inveniuntur.

1485 2271 1535 2301 IV.
1556 2271 1605 2300 Ad
1628 2270 1756 2301 tertium
1784 2269 1896 2301 dicitur
1923 2271 2011 2311 quod
2039 2271 2133 2301 etiam
2154 2271 2209 2301 illa
2231 2271 2354 2302 residua
2377 2281 2479 2312 poena

1429 2321 1551 2345 aeterna
1567 2314 1623 2345 erit
1638 2321 1767 2355 propter
1783 2314 1998 2346 conditionem
2014 2314 2157 2346 subiecti:
2180 2315 2263 2355 quia,
2280 2322 2316 2346 ut
2331 2315 2362 2345 in
2378 2315 2478 2346 littera

1429 2359 1550 2395 dicitur,
1574 2359 1606 2388 in
1629 2358 1836 2399 responsione
1858 2358 1897 2388 ad
1920 2359 2108 2398 secundum„
2133 2359 2274 2390 remissio
2302 2369 2423 2400 poenae
2445 2358 2480 2389 fit

1429 2403 1496 2433 sola
1519 2403 1615 2442 gratia
1637 2409 1762 2443 gratum
1785 2402 1926 2433 faciente.
1946 2403 2012 2433 Nec
2028 2403 2212 2443 oppositum
2227 2409 2318 2443 putes
2335 2403 2479 2434 docuisse

1429 2450 1602 2478 Auctorem
1618 2447 1651 2476 in
1670 2447 1712 2478 IV
1726 2447 1824 2483 Sem„
1849 2447 1920 2477 dist.
1937 2457 2013 2482 xxu,
2038 2457 2093 2488 qu.
2108 2457 2132 2483 1,
2155 2454 2210 2478 art.
2233 2458 2257 2483 1,
2275 2448 2315 2477 ad
2338 2449 2365 2478 5.
2389 2448 2477 2484 Quo-

1428 2491 1514 2521 niam
1536 2491 1578 2521 ibi
1601 2490 1838 2531 reprehenditur
1866 2491 1934 2521 sola
1957 2491 2130 2522 similitudo
2158 2501 2268 2522 causae
2291 2491 2478 2522 aeternitatis

1429 2546 1550 2576 poenae
1573 2535 1605 2565 in
1628 2535 1751 2571 veniali,
1772 2542 1802 2565 et
1826 2535 1858 2566 in
1882 2535 1944 2566 hoc
1966 2535 2102 2566 residuo.
2127 2535 2168 2565 Et
2189 2535 2267 2565 bene
2291 2535 2410 2566 dicitur.
2436 2535 2478 2565 Ut

1429 2579 1513 2610 enim
1529 2579 1648 2610 dictum
1665 2586 1711 2610 est
1722 2579 1747 2615 *,
1771 2579 1804 2609 in
1827 2579 1940 2610 veniali
1963 2589 2056 2610 causa
2075 2585 2121 2609 est
2136 2579 2260 2619 duplex,
2280 2579 2393 2609 scilicet
2407 2588 2477 2619 per-

1428 2623 1598 2654 severantia
1626 2623 1746 2664 culpae,
1771 2630 1801 2653 et
1824 2629 1921 2654 status
1945 2633 2010 2653 non
2033 2623 2267 2653 satisfactorius:
2297 2622 2329 2652 in
2352 2623 2413 2653 hoc
2429 2632 2476 2652 re-

1429 2669 1519 2698 siduo
1545 2677 1636 2698 causa
1659 2674 1704 2698 est
1727 2667 1814 2697 solus
1838 2674 1945 2698 status.
1970 2667 2010 2697 Et
2031 2667 2074 2697 ibi
2091 2667 2246 2697 dissimilis
2269 2667 2346 2696 ratio
2367 2666 2477 2696 dicitur

1428 2713 1533 2753 quoad
1557 2711 1691 2751 primam
1715 2719 1855 2742 causam:
1876 2711 1927 2742 hic
1941 2721 2015 2741 vero
2032 2711 2099 2741 sola
2117 2711 2252 2741 secunda
2271 2720 2372 2746 causa,
2396 2719 2477 2750 quae

1428 2756 1606 2787 communis
1630 2763 1675 2786 est
1698 2755 1856 2792 omnibus,
1881 2755 2018 2795 ponitur.

1470 2801 1535 2831 Nec
1558 2810 1664 2830 rursus
1689 2799 1820 2839 accipias
1843 2799 2081 2839 responsionem
2105 2798 2221 2828 ibidem
2244 2797 2380 2828 secundo
2404 2797 2476 2828 loco

1427 2845 1541 2880 datam,
1567 2844 1626 2874 nisi
1649 2843 1813 2874 recitative.
1839 2844 1908 2884 Ipse
1932 2853 2067 2883 namque
2091 2852 2127 2872 ex
2150 2842 2274 2882 propria
2297 2848 2400 2872 mente
2423 2841 2477 2871 de-

1427 2889 1572 2919 terminat
1590 2888 1639 2918 hic
1659 2888 1747 2928 quod
1765 2887 1797 2917 in
1822 2888 1935 2918 eodem
1951 2888 2081 2925 Quarto,
2099 2886 2167 2916 dist.
2183 2896 2232 2922 xv,
2249 2895 2301 2926 qu.
2323 2896 2347 2922 1,
2365 2891 2420 2916 art.
2433 2895 2475 2920 111,

1427 2943 1480 2974 qu.
1501 2943 1534 2969 2,
1561 2933 1717 2963 docuerat.

2502 1391 2514 1402 ⁸
2531 1391 2614 1413 Thren.
2630 1397 2696 1418 cau,

2503 1423 2564 1439 vers.
2578 1423 2611 1439 22.

2503 2588 2511 2596 ¹
2527 2585 2597 2607 Num.
2613 2591 2689 2613 praec.
