2840 4010
65 1123 157 1147 ‘Vm
173 1123 196 1146 6.

2 1424 5 1426 .
63 1439 232 1468 ·v·n.nq,

62 1807 76 1819 ⁶
88 1805 158 1830 Vm.
170 1811 202 1835 ις.

69 2176 78 2187 ·
91 2175 160 2199 Vm.
173 2181 203 2204 ¹⁵·

974 171 1238 218 QUAESTIO
1268 171 1405 218 xcvi,
1434 171 1728 208 ARTICULUS
1759 171 1810 207 1v

2407 166 2477 203 183

1081 305 1396 348 ARTICULUS
1427 306 1697 357 QUARTUS

506 399 662 430 UTRUM
684 399 769 430 LEX
793 398 980 430 HUMANA
1001 396 1199 428 {MPONAT
1223 396 1379 426 HOMINI
1402 397 1731 428 NECssSSlTATEM
1755 397 1798 427 IN
1821 396 1938 428 Fono
1962 395 2279 428 coNscffiN‘riAE

426 513 479 538 βξ(
517 498 540 523 D
560 498 733 529 QUARTUM
752 497 805 522 stc
824 495 1063 522 PRocEm’rtJR.
1083 483 1241 519 Videtur
1259 483 1365 530 quod

376 536 382 543 ”
434 510 496 589 {J
517 540 576 576 lex
603 540 774 575 humana
805 549 884 574 non
916 537 1090 584 imponat
1121 535 1267 571 homini
1300 547 1365 571 ne-

323 594 347 640 ’.
370 577 731 638 ff'cessitatem
753 590 792 626 in
811 589 894 626 foro
915 587 1178 626 conscientiae.
1210 587 1366 624 Inferior

363 638 461 679 34435'1')
477 638 630 682 &enim
647 650 814 692 potestas
841 653 919 678 non
946 648 1071 689 potest
1097 640 1294 688 imponere
1313 641 1364 676 le-

303 709 392 744 gem
421 697 459 733 in
485 696 624 733 iudicio
641 701 658 717 ‘²
687 693 891 743 superioris
918 693 1126 742 potestatis.
1158 693 1235 730 Sed
1258 700 1364 741 pote-

304 757 379 786 stas
405 749 583 795 hominis,
604 759 702 797 quae
726 747 797 783 fert
815 747 938 795 legem
956 747 1179 792 humanam,
1201 753 1256 782 est
1270 745 1364 782 infra

303 809 530 851 potestatem
551 800 731 838 divinam.
757 800 858 847 Ergo
878 800 937 836 lex
956 800 1125 836 humana
1144 811 1223 835 non
1241 804 1366 846 potest

304 855 503 903 imponere
531 853 653 901 legem
679 860 863 901 quantum
892 852 940 889 ad
969 852 1149 891 iudicium
1179 850 1363 898 divinum,

304 907 410 955 quod
439 913 495 943 est
521 905 702 943 iudicium
733 904 998 942 conscientiae.

358 971 393 996 2.
423 959 665 1004 PRAETEREA,
694 957 876 994 iudicium
915 956 1166 994 conscientiae
1198 955 1364 992 maxime

305 1010 495 1060 dependet
514 1023 559 1047 ex
580 1010 716 1048 divinis
736 1010 936 1048 mandatis.
964 1010 1040 1047 Sed
1060 1007 1291 1059 quandoque
1312 1008 1364 1045 di-

302 1063 393 1102 vina
413 1063 593 1101 mandata
617 1071 850 1100 evacuantur
869 1075 938 1112 per
960 1064 1061 1110 leges
1079 1063 1286 1107 humanas;
1308 1073 1363 1098 se-

304 1117 473 1159 cundum
501 1115 595 1153 illud
622 1117 756 1154 Matth.
781 1128 829 1153 xv
848 1116 882 1152 *ε
911 1116 1068 1153 Irritum
1091 1114 1232 1161 fecistis
1258 1126 1364 1150 man-

303 1170 432 1206 datum
464 1170 539 1206 Dei
558 1175 716 1217 propter
745 1169 960 1206 traditiones
990 1173 1142 1205 vestras.
1177 1168 1278 1214 Ergo
1306 1167 1365 1202 lex

302 1222 474 1259 humana
501 1234 581 1260 non
608 1222 770 1271 imponit
797 1222 1060 1259 necessitatem
1080 1219 1225 1257 homini
1246 1231 1364 1268 quan-

302 1279 387 1312 tum‘
414 1273 464 1312 ad
493 1274 776 1312 conscientiam.

359 1329 393 1365 3.
414 1328 648 1375 Pam-mm,
673 1328 774 1378 leges
802 1328 993 1364 humanae
1021 1326 1235 1374 frequenter
1263 1325 1364 1372 inge-

304 1387 390 1422 runt
418 1380 648 1418 calumniam
682 1387 719 1416 et
750 1379 927 1417 iniuriam
961 1378 1202 1423 hominibus;
1231 1389 1364 1414 secun-

304 1433 398 1470 dum
423 1433 516 1470 illud
539 1433 657 1469 Isaiae
676 1445 701 1469 x
718 1432 755 1469 *ε
792 1434 868 1470 Vae
895 1433 961 1481 qui
980 1431 1144 1469 condunt
1169 1430 1270 1480 leges
1298 1431 1365 1467 ini-

303 1497 417 1535 quas,
447 1491 483 1522 et
499 1486 699 1522 scribentes
719 1486 914 1522 iniustitias
927 1485 1164 1533 scripserunt,
1186 1489 1226 1519 ut
1243 1484 1365 1531 oppri-

303 1543 450 1575 merent
466 1539 503 1575 in
524 1538 659 1574 iudicio
677 1550 876 1587 pauperes,
897 1544 934 1574 et
949 1538 1025 1574 vim
1039 1538 1211 1585 facerent
1229 1547 1367 1573 causae

302 1590 500 1628 humilium
523 1591 658 1639 populi
683 1591 767 1627 mei.
804 1591 881 1627 Sed
909 1591 1050 1627 licitum
1080 1596 1136 1626 est
1160 1588 1365 1637 unicuique

304 1643 595 1692 oppressionem
611 1651 647 1680 et
659 1643 879 1680 violentiam
899 1643 1051 1680 evitare.
1067 1643 1170 1690 Ergo
1184 1642 1285 1690 leges
1299 1643 1367 1678 hu-

302 1708 440 1733 manae
459 1704 539 1733 non
566 1697 768 1745 imponunt
795 1696 1056 1733 necessitatem
1074 1693 1220 1732 homini
1248 1707 1367 1743 quan—

302 1755 386 1785 tum
415 1749 465 1786 ad
494 1749 774 1786 conscientiam.

359 1802 433 1839 SED
453 1814 598 1839 CONTRA
618 1814 684 1839 EST
711 1802 817 1850 quod
845 1801 978 1839 dicitur
1007 1803 1020 1838 I
1045 1802 1124 1838 Pet.
1150 1813 1173 1837 11
1191 1800 1226 1837 *ε
1255 1801 1368 1837 Haec

305 1859 359 1891 est
383 1855 528 1904 gratia,
557 1855 592 1892 si
610 1860 767 1903 propter
795 1854 1057 1892 conscientiam
1081 1853 1259 1891 sustineat
1286 1854 1367 1901 quis

305 1907 481 1954 tristitias,
505 1906 653 1956 patiens
681 1907 824 1944 iniuste.

359 1961 584 1998 Responzo
604 1972 788 1998 DICENDUM
808 1960 913 2009 quod
932 1961 1033 2008 leges
1059 1958 1203 2008 positae
1232 1959 1366 1996 huma-

305 2013 406 2051 nitus
419 2014 482 2051 vel
497 2021 584 2051 sunt
597 2013 728 2060 iustae,
743 2013 806 2050 vel
826 2013 996 2050 iniustae.
1014 2011 1054 2050 Si
1073 2010 1228 2061 quidem
1248 2011 1366 2048 iustae

306 2066 390 2114 sint,
419 2066 561 2104 habent
587 2066 669 2104 vim
697 2066 889 2113 obligandi
912 2065 950 2102 in
970 2066 1052 2102 foro
1073 2063 1324 2102 conscientiae
1344 2077 1366 2100 a

305 2119 389 2168 lege
417 2126 588 2166 aeterna,
619 2132 641 2156 a
669 2132 745 2168 qua
773 2118 1007 2164 derivantur;
1037 2117 1247 2155 secundum
1276 2117 1367 2154 illud

305 2172 418 2210 Prov.
434 2171 545 2209 vl11*:
573 2173 648 2209 Per
674 2184 735 2220 me
761 2183 870 2221 reges
889 2177 1062 2221 regnant,
1082 2172 1118 2207 et
1135 2170 1260 2221 legum
1281 2182 1367 2207 con-

306 2224 443 2262 ditores
471 2225 566 2263 iusta
593 2226 807 2262 decernunt.
836 2223 1023 2261 Dicuntur
1045 2231 1173 2261 autem
1191 2224 1294 2271 leges
1313 2222 1367 2259 iu-

306 2285 385 2315 stae
414 2285 452 2315 et
478 2290 524 2315 ex
548 2278 639 2325 fine,
659 2277 814 2327 quando
834 2276 974 2314 scilicet
992 2276 1213 2314 ordinantur
1231 2275 1280 2313 ad
1299 2275 1368 2312 bo-

307 2343 402 2368 num
421 2343 645 2378 commune;
667 2338 702 2368 et
722 2343 768 2367 ex
790 2337 956 2377 auctore,
977 2329 1132 2378 quando
1152 2328 1291 2366 scilicet
1308 2329 1367 2365 lex

307 2384 382 2421 lata
401 2396 479 2420 non
499 2383 646 2420 excedit
667 2390 893 2433 potestatem
912 2381 1084 2431 ferentis3
1114 2389 1150 2419 et
1168 2394 1214 2419 ex
1231 2382 1367 2428 forma,

308 2436 462 2486 quando
491 2435 659 2473 scilicet?
687 2435 899 2473 secundum
928 2435 1191 2485 aequalitatem
1210 2446 1369 2484 propor-

307 2489 420 2527 tionis
439 2489 688 2538 imponuntur
706 2488 864 2526 subditis
889 2486 1006 2525 onera
1024 2487 1064 2524 in
1083 2482 1215 2530 ordine
1234 2487 1281 2525 ad
1300 2487 1368 2524 bo-

308 2554 403 2579 nurn
433 2554 652 2579 commune.
683 2542 784 2579 Cum
813 2541 914 2578 enim
942 2553 1041 2577 unus
1061 2541 1180 2585 homo
1209 2540 1255 2577 sit
1279 2552 1368 2590 pars

309 2595 568 2641 multitudinis,
595 2594 750 2644 quilibet
777 2595 896 2631 homo
925 2594 1000 2630 hoc
1028 2593 1154 2642 ipsum
1181 2592 1286 2643 quod
1315 2600 1370 2629 est

310 2655 347 2686 et
365 2649 471 2697 quod
498 2648 624 2695 habet,
646 2655 702 2684 est
719 2646 984 2684 multitudinis:
1013 2645 1109 2682 sieut
1127 2653 1163 2683 et
1181 2645 1371 2694 quaelibet

308 2713 397 2751 pars
416 2700 455 2737 id
474 2700 580 2749 quod
609 2707 675 2747 est,
702 2707 757 2737 est
775 2700 899 2737 totius.
929 2698 1040 2736 Unde
1061 2706 1096 2735 et
1115 2705 1249 2735 natura
1263 2703 1280 2726 Υ
1307 2698 1370 2735 ali-

309 2752 415 2802 quod
444 2752 712 2790 detrimentum
741 2753 850 2789 infert
877 2752 992 2801 parti,
1020 2759 1061 2788 ut
1089 2751 1210 2788 salvet
1235 2757 1367 2788 totum.

309 2806 359 2844 Et
382 2805 595 2844 secundum
609 2806 696 2853 hoc,
712 2805 813 2854 leges
832 2804 1061 2851 huiusmodi,
1078 2816 1196 2841 onera
1209 2816 1368 2853 propor-

362 2920 389 2952 α)
410 2919 517 2945 iudicio.
535 2933 554 2939 -
572 2918 684 2943 iudicem
703 2917 756 2943 EF.
773 2932 792 2937 -
809 2918 860 2942 Pro
878 2916 1001 2948 hominis,
1020 2917 1137 2943 humana
1156 2918 1202 2944 Pa.

361 2953 388 2989 β)
407 2954 515 2980 scilieet.
529 2966 551 2974 —
568 2954 630 2979 Om.
649 2953 697 2984 εΗ,
710 2953 824 2986 proprie
842 2953 927 2978 ceteri.

1418 482 1643 520 tionabiliter
1670 484 1882 531 inferentes,
1912 484 2030 520 iustae
2060 491 2157 530 sunt,
2188 491 2224 520 et
2252 483 2418 531 obligant
2436 482 2474 519 in

1419 535 1500 570 foro
1526 537 1787 584 conscientiae,
1809 544 1845 573 et
1872 544 1959 573 sunt
1985 537 2086 584 leges
2112 536 2262 584 legales.

1473 588 1635 626 Iniustae
1650 597 1776 625 autem
1796 596 1882 626 sunt
1896 590 1996 637 leges
2016 588 2223 637 dupliciter.
2239 588 2327 625 Uno
2342 587 2472 634 modo,

1419 651 1487 687 per
1516 641 1816 677 contrarietatem
1845 643 1894 679 ad
1917 643 2063 678 bonum
2091 642 2316 687 humanum,
2338 653 2358 676 e
2385 652 2475 676 con-

1419 692 1531 728 trario
1560 693 1779 741 praedictis:
1808 695 1869 730 vel
1900 706 1944 730 ex
1972 694 2066 740 fine,
2097 694 2191 730 sicut
2224 706 2312 730 cum
2341 692 2474 741 aliquis

1419 745 1639 793 praesidens
1667 746 1767 792 leges
1800 746 1959 794 imponit
1991 758 2172 783 onerosas
2205 745 2362 783 subditis
2395 757 2475 782 non

1419 797 1648 845 pertinentes
1677 797 1725 834 ad
1753 798 1947 835 utilitatem
1971 810 2230 846 communem,
2259 798 2327 835 sed
2355 797 2475 845 magis

1420 850 1467 887 ad
1494 851 1688 899 propriam
1718 850 1961 898 cupiditatem
1980 851 2042 886 vel
2070 851 2247 898 gloriam3
2276 851 2338 887 vel
2363 850 2475 887 etiam

1421 914 1466 938 ex
1503 911 1676 949 auctore,
1706 903 1801 939 sicut
1835 915 1923 939 cum
1960 903 2091 951 aliquis
2124 904 2245 950 legem
2278 903 2348 939 fert
2378 904 2475 939 ultra

1420 955 1491 991 sibi
1519 955 1764 992 commissam
1788 962 2034 1003 potestatem;
2063 956 2125 992 vel
2145 955 2256 992 etiarn
2277 968 2322 991 ex
2341 956 2472 1002 forma,

1420 1015 1510 1055 puta
1538 1020 1626 1044 cum
1655 1008 1898 1056 inaequaliter
1925 1020 2042 1044 onera
2070 1007 2297 1044 multitudini
2325 1008 2474 1056 dispen-

1420 1068 1559 1107 santur,
1581 1060 1694 1097 etiam
1715 1060 1745 1097 si
1765 1060 1985 1097 ordinentur
2003 1060 2052 1097 ad
2080 1061 2225 1096 bonurn
2256 1072 2472 1096 commune.

1420 1114 1468 1150 Et
1495 1113 1714 1150 huiusmodi
1742 1113 1861 1160 magis
1890 1121 1976 1150 sunt
1993 1112 2196 1150 violentiae
2217 1125 2334 1161 quam
2354 1113 2473 1159 leges:

1420 1166 1519 1214 quia,
1536 1166 1630 1203 sicut
1647 1166 1878 1213 Augustinus
1899 1166 1997 1212 dicit,
2014 1166 2051 1202 in
2067 1165 2161 1202 libro
2177 1166 2222 1202 de
2235 1165 2318 1202 Lib.
2333 1166 2426 1202 Arb.
2442 1165 2473 1212 *,

1420 1219 1482 1255 lex
1509 1231 1587 1255 esse
1614 1231 1686 1256 non
1711 1219 1868 1264 videtur,
1888 1230 1985 1266 quae
2003 1219 2097 1254 iusta
2117 1230 2190 1254 non
2205 1218 2333 1265 fuerit.
2364 1218 2474 1254 Unde

1419 1273 1510 1308 tales
1537 1273 1638 1319 leges
1666 1284 1743 1308 non
1764 1271 1930 1318 obligant
1953 1271 1992 1308 in
2010 1271 2092 1307 foro
2113 1270 2383 1307 conscientiae:
2405 1270 2475 1307 nisi

1419 1325 1513 1361 forte
1542 1332 1697 1373 propter
1724 1324 1922 1361 vitandum
1956 1324 2176 1360 scandalum
2203 1324 2264 1360 vel
2296 1322 2475 1359 turbatio-

1419 1389 1527 1424 nem,
1556 1385 1711 1426 propter
1739 1377 1844 1424 quod
1874 1376 1985 1413 etiarn
2018 1377 2138 1413 homo
2166 1376 2237 1412 iuri
2264 1388 2333 1412 suo
2363 1376 2476 1412 debet

1421 1430 1567 1477 cedere,
1595 1430 1806 1466 secundum
1835 1429 1926 1466 illud
1950 1429 2083 1465 Matth.
2099 1428 2172 1465 v*:
2205 1429 2279 1470 Qui
2295 1429 2476 1477 angaria-

1419 1483 1515 1519 verit
1544 1489 1577 1519 te
1604 1483 1704 1519 mille
1724 1494 1875 1530 passus,
1905 1483 1999 1518 vade
2031 1493 2116 1517 cum
2145 1493 2187 1517 eo
2216 1481 2291 1517 alia
2319 1481 2392 1516 duo
2402 1494 2415 1524 ;
2443 1486 2478 1517 et

1421 1536 1486 1583 qui
1510 1536 1702 1572 abstulerit
1729 1535 1794 1571 tibi
1821 1535 1996 1580 tunicam,
2025 1534 2073 1570 da
2102 1534 2137 1570 ei
2163 1539 2198 1569 et
2218 1533 2391 1581 pallium.

1473 1588 1559 1624 Alio
1580 1588 1699 1625 modo
1719 1589 1820 1635 leges
1838 1594 1998 1635 possunt
2022 1598 2103 1623 esse
2123 1586 2279 1622 iniustae
2298 1597 2366 1634 per
2385 1597 2475 1621 con-

1420 1641 1647 1678 trarietatem
1668 1641 1715 1677 ad
1735 1641 1881 1676 bonum
1906 1639 2098 1676 divinum:
2119 1638 2212 1675 sicut
2233 1639 2334 1685 leges
2353 1645 2476 1685 tyran-

1422 1706 1560 1730 norum
1589 1693 1809 1730 inducentes
1838 1693 1887 1729 ad
1914 1691 2176 1738 idololatriam,
2195 1692 2258 1728 vel
2277 1690 2327 1727 ad
2355 1690 2476 1738 quod-

1423 1758 1585 1794 cumque
1605 1746 1708 1782 aliud
1727 1746 1832 1793 quod
1852 1745 1898 1781 sit
1917 1752 2047 1781 contra
2069 1745 2190 1792 legem
2220 1743 2399 1780 divinam.
2428 1744 2477 1779 Et

1421 1800 1512 1836 tales
1532 1800 1633 1846 leges
1657 1799 1760 1835 nullo
1780 1798 1899 1835 modo
1920 1797 2246 1839 licetobservare:
2276 1796 2364 1844 quia
2383 1795 2478 1832 sicut

1421 1852 1553 1889 dicitur
1571 1852 1653 1888 Act.
1669 1863 1693 1887 v
1715 1851 1751 1897 ²¹⁵,
1780 1851 1929 1887 obedire
1955 1855 2099 1898 oportet
2120 1850 2202 1886 Deo
2221 1849 2345 1898 magis
2363 1860 2476 1896 quam

1420 1905 1640 1942 hominibus.

1473 1960 1531 1994 AD
1552 1969 1687 1994 PRIMUM
1702 1967 1800 1993 ERGO
1819 1967 2001 1993 01οεΝοοΜ
2021 1954 2137 2003 quod,
2159 1954 2253 1991 sicut
2272 1953 2477 2002 Apostolus

1422 2011 1520 2058 dicit,
1550 2011 1600 2047 ad
1625 2011 1736 2047 Rom.
1762 2021 1822 2045 xm
1852 2010 1891 2056 ²²,
1912 2008 2033 2045 omnis
2062 2013 2226 2055 potestas
2252 2007 2419 2043 humana
2452 2017 2476 2043 a

1420 2065 1502 2100 Deo
1531 2069 1600 2099 est.-
1624 2069 1660 2099 et
1685 2063 1766 2099 ideo
1790 2061 1856 2110 qui
1874 2061 2049 2109 potestati
2069 2060 2212 2105 resistit,
2237 2059 2274 2096 in
2297 2059 2354 2096 his
2378 2070 2475 2107 quae

1421 2117 1470 2153 ad
1499 2116 1671 2153 ordinem
1700 2114 1894 2163 potestatis
1920 2113 2122 2162 peninent,
2151 2113 2225 2149 Dei
2251 2111 2479 2148 ordinationi

1421 2170 1562 2205 resistit.
1588 2169 1637 2204 Et
1664 2167 1874 2205 secundum
1899 2167 1974 2203 hoc
1997 2166 2156 2203 efficitur
2178 2177 2264 2201 reus
2291 2171 2475 2212 quantum

1422 2223 1470 2259 ad
1499 2220 1779 2258 conscientiam.

1474 2277 1532 2311 AD
1554 2285 1743 2310 SECUNDUM
1762 2284 1946 2309 DicENDUM
1965 2272 2070 2319 quod
2098 2270 2191 2308 ratio
2219 2270 2280 2306 illa
2307 2269 2479 2319 procedit

1423 2327 1470 2364 de
1497 2327 1641 2375 legibus
1671 2325 1848 2363 humanis
1876 2337 1973 2374 quae
2003 2323 2222 2362 ordinantur
2250 2330 2380 2369 contra
2405 2322 2477 2358 Dei

1423 2380 1657 2416 mandatum.
1679 2379 1728 2415 Et
1754 2378 1803 2415 ad
1830 2378 1905 2414 hoc
1933 2377 2028 2414 ordo
2047 2376 2241 2425 potestatis
2260 2388 2339 2413 non
2358 2387 2398 2411 se
2417 2387 2478 2411 ex-

1421 2433 1549 2470 tendit.
1569 2431 1680 2469 Unde
1710 2431 1747 2468 in
1771 2430 1904 2468 talibus
1931 2430 2003 2478 legi
2022 2431 2212 2467 humanae
2232 2441 2311 2465 non
2338 2435 2394 2465 est
2411 2440 2477 2476 pa-

1422 2486 1596 2523 rendum.

1475 2540 1533 2575 AD
1560 2549 1719 2574 TERTIUM
1748 2548 1931 2574 DICENDUM
1964 2535 2068 2584 quod
2101 2534 2193 2571 ratio
2222 2534 2283 2570 illa
2310 2532 2479 2582 procedit

1423 2592 1470 2628 de
1497 2592 1578 2639 lege
1607 2602 1706 2638 quae
1735 2589 1844 2626 infert
1863 2600 2070 2637 gravamen
2097 2587 2278 2624 iniustum
2302 2585 2477 2622 subditis:

1423 2645 1472 2681 ad
1491 2643 1596 2693 quod
1617 2642 1728 2679 etiarn
1749 2642 1845 2679 ordo
1860 2640 2054 2690 potestatis
2078 2640 2254 2678 divinitus
2275 2651 2476 2675 concessus

1423 2697 1561 2734 non‘se
1586 2695 1761 2732 extendit.
1781 2695 1893 2732 Unde
1921 2706 1992 2730 nec
2019 2693 2057 2730 in
2076 2693 2210 2729 talibus
2237 2693 2355 2728 homo
2385 2691 2477 2727 obli—

1423 2758 1530 2798 gatur
1548 2756 1590 2785 ut
1618 2747 1770 2785 obediat
1788 2746 1871 2795 legi,
1901 2746 1931 2783 si
1959 2746 2038 2783 sine
2058 2745 2235 2783 scandalo
2263 2745 2324 2780 vel
2344 2743 2477 2780 maiori

1425 2802 1650 2840 detrimento
1680 2799 1850 2837 resistere
1878 2799 2006 2848 possit.

1476 2916 1503 2950 γ)
1523 2919 1629 2941 natura.
1646 2928 1666 2934 —
1683 2915 1733 2940 sibi
1750 2914 1806 2945 EF3
1820 2914 1898 2947 parti
1915 2921 1968 2938 om.
1987 2911 2229 2944 ACDEFGILpBH.

979 3012 1313 3077 Commentario
1334 3041 1586 3076 cardinalis
1609 3039 1808 3073 Caietam·

342 3141 362 3161 N
386 3130 518 3162 articulo
537 3136 651 3170 quarto
671 3128 814 3159 eiusdem
833 3128 1036 3170 quaestionis,
1057 3129 1181 3160 adverte
1197 3129 1370 3169 diligenter,

314 3143 379 3207 Iut
402 3174 480 3205 scias
503 3173 659 3214 applicare
683 3172 882 3203 conditiones
897 3172 975 3213 legis
993 3173 1166 3204 iustae‘vel‘
1182 3172 1316 3204 iniustae
1332 3173 1372 3203 ad

309 3218 512 3260 particulares
534 3218 630 3257 leges.
649 3216 735 3255 Quia
755 3216 829 3247 inde
852 3216 1315 3247 multos‘basus‘eonscientiae
1338 3216 1371 3246 in

310 3262 440 3304 gabellis
456 3268 487 3293 et
504 3261 749 3302 gravaminibus,
765 3267 797 3298 et
811 3259 996 3291 huiusmodi
1012 3260 1157 3300 publicis,
1174 3259 1371 3291 clarificabis:

310 3306 495 3348 praesertim
519 3316 557 3336 ex
578 3305 651 3342 fine,
675 3311 707 3336 et
729 3304 915 3345 aequalitate
938 3303 1182 3344 proportionali,
1206 3307 1373 3344 quam-›te—

311 3357 404 3382 netur
427 3360 548 3381 servare
570 3349 688 3380 iustitia
711 3348 916 3379 distributiva.

368 3395 407 3426 11.
431 3395 466 3425 In
495 3394 608 3425 eodem
639 3392 772 3424 articulo
800 3399 913 3434 quarto
941 3392 1076 3423 dubium
1099 3391 1234 3422 occurrit
1261 3401 1300 3421 an
1323 3391 1373 3421 lex

312 3438 453 3470 humana
478 3438 522 3469 ita
549 3437 667 3478 obliget
689 3437 722 3467 in
745 3436 817 3467 foro
845 3435 1071 3472 conscientiae,
1095 3435 1183 3476 quod
1206 3435 1306 3466 homo
1329 3441 1371 3464 te-

312 3489 425 3514 neatur
447 3482 529 3513 mori
556 3492 615 3523 pro
639 3481 706 3512 eius
734 3480 962 3512 observatione.
993 3480 1034 3511 Et
1061 3486 1107 3510 est
1129 3479 1254 3510 occasio
1282 3478 1373 3510 dubi-

1423 3128 1510 3159 tandi
1533 3127 1608 3168 quia
1631 3126 1761 3167 quidam
1785 3125 1894 3156 dicunt
1915 3125 2004 3165 quod
2027 3124 2075 3154 ius
2098 3122 2272 3163 positivum
2294 3132 2360 3152 non
2385 3120 2480 3152 habet

1424 3173 1504 3203 hanc
1527 3177 1724 3211 potestatem,
1749 3169 1808 3199 nisi
1830 3169 1863 3199 in
1887 3178 1979 3199 causa
2002 3167 2084 3203 fidei,
2107 3166 2157 3197 vel
2179 3166 2314 3197 tuendae
2335 3165 2482 3207 reipubli-

1425 3226 1487 3246 cae.
1503 3216 1670 3254 Propterea
1686 3213 1835 3253 inquiunt
1850 3212 1938 3252 quod
1951 3211 2044 3247 licite,
2059 3217 2189 3251 propter
2204 3209 2382 3241 evitandam
2397 3219 2480 3240 rnor-

1424 3267 1499 3295 tem,
1515 3259 1668 3289 celebrare
1691 3257 1762 3298 quis
1785 3263 1890 3296 potest
1913 3265 2019 3286 coram
2042 3253 2322 3285 excommunicatis
2337 3254 2480 3284 nomina-

1424 3303 1492 3339 tim,
1512 3310 1582 3339 ete,
1599 3308 1630 3332 et
1652 3301 1761 3331 omnia
1782 3300 1917 3340 positiva
1938 3299 2006 3330 iura
2029 3308 2095 3330 non
2118 3307 2248 3329 servare.

1484 3346 1535 3376 111.
1565 3346 1625 3376 Sed
1656 3345 1737 3375 hanc
1764 3344 1950 3384 opinionem
1980 3352 2046 3373 esse
2075 3352 2240 3373 erroneam
2269 3341 2483 3382 multipliciter

1426 3396 1628 3420 monstratur.
1644 3389 1762 3425 Primo,
1778 3398 1815 3418 ex
1837 3388 1957 3418 ratione
1980 3394 2061 3418 tacta
2082 3387 2116 3417 in
2137 3386 2253 3417 littera:
2274 3386 2390 3416 scilicet
2408 3385 2483 3426 quia

1427 3433 1558 3474 quilibet
1580 3433 1680 3463 homo
1704 3442 1770 3463 non
1798 3432 1904 3463 solum
1931 3431 2106 3462 secundum
2129 3430 2161 3460 id
2184 3430 2273 3471 quod
2295 3429 2404 3465 habet,
2429 3429 2483 3459 sed

1427 3478 1490 3509 hoc
1511 3477 1618 3518 ipsum
1641 3477 1731 3518 quod
1753 3483 1808 3513 est,
1832 3475 2044 3507 multitudinis
2061 3481 2122 3511 est;
2146 3474 2227 3505 sicut
2240 3474 2397 3515 quaelibet
2412 3482 2484 3513 pars

2502 1173 2510 1182 ”
2525 1172 2576 1194 Lib.
2590 1172 2608 1199 1,
2623 1177 2673 1200 cap.
2688 1179 2712 1194 v.

2501 1438 2512 1448 ⁸
2527 1437 2592 1459 Vers-
2606 1444 2646 1464 40,
2660 1443 2694 1464 4¹·

2504 1861 2513 1870 ·
2527 1860 2594 1883 Vers.
2608 1866 2645 1889 29.

2504 2018 2513 2027 ·
2523 2017 2590 2039 vm.
2603 2023 2612 2039 1
2627 2023 2662 2045 sq.
