<?xml version="1.0" encoding="UTF-8"?>
<!DOCTYPE html PUBLIC "-//W3C//DTD XHTML 1.0 Transitional//EN"
    "http://www.w3.org/TR/xhtml1/DTD/xhtml1-transitional.dtd">
<html xmlns="http://www.w3.org/1999/xhtml" xml:lang="en" lang="en">
 <head>
  <title>
</title>
<meta http-equiv="Content-Type" content="text/html;charset=utf-8" />
  <meta name='ocr-system' content='tesseract 3.04.00' />
  <meta name='ocr-capabilities' content='ocr_page ocr_carea ocr_par ocr_line ocrx_word'/>
</head>
<body>
  <div class='ocr_page' id='page_1' title='image "./operaomniaiussui07thom/operaomniaiussui07thom_0050.png"; bbox 0 0 2840 4010; ppageno 0'>
   <div class='ocr_carea' id='block_1_1' title="bbox 123 665 334 719">
    <p class='ocr_par' dir='ltr' id='par_1_1' title="bbox 123 665 334 719">
     <span class='ocr_line' id='line_1_1' title="bbox 124 665 334 692; baseline -0.005 -6"><span class='ocrx_word' id='word_1_1' title='bbox 124 666 133 675; x_wconf 85' lang='grc'>·</span> <span class='ocrx_word' id='word_1_2' title='bbox 146 665 192 692; x_wconf 89' lang='lat' dir='ltr'>Qu.</span> <span class='ocrx_word' id='word_1_3' title='bbox 201 671 248 692; x_wconf 73' lang='lat' dir='ltr'>xxx,</span> <span class='ocrx_word' id='word_1_4' title='bbox 258 667 299 685; x_wconf 84' lang='lat' dir='ltr'>art.</span> <span class='ocrx_word' id='word_1_5' title='bbox 309 671 334 690; x_wconf 84' lang='lat'>4;</span> 
     </span>
     <span class='ocr_line' id='line_1_2' title="bbox 123 690 333 719; baseline 0 -7"><span class='ocrx_word' id='word_1_6' title='bbox 123 697 163 719; x_wconf 90' lang='lat' dir='ltr'>qu.</span> <span class='ocrx_word' id='word_1_7' title='bbox 177 697 239 718; x_wconf 71' lang='lat' dir='ltr'>Lxxt,</span> <span class='ocrx_word' id='word_1_8' title='bbox 254 694 294 712; x_wconf 80' lang='lat' dir='ltr'>art.</span> <span class='ocrx_word' id='word_1_9' title='bbox 312 690 333 712; x_wconf 82' lang='lat'>6.</span> 
     </span>
    </p>
   </div>
   <div class='ocr_carea' id='block_1_2' title="bbox 120 1662 330 1690">
    <p class='ocr_par' dir='ltr' id='par_1_2' title="bbox 120 1662 330 1690">
     <span class='ocr_line' id='line_1_3' title="bbox 120 1662 330 1690; baseline 0 -7"><span class='ocrx_word' id='word_1_10' title='bbox 120 1662 131 1673; x_wconf 67' lang='lat'>⁴*</span> <span class='ocrx_word' id='word_1_11' title='bbox 144 1662 191 1689; x_wconf 89' lang='lat' dir='ltr'>Qu.</span> <span class='ocrx_word' id='word_1_12' title='bbox 206 1669 242 1689; x_wconf 84' lang='lat' dir='ltr'>xv,</span> <span class='ocrx_word' id='word_1_13' title='bbox 259 1666 300 1684; x_wconf 82' lang='lat' dir='ltr'>art.</span> <span class='ocrx_word' id='word_1_14' title='bbox 310 1668 330 1690; x_wconf 89' lang='lat'>3.</span> 
     </span>
    </p>
   </div>
   <div class='ocr_carea' id='block_1_3' title="bbox 120 1819 237 1847">
    <p class='ocr_par' dir='ltr' id='par_1_3' title="bbox 120 1819 237 1847">
     <span class='ocr_line' id='line_1_4' title="bbox 120 1819 237 1847; baseline 0 -7"><span class='ocrx_word' id='word_1_15' title='bbox 120 1819 131 1830; x_wconf 76' lang='grc'>”“</span> <span class='ocrx_word' id='word_1_16' title='bbox 146 1819 174 1840; x_wconf 90' lang='lat' dir='ltr'>D.</span> <span class='ocrx_word' id='word_1_17' title='bbox 189 1819 237 1847; x_wconf 82' lang='lat'>385.</span> 
     </span>
    </p>
   </div>
   <div class='ocr_carea' id='block_1_4' title="bbox 363 170 412 204">
    <p class='ocr_par' dir='ltr' id='par_1_4' title="bbox 363 170 412 204">
     <span class='ocr_line' id='line_1_5' title="bbox 363 170 412 204; baseline 0 -10"><span class='ocrx_word' id='word_1_18' title='bbox 363 170 412 204; x_wconf 91' lang='lat'>42</span> 
     </span>
    </p>
   </div>
   <div class='ocr_carea' id='block_1_5' title="bbox 358 237 1421 1967">
    <p class='ocr_par' dir='ltr' id='par_1_5' title="bbox 364 237 1420 431">
     <span class='ocr_line' id='line_1_6' title="bbox 366 237 1419 286; baseline 0 -14"><span class='ocrx_word' id='word_1_19' title='bbox 366 237 544 283; x_wconf 90' lang='lat' dir='ltr'>Quandiu</span> <span class='ocrx_word' id='word_1_20' title='bbox 569 238 668 274; x_wconf 90' lang='lat' dir='ltr'>enim</span> <span class='ocrx_word' id='word_1_21' title='bbox 693 245 861 275; x_wconf 82' lang='lat' dir='ltr'>remanet</span> <span class='ocrx_word' id='word_1_22' title='bbox 885 238 1038 286; x_wconf 81' lang='lat' dir='ltr'>aliquod</span> <span class='ocrx_word' id='word_1_23' title='bbox 1057 237 1281 285; x_wconf 90' lang='lat' dir='ltr'>principium</span> <span class='ocrx_word' id='word_1_24' title='bbox 1301 237 1419 284; x_wconf 90' lang='lat' dir='ltr'>altius,</span> 
     </span>
     <span class='ocr_line' id='line_1_7' title="bbox 364 289 1420 338; baseline 0 -13"><span class='ocrx_word' id='word_1_25' title='bbox 364 290 487 327; x_wconf 87' lang='lat' dir='ltr'>adhuc</span> <span class='ocrx_word' id='word_1_26' title='bbox 507 302 574 338; x_wconf 90' lang='lat' dir='ltr'>per</span> <span class='ocrx_word' id='word_1_27' title='bbox 589 290 713 338; x_wconf 89' lang='lat' dir='ltr'>ipsum</span> <span class='ocrx_word' id='word_1_28' title='bbox 733 298 856 338; x_wconf 91' lang='lat' dir='ltr'>potest</span> <span class='ocrx_word' id='word_1_29' title='bbox 871 290 1073 326; x_wconf 85' lang='lat' dir='ltr'>examinari</span> <span class='ocrx_word' id='word_1_30' title='bbox 1093 289 1130 325; x_wconf 92' lang='lat' dir='ltr'>id</span> <span class='ocrx_word' id='word_1_31' title='bbox 1151 289 1198 325; x_wconf 91' lang='lat' dir='ltr'>de</span> <span class='ocrx_word' id='word_1_32' title='bbox 1214 301 1290 337; x_wconf 92' lang='lat' dir='ltr'>quo</span> <span class='ocrx_word' id='word_1_33' title='bbox 1306 302 1420 337; x_wconf 90' lang='lat' dir='ltr'>quae-</span> 
     </span>
     <span class='ocr_line' id='line_1_8' title="bbox 364 341 1420 389; baseline 0.001 -12"><span class='ocrx_word' id='word_1_34' title='bbox 364 341 471 378; x_wconf 86' lang='lat' dir='ltr'>ritur:</span> <span class='ocrx_word' id='word_1_35' title='bbox 500 343 602 379; x_wconf 91' lang='lat' dir='ltr'>unde</span> <span class='ocrx_word' id='word_1_36' title='bbox 631 343 755 379; x_wconf 89' lang='lat' dir='ltr'>adhuc</span> <span class='ocrx_word' id='word_1_37' title='bbox 782 350 836 378; x_wconf 91' lang='lat' dir='ltr'>est</span> <span class='ocrx_word' id='word_1_38' title='bbox 855 353 1081 389; x_wconf 89' lang='lat' dir='ltr'>suspensum</span> <span class='ocrx_word' id='word_1_39' title='bbox 1099 341 1291 389; x_wconf 88' lang='lat' dir='ltr'>iudicium,</span> <span class='ocrx_word' id='word_1_40' title='bbox 1313 342 1420 389; x_wconf 86' lang='lat' dir='ltr'>quasi</span> 
     </span>
     <span class='ocr_line' id='line_1_9' title="bbox 364 394 1004 431; baseline -0.002 -1"><span class='ocrx_word' id='word_1_41' title='bbox 364 395 535 431; x_wconf 91' lang='lat' dir='ltr'>nondum</span> <span class='ocrx_word' id='word_1_42' title='bbox 566 395 652 431; x_wconf 91' lang='lat' dir='ltr'>data</span> <span class='ocrx_word' id='word_1_43' title='bbox 679 395 780 431; x_wconf 90' lang='lat' dir='ltr'>finali</span> <span class='ocrx_word' id='word_1_44' title='bbox 812 394 1004 430; x_wconf 91' lang='lat' dir='ltr'>sententia.</span> 
     </span>
    </p>

    <p class='ocr_par' dir='ltr' id='par_1_6' title="bbox 358 446 1420 1493">
     <span class='ocr_line' id='line_1_10' title="bbox 417 446 1420 493; baseline 0.001 -10"><span class='ocrx_word' id='word_1_45' title='bbox 417 447 660 483; x_wconf 86' lang='lat' dir='ltr'>Manifestum</span> <span class='ocrx_word' id='word_1_46' title='bbox 690 455 744 483; x_wconf 89' lang='lat' dir='ltr'>est</span> <span class='ocrx_word' id='word_1_47' title='bbox 771 454 898 482; x_wconf 91' lang='lat' dir='ltr'>autem</span> <span class='ocrx_word' id='word_1_48' title='bbox 927 446 1032 493; x_wconf 92' lang='lat' dir='ltr'>quod</span> <span class='ocrx_word' id='word_1_49' title='bbox 1056 454 1159 482; x_wconf 92' lang='lat' dir='ltr'>actus</span> <span class='ocrx_word' id='word_1_50' title='bbox 1187 447 1344 484; x_wconf 89' lang='lat' dir='ltr'>humani</span> <span class='ocrx_word' id='word_1_51' title='bbox 1365 460 1420 484; x_wconf 93' lang='lat' dir='ltr'>re-</span> 
     </span>
     <span class='ocr_line' id='line_1_11' title="bbox 364 498 1418 548; baseline 0.002 -13"><span class='ocrx_word' id='word_1_52' title='bbox 364 499 480 546; x_wconf 90' lang='lat' dir='ltr'>gulari</span> <span class='ocrx_word' id='word_1_53' title='bbox 499 507 657 547; x_wconf 89' lang='lat' dir='ltr'><strong>possunt</strong></span> <span class='ocrx_word' id='word_1_54' title='bbox 677 511 720 534; x_wconf 85' lang='lat' dir='ltr'>ex</span> <span class='ocrx_word' id='word_1_55' title='bbox 737 498 750 528; x_wconf 76' lang='grc' dir='ltr'>β</span> <span class='ocrx_word' id='word_1_56' title='bbox 769 499 897 545; x_wconf 89' lang='lat' dir='ltr'>regula</span> <span class='ocrx_word' id='word_1_57' title='bbox 923 498 1075 534; x_wconf 92' lang='lat' dir='ltr'>rationis</span> <span class='ocrx_word' id='word_1_58' title='bbox 1095 499 1297 547; x_wconf 86' lang='lat' dir='ltr'>humanae,</span> <span class='ocrx_word' id='word_1_59' title='bbox 1320 513 1418 548; x_wconf 89' lang='lat' dir='ltr'>quae</span> 
     </span>
     <span class='ocr_line' id='line_1_12' title="bbox 363 551 1417 598; baseline 0.003 -11"><span class='ocrx_word' id='word_1_60' title='bbox 363 552 523 587; x_wconf 87' lang='lat' dir='ltr'><strong>sumitur</strong></span> <span class='ocrx_word' id='word_1_61' title='bbox 551 564 595 587; x_wconf 84' lang='lat' dir='ltr'>ex</span> <span class='ocrx_word' id='word_1_62' title='bbox 623 552 735 587; x_wconf 93' lang='lat' dir='ltr'>rebus</span> <span class='ocrx_word' id='word_1_63' title='bbox 765 551 907 597; x_wconf 90' lang='lat' dir='ltr'>creatis,</span> <span class='ocrx_word' id='word_1_64' title='bbox 937 563 1031 598; x_wconf 90' lang='lat' dir='ltr'>quas</span> <span class='ocrx_word' id='word_1_65' title='bbox 1059 552 1275 589; x_wconf 83' lang='lat' dir='ltr'>naturaliter</span> <span class='ocrx_word' id='word_1_66' title='bbox 1298 553 1417 590; x_wconf 90' lang='lat' dir='ltr'>homo</span> 
     </span>
     <span class='ocr_line' id='line_1_13' title="bbox 364 603 1419 652; baseline 0.003 -12"><span class='ocrx_word' id='word_1_67' title='bbox 364 604 574 651; x_wconf 88' lang='lat' dir='ltr'>cognoscit;</span> <span class='ocrx_word' id='word_1_68' title='bbox 605 611 640 639; x_wconf 88' lang='lat' dir='ltr'>et</span> <span class='ocrx_word' id='word_1_69' title='bbox 667 603 820 639; x_wconf 89' lang='lat' dir='ltr'>ulterius</span> <span class='ocrx_word' id='word_1_70' title='bbox 846 616 891 639; x_wconf 84' lang='lat' dir='ltr'>ex</span> <span class='ocrx_word' id='word_1_71' title='bbox 912 605 1039 651; x_wconf 90' lang='lat' dir='ltr'>regula</span> <span class='ocrx_word' id='word_1_72' title='bbox 1067 604 1158 652; x_wconf 91' lang='lat' dir='ltr'>legis</span> <span class='ocrx_word' id='word_1_73' title='bbox 1187 605 1349 652; x_wconf 85' lang='lat' dir='ltr'>divinae,</span> <span class='ocrx_word' id='word_1_74' title='bbox 1378 615 1419 643; x_wconf 92' lang='lat' dir='ltr'>ut</span> 
     </span>
     <span class='ocr_line' id='line_1_14' title="bbox 362 655 1417 705; baseline 0.003 -13"><span class='ocrx_word' id='word_1_75' title='bbox 362 655 503 704; x_wconf 76' lang='lat' dir='ltr'>supra*</span> <span class='ocrx_word' id='word_1_76' title='bbox 523 655 662 691; x_wconf 90' lang='lat' dir='ltr'>dictum</span> <span class='ocrx_word' id='word_1_77' title='bbox 685 663 749 692; x_wconf 90' lang='lat' dir='ltr'>est.</span> <span class='ocrx_word' id='word_1_78' title='bbox 771 656 882 693; x_wconf 87' lang='lat' dir='ltr'>Unde</span> <span class='ocrx_word' id='word_1_79' title='bbox 903 669 990 693; x_wconf 90' lang='lat' dir='ltr'>cum</span> <span class='ocrx_word' id='word_1_80' title='bbox 1012 658 1138 704; x_wconf 89' lang='lat' dir='ltr'>regula</span> <span class='ocrx_word' id='word_1_81' title='bbox 1154 658 1244 705; x_wconf 88' lang='lat' dir='ltr'>legis</span> <span class='ocrx_word' id='word_1_82' title='bbox 1266 659 1417 695; x_wconf 81' lang='lat' dir='ltr'>divinae</span> 
     </span>
     <span class='ocr_line' id='line_1_15' title="bbox 361 707 1415 757; baseline 0.004 -14"><span class='ocrx_word' id='word_1_83' title='bbox 361 708 406 744; x_wconf 90' lang='lat' dir='ltr'>sit</span> <span class='ocrx_word' id='word_1_84' title='bbox 434 707 614 755; x_wconf 80' lang='lat' dir='ltr'><strong>superior,</strong></span> <span class='ocrx_word' id='word_1_85' title='bbox 646 721 882 756; x_wconf 91' lang='lat' dir='ltr'>consequens</span> <span class='ocrx_word' id='word_1_86' title='bbox 911 717 966 746; x_wconf 91' lang='lat' dir='ltr'>est</span> <span class='ocrx_word' id='word_1_87' title='bbox 993 718 1033 746; x_wconf 90' lang='lat' dir='ltr'>ut</span> <span class='ocrx_word' id='word_1_88' title='bbox 1060 710 1190 746; x_wconf 90' lang='lat' dir='ltr'>ultima</span> <span class='ocrx_word' id='word_1_89' title='bbox 1218 711 1415 757; x_wconf 87' lang='lat' dir='ltr'>sententia,</span> 
     </span>
     <span class='ocr_line' id='line_1_16' title="bbox 360 760 1418 811; baseline 0.004 -16"><span class='ocrx_word' id='word_1_90' title='bbox 360 773 428 808; x_wconf 90' lang='lat' dir='ltr'>per</span> <span class='ocrx_word' id='word_1_91' title='bbox 444 772 559 807; x_wconf 89' lang='lat' dir='ltr'>quam</span> <span class='ocrx_word' id='word_1_92' title='bbox 588 760 769 797; x_wconf 88' lang='lat' dir='ltr'>iudicium</span> <span class='ocrx_word' id='word_1_93' title='bbox 788 762 950 798; x_wconf 88' lang='lat' dir='ltr'>finaliter</span> <span class='ocrx_word' id='word_1_94' title='bbox 973 763 1204 810; x_wconf 83' lang='lat' dir='ltr'>terminatur,</span> <span class='ocrx_word' id='word_1_95' title='bbox 1233 764 1418 811; x_wconf 88' lang='lat' dir='ltr'>pertineat</span> 
     </span>
     <span class='ocr_line' id='line_1_17' title="bbox 361 812 1417 862; baseline 0.004 -14"><span class='ocrx_word' id='word_1_96' title='bbox 361 813 409 849; x_wconf 91' lang='lat' dir='ltr'>ad</span> <span class='ocrx_word' id='word_1_97' title='bbox 428 812 610 850; x_wconf 90' lang='lat' dir='ltr'>rationem</span> <span class='ocrx_word' id='word_1_98' title='bbox 632 814 878 862; x_wconf 88' lang='lat' dir='ltr'>superiorem,</span> <span class='ocrx_word' id='word_1_99' title='bbox 909 827 1006 862; x_wconf 90' lang='lat' dir='ltr'>quae</span> <span class='ocrx_word' id='word_1_100' title='bbox 1031 815 1188 852; x_wconf 88' lang='lat' dir='ltr'>intendit</span> <span class='ocrx_word' id='word_1_101' title='bbox 1212 816 1417 852; x_wconf 90' lang='lat' dir='ltr'>rationibus</span> 
     </span>
     <span class='ocr_line' id='line_1_18' title="bbox 361 865 1417 916; baseline 0.003 -15"><span class='ocrx_word' id='word_1_102' title='bbox 361 865 532 902; x_wconf 70' lang='lat' dir='ltr'>aeternis</span> <span class='ocrx_word' id='word_1_103' title='bbox 555 866 654 902; x_wconf 93' lang='lat' dir='ltr'>Cum</span> <span class='ocrx_word' id='word_1_104' title='bbox 675 874 802 903; x_wconf 89' lang='lat' dir='ltr'>autem</span> <span class='ocrx_word' id='word_1_105' title='bbox 821 868 867 904; x_wconf 93' lang='lat' dir='ltr'>de</span> <span class='ocrx_word' id='word_1_106' title='bbox 882 868 1052 916; x_wconf 88' lang='lat' dir='ltr'>pluribus</span> <span class='ocrx_word' id='word_1_107' title='bbox 1072 868 1232 904; x_wconf 89' lang='lat' dir='ltr'>occurrit</span> <span class='ocrx_word' id='word_1_108' title='bbox 1250 868 1417 904; x_wconf 89' lang='lat' dir='ltr'>iudican-</span> 
     </span>
     <span class='ocr_line' id='line_1_19' title="bbox 361 918 1417 968; baseline 0.001 -13"><span class='ocrx_word' id='word_1_109' title='bbox 361 918 465 964; x_wconf 86' lang='lat' dir='ltr'>dum,</span> <span class='ocrx_word' id='word_1_110' title='bbox 495 918 608 965; x_wconf 88' lang='lat' dir='ltr'>finale</span> <span class='ocrx_word' id='word_1_111' title='bbox 637 918 817 956; x_wconf 90' lang='lat' dir='ltr'>iudicium</span> <span class='ocrx_word' id='word_1_112' title='bbox 847 928 902 957; x_wconf 91' lang='lat' dir='ltr'>est</span> <span class='ocrx_word' id='word_1_113' title='bbox 926 921 973 956; x_wconf 92' lang='lat' dir='ltr'>de</span> <span class='ocrx_word' id='word_1_114' title='bbox 994 933 1040 956; x_wconf 94' lang='lat' dir='ltr'>eo</span> <span class='ocrx_word' id='word_1_115' title='bbox 1070 920 1173 968; x_wconf 89' lang='lat' dir='ltr'>quod</span> <span class='ocrx_word' id='word_1_116' title='bbox 1201 920 1334 956; x_wconf 92' lang='lat' dir='ltr'>ultimo</span> <span class='ocrx_word' id='word_1_117' title='bbox 1355 933 1417 956; x_wconf 90' lang='lat' dir='ltr'>oc-</span> 
     </span>
     <span class='ocr_line' id='line_1_20' title="bbox 361 971 1419 1010; baseline 0.002 -3"><span class='ocrx_word' id='word_1_118' title='bbox 361 971 482 1007; x_wconf 85' lang='lat' dir='ltr'>currit.</span> <span class='ocrx_word' id='word_1_119' title='bbox 514 972 556 1007; x_wconf 91' lang='lat' dir='ltr'>In</span> <span class='ocrx_word' id='word_1_120' title='bbox 575 972 718 1008; x_wconf 90' lang='lat' dir='ltr'>actibus</span> <span class='ocrx_word' id='word_1_121' title='bbox 747 980 873 1009; x_wconf 92' lang='lat' dir='ltr'>autem</span> <span class='ocrx_word' id='word_1_122' title='bbox 901 973 1076 1009; x_wconf 89' lang='lat' dir='ltr'>humanis</span> <span class='ocrx_word' id='word_1_123' title='bbox 1104 973 1237 1009; x_wconf 88' lang='lat' dir='ltr'>ultimo</span> <span class='ocrx_word' id='word_1_124' title='bbox 1259 973 1419 1010; x_wconf 90' lang='lat' dir='ltr'>occurrit</span> 
     </span>
     <span class='ocr_line' id='line_1_21' title="bbox 360 1023 1416 1072; baseline 0.003 -13"><span class='ocrx_word' id='word_1_125' title='bbox 360 1023 439 1072; x_wconf 90' lang='lat' dir='ltr'>ipse</span> <span class='ocrx_word' id='word_1_126' title='bbox 468 1031 587 1069; x_wconf 89' lang='lat' dir='ltr'>actus;</span> <span class='ocrx_word' id='word_1_127' title='bbox 618 1026 905 1072; x_wconf 89' lang='lat' dir='ltr'>praeambulum</span> <span class='ocrx_word' id='word_1_128' title='bbox 933 1033 1059 1061; x_wconf 89' lang='lat' dir='ltr'>autem</span> <span class='ocrx_word' id='word_1_129' title='bbox 1090 1033 1144 1061; x_wconf 89' lang='lat' dir='ltr'>est</span> <span class='ocrx_word' id='word_1_130' title='bbox 1172 1025 1368 1062; x_wconf 87' lang='lat' dir='ltr'>delectatio</span> <span class='ocrx_word' id='word_1_131' title='bbox 1389 1031 1416 1072; x_wconf 71' lang='grc' dir='ltr'>Ὺ,</span> 
     </span>
     <span class='ocr_line' id='line_1_22' title="bbox 361 1077 1418 1125; baseline 0.003 -13"><span class='ocrx_word' id='word_1_132' title='bbox 361 1089 458 1125; x_wconf 91' lang='lat' dir='ltr'>quae</span> <span class='ocrx_word' id='word_1_133' title='bbox 487 1077 628 1113; x_wconf 86' lang='lat' dir='ltr'>inducit</span> <span class='ocrx_word' id='word_1_134' title='bbox 656 1077 703 1113; x_wconf 91' lang='lat' dir='ltr'>ad</span> <span class='ocrx_word' id='word_1_135' title='bbox 732 1085 870 1113; x_wconf 91' lang='lat' dir='ltr'>actum.</span> <span class='ocrx_word' id='word_1_136' title='bbox 901 1079 949 1113; x_wconf 89' lang='lat' dir='ltr'>Et</span> <span class='ocrx_word' id='word_1_137' title='bbox 968 1078 1054 1114; x_wconf 93' lang='lat' dir='ltr'>ideo</span> <span class='ocrx_word' id='word_1_138' title='bbox 1075 1078 1123 1114; x_wconf 94' lang='lat' dir='ltr'>ad</span> <span class='ocrx_word' id='word_1_139' title='bbox 1149 1078 1333 1115; x_wconf 91' lang='lat' dir='ltr'>rationem</span> <span class='ocrx_word' id='word_1_140' title='bbox 1358 1091 1418 1115; x_wconf 90' lang='lat' dir='ltr'>su-</span> 
     </span>
     <span class='ocr_line' id='line_1_23' title="bbox 359 1129 1415 1177; baseline 0.003 -12"><span class='ocrx_word' id='word_1_141' title='bbox 359 1130 548 1177; x_wconf 87' lang='lat' dir='ltr'>periorem</span> <span class='ocrx_word' id='word_1_142' title='bbox 583 1129 735 1177; x_wconf 90' lang='lat' dir='ltr'>proprie</span> <span class='ocrx_word' id='word_1_143' title='bbox 769 1130 928 1177; x_wconf 86' lang='lat' dir='ltr'>pertinet</span> <span class='ocrx_word' id='word_1_144' title='bbox 961 1142 1167 1166; x_wconf 89' lang='lat' dir='ltr'>consensus</span> <span class='ocrx_word' id='word_1_145' title='bbox 1200 1131 1238 1167; x_wconf 91' lang='lat' dir='ltr'>in</span> <span class='ocrx_word' id='word_1_146' title='bbox 1271 1139 1415 1177; x_wconf 91' lang='lat' dir='ltr'>actum;</span> 
     </span>
     <span class='ocr_line' id='line_1_24' title="bbox 361 1182 1417 1231; baseline 0.003 -14"><span class='ocrx_word' id='word_1_147' title='bbox 361 1182 408 1218; x_wconf 93' lang='lat' dir='ltr'>ad</span> <span class='ocrx_word' id='word_1_148' title='bbox 434 1182 615 1218; x_wconf 90' lang='lat' dir='ltr'>rationem</span> <span class='ocrx_word' id='word_1_149' title='bbox 636 1194 728 1218; x_wconf 84' lang='lat' dir='ltr'>vero</span> <span class='ocrx_word' id='word_1_150' title='bbox 749 1182 977 1229; x_wconf 87' lang='lat' dir='ltr'>inferiorem,</span> <span class='ocrx_word' id='word_1_151' title='bbox 1009 1195 1105 1231; x_wconf 89' lang='lat' dir='ltr'>quae</span> <span class='ocrx_word' id='word_1_152' title='bbox 1125 1183 1240 1219; x_wconf 89' lang='lat' dir='ltr'>habet</span> <span class='ocrx_word' id='word_1_153' title='bbox 1264 1183 1417 1220; x_wconf 87' lang='lat' dir='ltr'>inferius</span> 
     </span>
     <span class='ocr_line' id='line_1_25' title="bbox 358 1234 1418 1285; baseline 0.003 -15"><span class='ocrx_word' id='word_1_154' title='bbox 358 1234 552 1280; x_wconf 88' lang='lat' dir='ltr'>iudicium,</span> <span class='ocrx_word' id='word_1_155' title='bbox 581 1234 741 1282; x_wconf 89' lang='lat' dir='ltr'>pertinet</span> <span class='ocrx_word' id='word_1_156' title='bbox 769 1235 949 1271; x_wconf 91' lang='lat' dir='ltr'>iudicium</span> <span class='ocrx_word' id='word_1_157' title='bbox 977 1237 1281 1283; x_wconf 89' lang='lat' dir='ltr'>praeambulum,</span> <span class='ocrx_word' id='word_1_158' title='bbox 1313 1237 1418 1285; x_wconf 88' lang='lat' dir='ltr'>quod</span> 
     </span>
     <span class='ocr_line' id='line_1_26' title="bbox 361 1286 1418 1334; baseline 0.003 -12"><span class='ocrx_word' id='word_1_159' title='bbox 361 1294 415 1323; x_wconf 91' lang='lat' dir='ltr'>est</span> <span class='ocrx_word' id='word_1_160' title='bbox 444 1287 489 1322; x_wconf 94' lang='lat' dir='ltr'>de</span> <span class='ocrx_word' id='word_1_161' title='bbox 520 1286 779 1323; x_wconf 88' lang='lat' dir='ltr'>delectatione.</span> <span class='ocrx_word' id='word_1_162' title='bbox 801 1307 825 1315; x_wconf 89' lang='lat'>—</span> <span class='ocrx_word' id='word_1_163' title='bbox 846 1288 1034 1334; x_wconf 87' lang='lat' dir='ltr'>Quamvis</span> <span class='ocrx_word' id='word_1_164' title='bbox 1062 1288 1174 1325; x_wconf 89' lang='lat' dir='ltr'>etiam</span> <span class='ocrx_word' id='word_1_165' title='bbox 1196 1296 1231 1325; x_wconf 88' lang='lat' dir='ltr'>et</span> <span class='ocrx_word' id='word_1_166' title='bbox 1250 1289 1297 1325; x_wconf 92' lang='lat' dir='ltr'>de</span> <span class='ocrx_word' id='word_1_167' title='bbox 1318 1290 1418 1326; x_wconf 93' lang='lat' dir='ltr'>dele-</span> 
     </span>
     <span class='ocr_line' id='line_1_27' title="bbox 360 1339 1418 1390; baseline 0.004 -16"><span class='ocrx_word' id='word_1_168' title='bbox 360 1339 520 1375; x_wconf 89' lang='lat' dir='ltr'>ctatione</span> <span class='ocrx_word' id='word_1_169' title='bbox 549 1339 721 1387; x_wconf 86' lang='lat' dir='ltr'>superior</span> <span class='ocrx_word' id='word_1_170' title='bbox 747 1340 839 1376; x_wconf 91' lang='lat' dir='ltr'>ratio</span> <span class='ocrx_word' id='word_1_171' title='bbox 861 1340 1025 1377; x_wconf 89' lang='lat' dir='ltr'>iudicare</span> <span class='ocrx_word' id='word_1_172' title='bbox 1045 1341 1180 1389; x_wconf 87' lang='lat' dir='ltr'>possit:</span> <span class='ocrx_word' id='word_1_173' title='bbox 1202 1341 1291 1389; x_wconf 90' lang='lat' dir='ltr'>quia</span> <span class='ocrx_word' id='word_1_174' title='bbox 1311 1342 1418 1390; x_wconf 91' lang='lat' dir='ltr'>quid-</span> 
     </span>
     <span class='ocr_line' id='line_1_28' title="bbox 359 1391 1415 1440; baseline 0.004 -13"><span class='ocrx_word' id='word_1_175' title='bbox 359 1391 449 1439; x_wconf 89' lang='lat' dir='ltr'>quid</span> <span class='ocrx_word' id='word_1_176' title='bbox 483 1391 622 1428; x_wconf 89' lang='lat' dir='ltr'>iudicio</span> <span class='ocrx_word' id='word_1_177' title='bbox 657 1392 828 1429; x_wconf 89' lang='lat' dir='ltr'>subditur</span> <span class='ocrx_word' id='word_1_178' title='bbox 861 1393 1059 1440; x_wconf 82' lang='lat' dir='ltr'>inferioris,</span> <span class='ocrx_word' id='word_1_179' title='bbox 1095 1394 1267 1430; x_wconf 88' lang='lat' dir='ltr'>subditur</span> <span class='ocrx_word' id='word_1_180' title='bbox 1305 1394 1415 1431; x_wconf 90' lang='lat' dir='ltr'>etiam</span> 
     </span>
     <span class='ocr_line' id='line_1_29' title="bbox 359 1443 1225 1493; baseline 0.005 -14"><span class='ocrx_word' id='word_1_181' title='bbox 359 1443 498 1481; x_wconf 90' lang='lat' dir='ltr'>iudicio</span> <span class='ocrx_word' id='word_1_182' title='bbox 529 1445 750 1493; x_wconf 89' lang='lat' dir='ltr'>superioris,</span> <span class='ocrx_word' id='word_1_183' title='bbox 782 1446 849 1482; x_wconf 91' lang='lat' dir='ltr'>sed</span> <span class='ocrx_word' id='word_1_184' title='bbox 878 1459 955 1482; x_wconf 92' lang='lat' dir='ltr'>non</span> <span class='ocrx_word' id='word_1_185' title='bbox 985 1446 1225 1483; x_wconf 81' lang='lat' dir='ltr'>convertitur.</span> 
     </span>
    </p>

    <p class='ocr_par' dir='ltr' id='par_1_7' title="bbox 359 1499 1421 1856">
     <span class='ocr_line' id='line_1_30' title="bbox 411 1499 1418 1547; baseline 0.003 -14"><span class='ocrx_word' id='word_1_186' title='bbox 411 1499 470 1533; x_wconf 81' lang='lat' dir='ltr'>AD</span> <span class='ocrx_word' id='word_1_187' title='bbox 498 1509 635 1534; x_wconf 80' lang='lat' dir='ltr'>PRIMUM</span> <span class='ocrx_word' id='word_1_188' title='bbox 663 1510 760 1535; x_wconf 85' lang='lat' dir='ltr'>ERGO</span> <span class='ocrx_word' id='word_1_189' title='bbox 790 1510 973 1535; x_wconf 83' lang='lat' dir='ltr'><strong>DICENDUM</strong></span> <span class='ocrx_word' id='word_1_190' title='bbox 1003 1499 1106 1547; x_wconf 91' lang='lat' dir='ltr'>quod</span> <span class='ocrx_word' id='word_1_191' title='bbox 1132 1499 1342 1536; x_wconf 90' lang='lat' dir='ltr'>consentire</span> <span class='ocrx_word' id='word_1_192' title='bbox 1363 1508 1418 1537; x_wconf 91' lang='lat' dir='ltr'>est</span> 
     </span>
     <span class='ocr_line' id='line_1_31' title="bbox 359 1550 1417 1598; baseline 0.004 -13"><span class='ocrx_word' id='word_1_193' title='bbox 359 1557 463 1586; x_wconf 89' lang='lat' dir='ltr'>actus</span> <span class='ocrx_word' id='word_1_194' title='bbox 492 1550 717 1598; x_wconf 91' lang='lat' dir='ltr'>appetitivae</span> <span class='ocrx_word' id='word_1_195' title='bbox 738 1551 882 1587; x_wconf 87' lang='lat' dir='ltr'>virtutis</span> <span class='ocrx_word' id='word_1_196' title='bbox 911 1564 989 1588; x_wconf 92' lang='lat' dir='ltr'>non</span> <span class='ocrx_word' id='word_1_197' title='bbox 1019 1553 1200 1598; x_wconf 91' lang='lat' dir='ltr'>absolute,</span> <span class='ocrx_word' id='word_1_198' title='bbox 1231 1552 1298 1589; x_wconf 91' lang='lat' dir='ltr'>sed</span> <span class='ocrx_word' id='word_1_199' title='bbox 1328 1565 1417 1589; x_wconf 92' lang='lat' dir='ltr'>con-</span> 
     </span>
     <span class='ocr_line' id='line_1_32' title="bbox 360 1601 1421 1650; baseline 0.003 -12"><span class='ocrx_word' id='word_1_200' title='bbox 360 1610 561 1650; x_wconf 88' lang='lat' dir='ltr'>sequenter</span> <span class='ocrx_word' id='word_1_201' title='bbox 579 1601 592 1624; x_wconf 72' lang='grc' dir='ltr'><em>δ</em></span> <span class='ocrx_word' id='word_1_202' title='bbox 620 1604 667 1640; x_wconf 91' lang='lat' dir='ltr'>ad</span> <span class='ocrx_word' id='word_1_203' title='bbox 693 1611 817 1639; x_wconf 87' lang='lat' dir='ltr'>actum</span> <span class='ocrx_word' id='word_1_204' title='bbox 837 1604 989 1640; x_wconf 90' lang='lat' dir='ltr'>rationis</span> <span class='ocrx_word' id='word_1_205' title='bbox 1011 1604 1248 1641; x_wconf 90' lang='lat' dir='ltr'>deliberantis</span> <span class='ocrx_word' id='word_1_206' title='bbox 1269 1612 1304 1641; x_wconf 90' lang='lat' dir='ltr'>et</span> <span class='ocrx_word' id='word_1_207' title='bbox 1323 1605 1421 1642; x_wconf 91' lang='lat' dir='ltr'>iudi--</span> 
     </span>
     <span class='ocr_line' id='line_1_33' title="bbox 361 1655 1418 1704; baseline 0.004 -14"><span class='ocrx_word' id='word_1_208' title='bbox 361 1655 494 1701; x_wconf 89' lang='lat' dir='ltr'>cantis,</span> <span class='ocrx_word' id='word_1_209' title='bbox 524 1663 565 1691; x_wconf 90' lang='lat' dir='ltr'>ut</span> <span class='ocrx_word' id='word_1_210' title='bbox 593 1668 706 1704; x_wconf 90' lang='lat' dir='ltr'>supra</span> <span class='ocrx_word' id='word_1_211' title='bbox 725 1656 744 1677; x_wconf 70' lang='lat'>²¹⁶</span> <span class='ocrx_word' id='word_1_212' title='bbox 773 1657 913 1693; x_wconf 88' lang='lat' dir='ltr'>dictum</span> <span class='ocrx_word' id='word_1_213' title='bbox 945 1665 1019 1693; x_wconf 90' lang='lat' dir='ltr'>est:</span> <span class='ocrx_word' id='word_1_214' title='bbox 1049 1657 1087 1693; x_wconf 92' lang='lat' dir='ltr'>in</span> <span class='ocrx_word' id='word_1_215' title='bbox 1115 1658 1190 1694; x_wconf 89' lang='lat' dir='ltr'>hoc</span> <span class='ocrx_word' id='word_1_216' title='bbox 1219 1658 1319 1694; x_wconf 92' lang='lat' dir='ltr'>enim</span> <span class='ocrx_word' id='word_1_217' title='bbox 1347 1666 1418 1699; x_wconf 84' lang='lat' dir='ltr'>ter-</span> 
     </span>
     <span class='ocr_line' id='line_1_34' title="bbox 359 1707 1417 1757; baseline 0.005 -14"><span class='ocrx_word' id='word_1_218' title='bbox 359 1707 523 1744; x_wconf 89' lang='lat' dir='ltr'>minatur</span> <span class='ocrx_word' id='word_1_219' title='bbox 551 1720 770 1755; x_wconf 81' lang='lat' dir='ltr'>consensus,</span> <span class='ocrx_word' id='word_1_220' title='bbox 800 1710 905 1757; x_wconf 83' lang='lat' dir='ltr'>quod</span> <span class='ocrx_word' id='word_1_221' title='bbox 932 1710 1109 1746; x_wconf 90' lang='lat' dir='ltr'>voluntas</span> <span class='ocrx_word' id='word_1_222' title='bbox 1138 1710 1256 1746; x_wconf 90' lang='lat' dir='ltr'>tendit</span> <span class='ocrx_word' id='word_1_223' title='bbox 1274 1715 1285 1731; x_wconf 58' lang='grc' dir='ltr'><strong>ε</strong></span> <span class='ocrx_word' id='word_1_224' title='bbox 1313 1710 1351 1747; x_wconf 92' lang='lat' dir='ltr'>in</span> <span class='ocrx_word' id='word_1_225' title='bbox 1379 1711 1417 1749; x_wconf 93' lang='lat' dir='ltr'>id</span> 
     </span>
     <span class='ocr_line' id='line_1_35' title="bbox 360 1760 1418 1812; baseline 0.005 -17"><span class='ocrx_word' id='word_1_226' title='bbox 360 1760 464 1807; x_wconf 93' lang='lat' dir='ltr'>quod</span> <span class='ocrx_word' id='word_1_227' title='bbox 485 1768 539 1797; x_wconf 90' lang='lat' dir='ltr'>est</span> <span class='ocrx_word' id='word_1_228' title='bbox 568 1761 711 1797; x_wconf 89' lang='lat' dir='ltr'>ratione</span> <span class='ocrx_word' id='word_1_229' title='bbox 741 1761 958 1798; x_wconf 89' lang='lat' dir='ltr'>iudicatum.</span> <span class='ocrx_word' id='word_1_230' title='bbox 990 1763 1101 1799; x_wconf 91' lang='lat' dir='ltr'>Unde</span> <span class='ocrx_word' id='word_1_231' title='bbox 1123 1775 1330 1800; x_wconf 87' lang='lat' dir='ltr'>consensus</span> <span class='ocrx_word' id='word_1_232' title='bbox 1349 1776 1418 1812; x_wconf 89' lang='lat' dir='ltr'>po-</span> 
     </span>
     <span class='ocr_line' id='line_1_36' title="bbox 359 1813 1383 1856; baseline 0.004 -7"><span class='ocrx_word' id='word_1_233' title='bbox 359 1820 429 1849; x_wconf 90' lang='lat' dir='ltr'>test</span> <span class='ocrx_word' id='word_1_234' title='bbox 457 1813 605 1850; x_wconf 88' lang='lat' dir='ltr'>attribui</span> <span class='ocrx_word' id='word_1_235' title='bbox 636 1822 670 1850; x_wconf 91' lang='lat' dir='ltr'>et</span> <span class='ocrx_word' id='word_1_236' title='bbox 697 1815 882 1851; x_wconf 82' lang='lat' dir='ltr'>voluntati</span> <span class='ocrx_word' id='word_1_237' title='bbox 912 1822 947 1851; x_wconf 95' lang='lat' dir='ltr'>et</span> <span class='ocrx_word' id='word_1_238' title='bbox 976 1815 1109 1852; x_wconf 91' lang='lat' dir='ltr'>rationi</span> <span class='ocrx_word' id='word_1_239' title='bbox 1130 1818 1160 1852; x_wconf 68' lang='grc'>””·’.</span> <span class='ocrx_word' id='word_1_240' title='bbox 1379 1853 1383 1856; x_wconf 83' lang='grc'><em>,</em></span> 
     </span>
    </p>

    <p class='ocr_par' dir='ltr' id='par_1_8' title="bbox 359 1868 1418 1967">
     <span class='ocr_line' id='line_1_37' title="bbox 411 1868 1417 1917; baseline 0.003 -15"><span class='ocrx_word' id='word_1_241' title='bbox 411 1868 469 1902; x_wconf 86' lang='lat' dir='ltr'>AD</span> <span class='ocrx_word' id='word_1_242' title='bbox 498 1878 687 1903; x_wconf 78' lang='lat' dir='ltr'><strong>SECUNDUM</strong></span> <span class='ocrx_word' id='word_1_243' title='bbox 717 1879 899 1904; x_wconf 84' lang='lat' dir='ltr'>D1CENDUM</span> <span class='ocrx_word' id='word_1_244' title='bbox 924 1868 1029 1916; x_wconf 91' lang='lat' dir='ltr'>quod</span> <span class='ocrx_word' id='word_1_245' title='bbox 1050 1881 1095 1904; x_wconf 86' lang='lat' dir='ltr'>ex</span> <span class='ocrx_word' id='word_1_246' title='bbox 1114 1869 1188 1904; x_wconf 89' lang='lat' dir='ltr'>hoc</span> <span class='ocrx_word' id='word_1_247' title='bbox 1207 1868 1291 1916; x_wconf 92' lang='lat' dir='ltr'>ipso</span> <span class='ocrx_word' id='word_1_248' title='bbox 1313 1869 1417 1917; x_wconf 90' lang='lat' dir='ltr'>quod</span> 
     </span>
     <span class='ocr_line' id='line_1_38' title="bbox 359 1919 1418 1967; baseline 0.004 -13"><span class='ocrx_word' id='word_1_249' title='bbox 359 1919 452 1955; x_wconf 90' lang='lat' dir='ltr'>ratio</span> <span class='ocrx_word' id='word_1_250' title='bbox 482 1919 654 1967; x_wconf 89' lang='lat' dir='ltr'>superior</span> <span class='ocrx_word' id='word_1_251' title='bbox 682 1933 760 1956; x_wconf 93' lang='lat' dir='ltr'>non</span> <span class='ocrx_word' id='word_1_252' title='bbox 789 1920 909 1967; x_wconf 85' lang='lat' dir='ltr'>dirigit</span> <span class='ocrx_word' id='word_1_253' title='bbox 938 1929 1042 1957; x_wconf 89' lang='lat' dir='ltr'>actus</span> <span class='ocrx_word' id='word_1_254' title='bbox 1071 1922 1261 1957; x_wconf 90' lang='lat' dir='ltr'>humanos</span> <span class='ocrx_word' id='word_1_255' title='bbox 1286 1933 1418 1958; x_wconf 91' lang='lat' dir='ltr'>secun-</span> 
     </span>
    </p>
   </div>
   <div class='ocr_carea' id='block_1_6' title="bbox 410 2031 953 2135">
    <p class='ocr_par' dir='ltr' id='par_1_9' title="bbox 410 2031 953 2135">
     <span class='ocr_line' id='line_1_39' title="bbox 412 2031 842 2064; baseline 0.005 -8"><span class='ocrx_word' id='word_1_256' title='bbox 412 2031 436 2064; x_wconf 88' lang='grc' dir='ltr'>β)</span> <span class='ocrx_word' id='word_1_257' title='bbox 456 2039 500 2057; x_wconf 79' lang='lat' dir='ltr'>ex.</span> <span class='ocrx_word' id='word_1_258' title='bbox 519 2046 538 2050; x_wconf 97' lang='lat'><em>-</em></span> <span class='ocrx_word' id='word_1_259' title='bbox 556 2035 582 2056; x_wconf 87' lang='lat' dir='ltr'>et</span> <span class='ocrx_word' id='word_1_260' title='bbox 600 2032 842 2058; x_wconf 83' lang='lat' dir='ltr'>ABCDEFGHILa.</span> 
     </span>
     <span class='ocr_line' id='line_1_40' title="bbox 410 2067 942 2100; baseline 0.004 -9"><span class='ocrx_word' id='word_1_261' title='bbox 410 2068 437 2100; x_wconf 87' lang='grc' dir='ltr'>γ)</span> <span class='ocrx_word' id='word_1_262' title='bbox 458 2067 606 2092; x_wconf 69' lang='lat' dir='ltr'>delectatio,</span> <span class='ocrx_word' id='word_1_263' title='bbox 624 2081 642 2086; x_wconf 91' lang='lat'>-</span> <span class='ocrx_word' id='word_1_264' title='bbox 661 2068 718 2099; x_wconf 84' lang='lat' dir='ltr'>ipsa</span> <span class='ocrx_word' id='word_1_265' title='bbox 739 2069 877 2093; x_wconf 80' lang='lat' dir='ltr'>delectatio</span> <span class='ocrx_word' id='word_1_266' title='bbox 897 2069 942 2093; x_wconf 86' lang='lat' dir='ltr'>Pa.</span> 
     </span>
     <span class='ocr_line' id='line_1_41' title="bbox 410 2102 953 2135; baseline 0.004 -8"><span class='ocrx_word' id='word_1_267' title='bbox 410 2102 434 2135; x_wconf 79' lang='grc' dir='ltr'>ὃ)</span> <span class='ocrx_word' id='word_1_268' title='bbox 454 2106 649 2134; x_wconf 83' lang='lat' dir='ltr'>consequenter.</span> <span class='ocrx_word' id='word_1_269' title='bbox 667 2116 686 2121; x_wconf 97' lang='lat'>—</span> <span class='ocrx_word' id='word_1_270' title='bbox 703 2110 863 2135; x_wconf 77' lang='lat' dir='ltr'>consequens</span> <span class='ocrx_word' id='word_1_271' title='bbox 882 2104 953 2129; x_wconf 84' lang='lat' dir='ltr'>PKa.</span> 
     </span>
    </p>
   </div>
   <div class='ocr_carea' id='block_1_7' title="bbox 1443 256 1449 1254">
    <p class='ocr_par' dir='ltr' id='par_1_10' title="bbox 1443 256 1449 1254">
     <span class='ocr_line' id='line_1_42' title="bbox 1443 256 1449 1254; baseline 0 0"><span class='ocrx_word' id='word_1_272' title='bbox 1443 256 1449 1254; x_wconf 95' lang='lat' dir='ltr'> </span> 
     </span>
    </p>
   </div>
   <div class='ocr_carea' id='block_1_8' title="bbox 1004 160 1890 206">
    <p class='ocr_par' dir='ltr' id='par_1_11' title="bbox 1004 160 1890 206">
     <span class='ocr_line' id='line_1_43' title="bbox 1004 160 1890 206; baseline 0.005 -11"><span class='ocrx_word' id='word_1_273' title='bbox 1004 160 1268 206; x_wconf 89' lang='lat' dir='ltr'>QUAESTIO</span> <span class='ocrx_word' id='word_1_274' title='bbox 1299 161 1470 206; x_wconf 84' lang='lat' dir='ltr'>LXXIV,</span> <span class='ocrx_word' id='word_1_275' title='bbox 1501 161 1794 198; x_wconf 91' lang='lat' dir='ltr'>ARTICULUS</span> <span class='ocrx_word' id='word_1_276' title='bbox 1823 163 1890 199; x_wconf 93' lang='lat' dir='ltr'>VII</span> 
     </span>
    </p>
   </div>
   <div class='ocr_carea' id='block_1_9' title="bbox 1470 237 2571 1867">
    <p class='ocr_par' dir='ltr' id='par_1_12' title="bbox 1470 237 2531 853">
     <span class='ocr_line' id='line_1_44' title="bbox 1477 237 2529 291; baseline 0.008 -18"><span class='ocrx_word' id='word_1_277' title='bbox 1477 237 1569 274; x_wconf 92' lang='lat' dir='ltr'>dum</span> <span class='ocrx_word' id='word_1_278' title='bbox 1598 239 1720 286; x_wconf 90' lang='lat' dir='ltr'>legem</span> <span class='ocrx_word' id='word_1_279' title='bbox 1751 239 1939 287; x_wconf 86' lang='lat' dir='ltr'>divinam,</span> <span class='ocrx_word' id='word_1_280' title='bbox 1970 241 2180 289; x_wconf 90' lang='lat' dir='ltr'>impediens</span> <span class='ocrx_word' id='word_1_281' title='bbox 2209 251 2334 280; x_wconf 90' lang='lat' dir='ltr'>actum</span> <span class='ocrx_word' id='word_1_282' title='bbox 2362 242 2529 291; x_wconf 86' lang='lat' dir='ltr'>peceati,</span> 
     </span>
     <span class='ocr_line' id='line_1_45' title="bbox 1477 290 2531 343; baseline 0.007 -17"><span class='ocrx_word' id='word_1_283' title='bbox 1477 290 1608 326; x_wconf 90' lang='lat' dir='ltr'>dicitur</span> <span class='ocrx_word' id='word_1_284' title='bbox 1634 291 1715 339; x_wconf 91' lang='lat' dir='ltr'>ipsa</span> <span class='ocrx_word' id='word_1_285' title='bbox 1744 292 1972 338; x_wconf 85' lang='lat' dir='ltr'>consentire;</span> <span class='ocrx_word' id='word_1_286' title='bbox 2002 294 2082 330; x_wconf 91' lang='lat' dir='ltr'>sive</span> <span class='ocrx_word' id='word_1_287' title='bbox 2115 295 2251 342; x_wconf 91' lang='lat' dir='ltr'>cogitet</span> <span class='ocrx_word' id='word_1_288' title='bbox 2280 296 2327 332; x_wconf 91' lang='lat' dir='ltr'>de</span> <span class='ocrx_word' id='word_1_289' title='bbox 2360 297 2441 343; x_wconf 90' lang='lat' dir='ltr'>lege</span> <span class='ocrx_word' id='word_1_290' title='bbox 2469 308 2531 332; x_wconf 91' lang='lat' dir='ltr'>ae-</span> 
     </span>
     <span class='ocr_line' id='line_1_46' title="bbox 1475 343 2529 395; baseline 0.007 -17"><span class='ocrx_word' id='word_1_291' title='bbox 1475 349 1591 390; x_wconf 89' lang='lat' dir='ltr'>terna,</span> <span class='ocrx_word' id='word_1_292' title='bbox 1614 343 1693 380; x_wconf 89' lang='lat' dir='ltr'>sive</span> <span class='ocrx_word' id='word_1_293' title='bbox 1719 355 1808 380; x_wconf 90' lang='lat' dir='ltr'>non.</span> <span class='ocrx_word' id='word_1_294' title='bbox 1839 344 1939 380; x_wconf 91' lang='lat' dir='ltr'>Cum</span> <span class='ocrx_word' id='word_1_295' title='bbox 1969 345 2068 382; x_wconf 91' lang='lat' dir='ltr'>enim</span> <span class='ocrx_word' id='word_1_296' title='bbox 2098 347 2234 394; x_wconf 88' lang='lat' dir='ltr'>cogitat</span> <span class='ocrx_word' id='word_1_297' title='bbox 2261 347 2308 384; x_wconf 91' lang='lat' dir='ltr'>de</span> <span class='ocrx_word' id='word_1_298' title='bbox 2337 348 2417 395; x_wconf 90' lang='lat' dir='ltr'>lege</span> <span class='ocrx_word' id='word_1_299' title='bbox 2446 348 2529 395; x_wconf 88' lang='lat' dir='ltr'>Dei,</span> 
     </span>
     <span class='ocr_line' id='line_1_47' title="bbox 1474 396 2530 447; baseline 0.006 -16"><span class='ocrx_word' id='word_1_300' title='bbox 1474 403 1559 431; x_wconf 91' lang='lat' dir='ltr'>actu</span> <span class='ocrx_word' id='word_1_301' title='bbox 1588 408 1672 432; x_wconf 89' lang='lat' dir='ltr'>earn</span> <span class='ocrx_word' id='word_1_302' title='bbox 1693 396 1918 432; x_wconf 87' lang='lat' dir='ltr'>contemnit:</span> <span class='ocrx_word' id='word_1_303' title='bbox 1950 409 2036 433; x_wconf 90' lang='lat' dir='ltr'>cum</span> <span class='ocrx_word' id='word_1_304' title='bbox 2055 409 2149 434; x_wconf 89' lang='lat' dir='ltr'>vero</span> <span class='ocrx_word' id='word_1_305' title='bbox 2170 411 2248 435; x_wconf 91' lang='lat' dir='ltr'>non</span> <span class='ocrx_word' id='word_1_306' title='bbox 2276 400 2422 447; x_wconf 82' lang='lat' dir='ltr'>cogitat,</span> <span class='ocrx_word' id='word_1_307' title='bbox 2444 413 2530 437; x_wconf 90' lang='lat' dir='ltr'>eam</span> 
     </span>
     <span class='ocr_line' id='line_1_48' title="bbox 1474 448 2528 496; baseline 0.007 -13"><span class='ocrx_word' id='word_1_308' title='bbox 1474 448 1624 495; x_wconf 88' lang='lat' dir='ltr'>negligit</span> <span class='ocrx_word' id='word_1_309' title='bbox 1650 461 1719 496; x_wconf 91' lang='lat' dir='ltr'>per</span> <span class='ocrx_word' id='word_1_310' title='bbox 1746 449 1906 485; x_wconf 90' lang='lat' dir='ltr'>modum</span> <span class='ocrx_word' id='word_1_311' title='bbox 1936 449 2151 486; x_wconf 90' lang='lat' dir='ltr'>omissionis</span> <span class='ocrx_word' id='word_1_312' title='bbox 2180 451 2388 488; x_wconf 84' lang='lat' dir='ltr'>cuiusdam.</span> <span class='ocrx_word' id='word_1_313' title='bbox 2418 453 2528 490; x_wconf 90' lang='lat' dir='ltr'>Unde</span> 
     </span>
     <span class='ocr_line' id='line_1_49' title="bbox 1474 501 2529 553; baseline 0.005 -17"><span class='ocrx_word' id='word_1_314' title='bbox 1474 501 1652 537; x_wconf 89' lang='lat' dir='ltr'>omnibus</span> <span class='ocrx_word' id='word_1_315' title='bbox 1681 501 1805 537; x_wconf 91' lang='lat' dir='ltr'>modis</span> <span class='ocrx_word' id='word_1_316' title='bbox 1834 513 2040 538; x_wconf 90' lang='lat' dir='ltr'>consensus</span> <span class='ocrx_word' id='word_1_317' title='bbox 2068 502 2106 539; x_wconf 92' lang='lat' dir='ltr'>in</span> <span class='ocrx_word' id='word_1_318' title='bbox 2136 510 2262 539; x_wconf 89' lang='lat' dir='ltr'>actum</span> <span class='ocrx_word' id='word_1_319' title='bbox 2281 505 2425 552; x_wconf 92' lang='lat' dir='ltr'>peccati</span> <span class='ocrx_word' id='word_1_320' title='bbox 2442 517 2529 553; x_wconf 92' lang='lat' dir='ltr'>pro-</span> 
     </span>
     <span class='ocr_line' id='line_1_50' title="bbox 1474 553 2528 603; baseline 0.005 -15"><span class='ocrx_word' id='word_1_321' title='bbox 1474 553 1571 590; x_wconf 91' lang='lat' dir='ltr'>cedit</span> <span class='ocrx_word' id='word_1_322' title='bbox 1599 566 1644 589; x_wconf 86' lang='lat' dir='ltr'>ex</span> <span class='ocrx_word' id='word_1_323' title='bbox 1673 554 1857 601; x_wconf 87' lang='lat' dir='ltr'>superiori</span> <span class='ocrx_word' id='word_1_324' title='bbox 1890 554 2050 598; x_wconf 89' lang='lat' dir='ltr'>ratione:</span> <span class='ocrx_word' id='word_1_325' title='bbox 2086 555 2190 603; x_wconf 91' lang='lat' dir='ltr'>quia,</span> <span class='ocrx_word' id='word_1_326' title='bbox 2224 563 2265 592; x_wconf 90' lang='lat' dir='ltr'>ut</span> <span class='ocrx_word' id='word_1_327' title='bbox 2296 557 2528 603; x_wconf 88' lang='lat' dir='ltr'>Augustinus</span> 
     </span>
     <span class='ocr_line' id='line_1_51' title="bbox 1473 605 2529 656; baseline 0.005 -15"><span class='ocrx_word' id='word_1_328' title='bbox 1473 605 1569 651; x_wconf 92' lang='lat' dir='ltr'>dicit,</span> <span class='ocrx_word' id='word_1_329' title='bbox 1591 607 1660 642; x_wconf 92' lang='lat' dir='ltr'>XII</span> <span class='ocrx_word' id='word_1_330' title='bbox 1689 607 1736 642; x_wconf 87' lang='lat' dir='ltr'>de</span> <span class='ocrx_word' id='word_1_331' title='bbox 1766 607 1802 642; x_wconf 93' lang='lat' dir='ltr'><em>T</em></span> <span class='ocrx_word' id='word_1_332' title='bbox 1798 607 1868 643; x_wconf 87' lang='lat' dir='ltr'>rin.</span> <span class='ocrx_word' id='word_1_333' title='bbox 1889 606 1919 653; x_wconf 65' lang='lat'>³⁸,</span> <span class='ocrx_word' id='word_1_334' title='bbox 1950 619 2023 643; x_wconf 88' lang='lat' dir='ltr'>non</span> <span class='ocrx_word' id='word_1_335' title='bbox 2046 613 2168 655; x_wconf 83' lang='lat' dir='ltr'>potest</span> <span class='ocrx_word' id='word_1_336' title='bbox 2188 614 2383 656; x_wconf 86' lang='lat' dir='ltr'>peccatum</span> <span class='ocrx_word' id='word_1_337' title='bbox 2403 610 2529 656; x_wconf 85' lang='lat' dir='ltr'>effica-</span> 
     </span>
     <span class='ocr_line' id='line_1_52' title="bbox 1472 658 2528 706; baseline 0.004 -13"><span class='ocrx_word' id='word_1_338' title='bbox 1472 658 1562 693; x_wconf 87' lang='lat' dir='ltr'>citer</span> <span class='ocrx_word' id='word_1_339' title='bbox 1582 660 1877 706; x_wconf 83' lang='lat' dir='ltr'>perpetrandum</span> <span class='ocrx_word' id='word_1_340' title='bbox 1906 666 2027 696; x_wconf 90' lang='lat' dir='ltr'>mente</span> <span class='ocrx_word' id='word_1_341' title='bbox 2045 661 2204 706; x_wconf 86' lang='lat' dir='ltr'>decerni,</span> <span class='ocrx_word' id='word_1_342' title='bbox 2226 661 2298 697; x_wconf 87' lang='lat' dir='ltr'>nisi</span> <span class='ocrx_word' id='word_1_343' title='bbox 2315 661 2378 697; x_wconf 89' lang='lat' dir='ltr'>illa</span> <span class='ocrx_word' id='word_1_344' title='bbox 2397 662 2528 698; x_wconf 84' lang='lat' dir='ltr'>mentis</span> 
     </span>
     <span class='ocr_line' id='line_1_53' title="bbox 1471 711 2528 761; baseline 0.005 -16"><span class='ocrx_word' id='word_1_345' title='bbox 1471 711 1620 746; x_wconf 88' lang='lat' dir='ltr'>intentio</span> <span class='ocrx_word' id='word_1_346' title='bbox 1643 722 1760 758; x_wconf 81' lang='lat' dir='ltr'>penes</span> <span class='ocrx_word' id='word_1_347' title='bbox 1786 723 1900 759; x_wconf 86' lang='lat' dir='ltr'>quam</span> <span class='ocrx_word' id='word_1_348' title='bbox 1928 724 2077 749; x_wconf 81' lang='lat' dir='ltr'>summa</span> <span class='ocrx_word' id='word_1_349' title='bbox 2099 719 2262 761; x_wconf 81' lang='lat' dir='ltr'>potestas</span> <span class='ocrx_word' id='word_1_350' title='bbox 2290 719 2343 749; x_wconf 83' lang='lat' dir='ltr'>est</span> <span class='ocrx_word' id='word_1_351' title='bbox 2359 714 2528 751; x_wconf 82' lang='lat' dir='ltr'>membra</span> 
     </span>
     <span class='ocr_line' id='line_1_54' title="bbox 1471 762 2528 812; baseline 0.005 -15"><span class='ocrx_word' id='word_1_352' title='bbox 1471 762 1508 798; x_wconf 87' lang='lat' dir='ltr'>in</span> <span class='ocrx_word' id='word_1_353' title='bbox 1538 774 1630 810; x_wconf 85' lang='lat' dir='ltr'>opus</span> <span class='ocrx_word' id='word_1_354' title='bbox 1662 764 1838 799; x_wconf 82' lang='lat' dir='ltr'>movendi</span> <span class='ocrx_word' id='word_1_355' title='bbox 1862 764 1922 799; x_wconf 80' lang='lat' dir='ltr'>vel</span> <span class='ocrx_word' id='word_1_356' title='bbox 1947 766 1995 800; x_wconf 86' lang='lat' dir='ltr'>ab</span> <span class='ocrx_word' id='word_1_357' title='bbox 2023 777 2135 812; x_wconf 86' lang='lat' dir='ltr'>opere</span> <span class='ocrx_word' id='word_1_358' title='bbox 2162 766 2374 811; x_wconf 85' lang='lat' dir='ltr'>cohibendi,</span> <span class='ocrx_word' id='word_1_359' title='bbox 2404 766 2528 802; x_wconf 87' lang='lat' dir='ltr'>malae</span> 
     </span>
     <span class='ocr_line' id='line_1_55' title="bbox 1470 815 2006 853; baseline 0.006 -3"><span class='ocrx_word' id='word_1_360' title='bbox 1470 815 1610 851; x_wconf 86' lang='lat' dir='ltr'>actioni</span> <span class='ocrx_word' id='word_1_361' title='bbox 1636 816 1742 851; x_wconf 86' lang='lat' dir='ltr'>cedat</span> <span class='ocrx_word' id='word_1_362' title='bbox 1767 821 1835 851; x_wconf 87' lang='lat' dir='ltr'>aut</span> <span class='ocrx_word' id='word_1_363' title='bbox 1857 817 2006 853; x_wconf 79' lang='lat' dir='ltr'>serviat.</span> 
     </span>
    </p>

    <p class='ocr_par' dir='ltr' id='par_1_13' title="bbox 1470 869 2571 1498">
     <span class='ocr_line' id='line_1_56' title="bbox 1523 869 2528 919; baseline 0.004 -16"><span class='ocrx_word' id='word_1_364' title='bbox 1523 869 1582 904; x_wconf 81' lang='lat' dir='ltr'>AD</span> <span class='ocrx_word' id='word_1_365' title='bbox 1610 879 1769 904; x_wconf 80' lang='lat' dir='ltr'>TERTIUM</span> <span class='ocrx_word' id='word_1_366' title='bbox 1797 879 1979 905; x_wconf 62' lang='lat' dir='ltr'>montinum</span> <span class='ocrx_word' id='word_1_367' title='bbox 2009 871 2113 918; x_wconf 92' lang='lat' dir='ltr'>quod</span> <span class='ocrx_word' id='word_1_368' title='bbox 2142 870 2235 907; x_wconf 88' lang='lat' dir='ltr'>ratio</span> <span class='ocrx_word' id='word_1_369' title='bbox 2256 871 2438 919; x_wconf 83' lang='lat' dir='ltr'>superior,</span> <span class='ocrx_word' id='word_1_370' title='bbox 2459 883 2528 919; x_wconf 93' lang='lat' dir='ltr'>per</span> 
     </span>
     <span class='ocr_line' id='line_1_57' title="bbox 1472 920 2526 972; baseline 0.004 -16"><span class='ocrx_word' id='word_1_371' title='bbox 1472 920 1814 957; x_wconf 90' lang='lat' dir='ltr'>considerationem</span> <span class='ocrx_word' id='word_1_372' title='bbox 1843 920 1933 967; x_wconf 90' lang='lat' dir='ltr'>legis</span> <span class='ocrx_word' id='word_1_373' title='bbox 1961 929 2147 969; x_wconf 90' lang='lat' dir='ltr'>aeternae,</span> <span class='ocrx_word' id='word_1_374' title='bbox 2177 923 2271 959; x_wconf 93' lang='lat' dir='ltr'>sicut</span> <span class='ocrx_word' id='word_1_375' title='bbox 2293 931 2417 972; x_wconf 90' lang='lat' dir='ltr'>potest</span> <span class='ocrx_word' id='word_1_376' title='bbox 2441 924 2526 960; x_wconf 90' lang='lat' dir='ltr'>diri-</span> 
     </span>
     <span class='ocr_line' id='line_1_58' title="bbox 1471 973 2527 1022; baseline 0.005 -14"><span class='ocrx_word' id='word_1_377' title='bbox 1471 985 1560 1020; x_wconf 88' lang='lat' dir='ltr'>gere</span> <span class='ocrx_word' id='word_1_378' title='bbox 1588 974 1649 1009; x_wconf 90' lang='lat' dir='ltr'>vel</span> <span class='ocrx_word' id='word_1_379' title='bbox 1679 973 1856 1009; x_wconf 88' lang='lat' dir='ltr'>cohibere</span> <span class='ocrx_word' id='word_1_380' title='bbox 1890 980 2016 1009; x_wconf 91' lang='lat' dir='ltr'>actum</span> <span class='ocrx_word' id='word_1_381' title='bbox 2051 975 2295 1022; x_wconf 86' lang='lat' dir='ltr'>exteriorem,</span> <span class='ocrx_word' id='word_1_382' title='bbox 2329 976 2380 1013; x_wconf 91' lang='lat' dir='ltr'>ita</span> <span class='ocrx_word' id='word_1_383' title='bbox 2413 977 2527 1013; x_wconf 90' lang='lat' dir='ltr'>etiam</span> 
     </span>
     <span class='ocr_line' id='line_1_59' title="bbox 1472 1025 2527 1077; baseline 0.004 -16"><span class='ocrx_word' id='word_1_384' title='bbox 1472 1025 1760 1062; x_wconf 90' lang='lat' dir='ltr'>delectationem</span> <span class='ocrx_word' id='word_1_385' title='bbox 1788 1025 2018 1062; x_wconf 88' lang='lat' dir='ltr'>interiorem.</span> <span class='ocrx_word' id='word_1_386' title='bbox 2054 1027 2130 1063; x_wconf 89' lang='lat' dir='ltr'>Sed</span> <span class='ocrx_word' id='word_1_387' title='bbox 2162 1035 2291 1064; x_wconf 90' lang='lat' dir='ltr'>tamen</span> <span class='ocrx_word' id='word_1_388' title='bbox 2323 1036 2527 1077; x_wconf 89' lang='lat' dir='ltr'>antequam</span> 
     </span>
     <span class='ocr_line' id='line_1_60' title="bbox 1472 1078 2526 1126; baseline 0.004 -12"><span class='ocrx_word' id='word_1_389' title='bbox 1472 1078 1520 1115; x_wconf 89' lang='lat' dir='ltr'>ad</span> <span class='ocrx_word' id='word_1_390' title='bbox 1548 1078 1728 1115; x_wconf 90' lang='lat' dir='ltr'>iudicium</span> <span class='ocrx_word' id='word_1_391' title='bbox 1753 1078 1956 1126; x_wconf 86' lang='lat' dir='ltr'>superioris</span> <span class='ocrx_word' id='word_1_392' title='bbox 1978 1079 2129 1116; x_wconf 90' lang='lat' dir='ltr'>rationis</span> <span class='ocrx_word' id='word_1_393' title='bbox 2150 1080 2382 1126; x_wconf 89' lang='lat' dir='ltr'>deveniatur,</span> <span class='ocrx_word' id='word_1_394' title='bbox 2403 1081 2526 1118; x_wconf 89' lang='lat' dir='ltr'>statim</span> 
     </span>
     <span class='ocr_line' id='line_1_61' title="bbox 1471 1131 2528 1179; baseline 0.003 -12"><span class='ocrx_word' id='word_1_395' title='bbox 1471 1139 1512 1167; x_wconf 91' lang='lat' dir='ltr'>ut</span> <span class='ocrx_word' id='word_1_396' title='bbox 1540 1131 1760 1167; x_wconf 89' lang='lat' dir='ltr'>sensualitas</span> <span class='ocrx_word' id='word_1_397' title='bbox 1778 1131 1955 1179; x_wconf 88' lang='lat' dir='ltr'>proponit</span> <span class='ocrx_word' id='word_1_398' title='bbox 1975 1131 2274 1179; x_wconf 88' lang='lat' dir='ltr'>delectationem,</span> <span class='ocrx_word' id='word_1_399' title='bbox 2299 1132 2452 1170; x_wconf 85' lang='lat' dir='ltr'>inferior</span> <span class='ocrx_word' id='word_1_400' title='bbox 2471 1146 2528 1170; x_wconf 92' lang='lat' dir='ltr'>ra-</span> 
     </span>
     <span class='ocr_line' id='line_1_62' title="bbox 1470 1183 2528 1234; baseline 0.003 -15"><span class='ocrx_word' id='word_1_401' title='bbox 1470 1183 1533 1229; x_wconf 87' lang='lat' dir='ltr'>tio,</span> <span class='ocrx_word' id='word_1_402' title='bbox 1550 1196 1618 1232; x_wconf 92' lang='lat' dir='ltr'>per</span> <span class='ocrx_word' id='word_1_403' title='bbox 1634 1184 1796 1220; x_wconf 89' lang='lat' dir='ltr'>rationes</span> <span class='ocrx_word' id='word_1_404' title='bbox 1812 1185 2039 1231; x_wconf 89' lang='lat' dir='ltr'>temporales</span> <span class='ocrx_word' id='word_1_405' title='bbox 2055 1185 2279 1232; x_wconf 90' lang='lat' dir='ltr'>deliberans,</span> <span class='ocrx_word' id='word_1_406' title='bbox 2296 1185 2528 1234; x_wconf 88' lang='lat' dir='ltr'>quandoque</span> 
     </span>
     <span class='ocr_line' id='line_1_63' title="bbox 1471 1236 2528 1286; baseline 0.003 -14"><span class='ocrx_word' id='word_1_407' title='bbox 1471 1236 1689 1273; x_wconf 89' lang='lat' dir='ltr'>huiusmodi</span> <span class='ocrx_word' id='word_1_408' title='bbox 1719 1236 2007 1273; x_wconf 89' lang='lat' dir='ltr'>delectationem</span> <span class='ocrx_word' id='word_1_409' title='bbox 2037 1245 2224 1286; x_wconf 90' lang='lat' dir='ltr'>acceptat:</span> <span class='ocrx_word' id='word_1_410' title='bbox 2256 1245 2291 1274; x_wconf 91' lang='lat' dir='ltr'>et</span> <span class='ocrx_word' id='word_1_411' title='bbox 2318 1245 2408 1275; x_wconf 90' lang='lat' dir='ltr'>tunc</span> <span class='ocrx_word' id='word_1_412' title='bbox 2437 1251 2528 1275; x_wconf 89' lang='lat' dir='ltr'>con-</span> 
     </span>
     <span class='ocr_line' id='line_1_64' title="bbox 1471 1289 2528 1337; baseline 0.003 -12"><span class='ocrx_word' id='word_1_413' title='bbox 1471 1301 1603 1325; x_wconf 90' lang='lat' dir='ltr'>sensus</span> <span class='ocrx_word' id='word_1_414' title='bbox 1623 1289 1661 1325; x_wconf 91' lang='lat' dir='ltr'>in</span> <span class='ocrx_word' id='word_1_415' title='bbox 1681 1289 1971 1326; x_wconf 87' lang='lat' dir='ltr'>delectationem</span> <span class='ocrx_word' id='word_1_416' title='bbox 1991 1290 2151 1337; x_wconf 90' lang='lat' dir='ltr'>pertinet</span> <span class='ocrx_word' id='word_1_417' title='bbox 2169 1291 2218 1326; x_wconf 92' lang='lat' dir='ltr'>ad</span> <span class='ocrx_word' id='word_1_418' title='bbox 2237 1290 2453 1327; x_wconf 90' lang='lat' dir='ltr'>inferiorem</span> <span class='ocrx_word' id='word_1_419' title='bbox 2470 1303 2528 1328; x_wconf 88' lang='lat' dir='ltr'>ra·</span> 
     </span>
     <span class='ocr_line' id='line_1_65' title="bbox 1471 1341 2527 1381; baseline 0.004 -4"><span class='ocrx_word' id='word_1_420' title='bbox 1471 1341 1626 1378; x_wconf 91' lang='lat' dir='ltr'>tionem.</span> <span class='ocrx_word' id='word_1_421' title='bbox 1655 1341 1694 1378; x_wconf 88' lang='lat' dir='ltr'>Si</span> <span class='ocrx_word' id='word_1_422' title='bbox 1717 1354 1811 1378; x_wconf 86' lang='lat' dir='ltr'>vero</span> <span class='ocrx_word' id='word_1_423' title='bbox 1837 1342 1950 1378; x_wconf 90' lang='lat' dir='ltr'>etiam</span> <span class='ocrx_word' id='word_1_424' title='bbox 1971 1342 2215 1379; x_wconf 89' lang='lat' dir='ltr'>consideratis</span> <span class='ocrx_word' id='word_1_425' title='bbox 2239 1343 2446 1380; x_wconf 90' lang='lat' dir='ltr'>rationibus</span> <span class='ocrx_word' id='word_1_426' title='bbox 2466 1355 2527 1381; x_wconf 86' lang='lat' dir='ltr'>ae-</span> 
     </span>
     <span class='ocr_line' id='line_1_66' title="bbox 1471 1394 2571 1445; baseline 0.004 -15"><span class='ocrx_word' id='word_1_427' title='bbox 1471 1394 1601 1440; x_wconf 86' lang='lat' dir='ltr'>ternis,</span> <span class='ocrx_word' id='word_1_428' title='bbox 1631 1395 1750 1431; x_wconf 92' lang='lat' dir='ltr'>homo</span> <span class='ocrx_word' id='word_1_429' title='bbox 1770 1394 1808 1430; x_wconf 92' lang='lat' dir='ltr'>in</span> <span class='ocrx_word' id='word_1_430' title='bbox 1829 1395 1967 1431; x_wconf 91' lang='lat' dir='ltr'>eodem</span> <span class='ocrx_word' id='word_1_431' title='bbox 1989 1407 2175 1432; x_wconf 88' lang='lat' dir='ltr'>consensu</span> <span class='ocrx_word' id='word_1_432' title='bbox 2196 1404 2429 1445; x_wconf 88' lang='lat' dir='ltr'>perseveret,</span> <span class='ocrx_word' id='word_1_433' title='bbox 2450 1396 2527 1434; x_wconf 89' lang='lat' dir='ltr'>iam</span> <span class='ocrx_word' id='word_1_434' title='bbox 2569 1399 2571 1401; x_wconf 79' lang='grc'><strong>’</strong></span> 
     </span>
     <span class='ocr_line' id='line_1_67' title="bbox 1471 1446 2527 1498; baseline 0.003 -15"><span class='ocrx_word' id='word_1_435' title='bbox 1471 1446 1553 1483; x_wconf 92' lang='lat' dir='ltr'>talis</span> <span class='ocrx_word' id='word_1_436' title='bbox 1569 1459 1776 1484; x_wconf 90' lang='lat' dir='ltr'>consensus</span> <span class='ocrx_word' id='word_1_437' title='bbox 1791 1447 1840 1483; x_wconf 92' lang='lat' dir='ltr'>ad</span> <span class='ocrx_word' id='word_1_438' title='bbox 1856 1448 2091 1495; x_wconf 90' lang='lat' dir='ltr'>superiorem</span> <span class='ocrx_word' id='word_1_439' title='bbox 2110 1449 2295 1485; x_wconf 90' lang='lat' dir='ltr'>rationem</span> <span class='ocrx_word' id='word_1_440' title='bbox 2315 1449 2527 1498; x_wconf 88' lang='lat' dir='ltr'>pertinebit.</span> 
     </span>
    </p>

    <p class='ocr_par' dir='ltr' id='par_1_14' title="bbox 1470 1501 2529 1867">
     <span class='ocr_line' id='line_1_68' title="bbox 1523 1501 2528 1550; baseline 0.002 -14"><span class='ocrx_word' id='word_1_441' title='bbox 1523 1502 1582 1536; x_wconf 82' lang='lat' dir='ltr'>At&gt;</span> <span class='ocrx_word' id='word_1_442' title='bbox 1602 1511 1773 1542; x_wconf 81' lang='lat' dir='ltr'><strong>QUARTUM</strong></span> <span class='ocrx_word' id='word_1_443' title='bbox 1794 1511 1977 1537; x_wconf 76' lang='lat' dir='ltr'><strong>DICENDUM</strong></span> <span class='ocrx_word' id='word_1_444' title='bbox 1997 1501 2102 1549; x_wconf 90' lang='lat' dir='ltr'>quod</span> <span class='ocrx_word' id='word_1_445' title='bbox 2117 1502 2367 1550; x_wconf 85' lang='lat' dir='ltr'>apprehensio</span> <span class='ocrx_word' id='word_1_446' title='bbox 2381 1501 2528 1539; x_wconf 87' lang='lat' dir='ltr'>virtutis</span> 
     </span>
     <span class='ocr_line' id='line_1_69' title="bbox 1470 1552 2529 1600; baseline 0.003 -12"><span class='ocrx_word' id='word_1_447' title='bbox 1470 1552 1735 1600; x_wconf 85' lang='lat' dir='ltr'>imaginativae</span> <span class='ocrx_word' id='word_1_448' title='bbox 1765 1560 1819 1588; x_wconf 93' lang='lat' dir='ltr'>est</span> <span class='ocrx_word' id='word_1_449' title='bbox 1847 1552 1970 1589; x_wconf 92' lang='lat' dir='ltr'>subita</span> <span class='ocrx_word' id='word_1_450' title='bbox 1999 1561 2035 1589; x_wconf 93' lang='lat' dir='ltr'>et</span> <span class='ocrx_word' id='word_1_451' title='bbox 2062 1554 2141 1590; x_wconf 92' lang='lat' dir='ltr'>sine</span> <span class='ocrx_word' id='word_1_452' title='bbox 2171 1554 2462 1591; x_wconf 86' lang='lat' dir='ltr'>deliberatione:</span> <span class='ocrx_word' id='word_1_453' title='bbox 2492 1562 2529 1591; x_wconf 91' lang='lat' dir='ltr'>et</span> 
     </span>
     <span class='ocr_line' id='line_1_70' title="bbox 1471 1604 2527 1656; baseline 0.003 -15"><span class='ocrx_word' id='word_1_454' title='bbox 1471 1604 1558 1642; x_wconf 92' lang='lat' dir='ltr'>ideo</span> <span class='ocrx_word' id='word_1_455' title='bbox 1579 1613 1703 1654; x_wconf 90' lang='lat' dir='ltr'>potest</span> <span class='ocrx_word' id='word_1_456' title='bbox 1722 1605 1887 1652; x_wconf 89' lang='lat' dir='ltr'>aliquem</span> <span class='ocrx_word' id='word_1_457' title='bbox 1908 1614 2032 1642; x_wconf 88' lang='lat' dir='ltr'>actum</span> <span class='ocrx_word' id='word_1_458' title='bbox 2055 1604 2221 1654; x_wconf 82' lang='lat' dir='ltr'>causare,</span> <span class='ocrx_word' id='word_1_459' title='bbox 2242 1615 2447 1656; x_wconf 86' lang='lat' dir='ltr'>antequam</span> <span class='ocrx_word' id='word_1_460' title='bbox 2467 1620 2527 1644; x_wconf 93' lang='lat' dir='ltr'>su-</span> 
     </span>
     <span class='ocr_line' id='line_1_71' title="bbox 1471 1657 2529 1709; baseline 0.003 -15"><span class='ocrx_word' id='word_1_461' title='bbox 1471 1658 1598 1706; x_wconf 91' lang='lat' dir='ltr'>perior</span> <span class='ocrx_word' id='word_1_462' title='bbox 1624 1659 1685 1694; x_wconf 88' lang='lat' dir='ltr'>vel</span> <span class='ocrx_word' id='word_1_463' title='bbox 1715 1657 1867 1694; x_wconf 87' lang='lat' dir='ltr'>inferior</span> <span class='ocrx_word' id='word_1_464' title='bbox 1887 1658 1979 1694; x_wconf 91' lang='lat' dir='ltr'>ratio</span> <span class='ocrx_word' id='word_1_465' title='bbox 2001 1658 2114 1696; x_wconf 90' lang='lat' dir='ltr'>etiam</span> <span class='ocrx_word' id='word_1_466' title='bbox 2133 1659 2272 1696; x_wconf 90' lang='lat' dir='ltr'>habeat</span> <span class='ocrx_word' id='word_1_467' title='bbox 2293 1667 2444 1709; x_wconf 89' lang='lat' dir='ltr'>tempus</span> <span class='ocrx_word' id='word_1_468' title='bbox 2465 1660 2529 1697; x_wconf 87' lang='lat' dir='ltr'>de-</span> 
     </span>
     <span class='ocr_line' id='line_1_72' title="bbox 1471 1710 2529 1750; baseline 0.004 -4"><span class='ocrx_word' id='word_1_469' title='bbox 1471 1711 1666 1747; x_wconf 89' lang='lat' dir='ltr'>liberandi.</span> <span class='ocrx_word' id='word_1_470' title='bbox 1698 1711 1774 1747; x_wconf 87' lang='lat' dir='ltr'>Sed</span> <span class='ocrx_word' id='word_1_471' title='bbox 1794 1710 1975 1747; x_wconf 90' lang='lat' dir='ltr'>iudicium</span> <span class='ocrx_word' id='word_1_472' title='bbox 1996 1711 2352 1750; x_wconf 53' lang='lat' dir='ltr'>rationis‘inferioris</span> <span class='ocrx_word' id='word_1_473' title='bbox 2372 1720 2427 1750; x_wconf 89' lang='lat' dir='ltr'>est</span> <span class='ocrx_word' id='word_1_474' title='bbox 2442 1725 2529 1750; x_wconf 89' lang='lat' dir='ltr'>cum</span> 
     </span>
     <span class='ocr_line' id='line_1_73' title="bbox 1473 1763 2527 1814; baseline 0.003 -15"><span class='ocrx_word' id='word_1_475' title='bbox 1473 1763 1750 1810; x_wconf 88' lang='lat' dir='ltr'>deliberatione,</span> <span class='ocrx_word' id='word_1_476' title='bbox 1777 1775 1874 1811; x_wconf 90' lang='lat' dir='ltr'>quae</span> <span class='ocrx_word' id='word_1_477' title='bbox 1893 1764 2033 1811; x_wconf 90' lang='lat' dir='ltr'>indiget</span> <span class='ocrx_word' id='word_1_478' title='bbox 2051 1772 2240 1813; x_wconf 90' lang='lat' dir='ltr'>tempore,</span> <span class='ocrx_word' id='word_1_479' title='bbox 2261 1765 2299 1802; x_wconf 93' lang='lat' dir='ltr'>in</span> <span class='ocrx_word' id='word_1_480' title='bbox 2319 1778 2394 1814; x_wconf 91' lang='lat' dir='ltr'>quo</span> <span class='ocrx_word' id='word_1_481' title='bbox 2416 1765 2527 1802; x_wconf 89' lang='lat' dir='ltr'>etiam</span> 
     </span>
     <span class='ocr_line' id='line_1_74' title="bbox 1473 1816 2528 1867; baseline 0.003 -15"><span class='ocrx_word' id='word_1_482' title='bbox 1473 1816 1565 1852; x_wconf 93' lang='lat' dir='ltr'>ratio</span> <span class='ocrx_word' id='word_1_483' title='bbox 1595 1817 1768 1864; x_wconf 88' lang='lat' dir='ltr'>superior</span> <span class='ocrx_word' id='word_1_484' title='bbox 1797 1816 2004 1853; x_wconf 90' lang='lat' dir='ltr'>deliberare</span> <span class='ocrx_word' id='word_1_485' title='bbox 2022 1825 2156 1866; x_wconf 90' lang='lat' dir='ltr'>potest.</span> <span class='ocrx_word' id='word_1_486' title='bbox 2186 1818 2297 1867; x_wconf 83' lang='lat' dir='ltr'>Unde</span> <span class='ocrx_word' id='word_1_487' title='bbox 2318 1819 2348 1855; x_wconf 92' lang='lat' dir='ltr'>si</span> <span class='ocrx_word' id='word_1_488' title='bbox 2369 1831 2446 1855; x_wconf 93' lang='lat' dir='ltr'>non</span> <span class='ocrx_word' id='word_1_489' title='bbox 2466 1831 2528 1855; x_wconf 92' lang='lat' dir='ltr'>co-</span> 
     </span>
    </p>
   </div>
   <div class='ocr_carea' id='block_1_10' title="bbox 1451 1868 2527 1918">
    <p class='ocr_par' dir='ltr' id='par_1_15' title="bbox 1451 1868 2527 1918">
     <span class='ocr_line' id='line_1_75' title="bbox 1451 1868 2527 1918; baseline 0.004 -14"><span class='ocrx_word' id='word_1_490' title='bbox 1451 1868 1598 1909; x_wconf 41' lang='lat' dir='ltr'>,hibeat</span> <span class='ocrx_word' id='word_1_491' title='bbox 1626 1869 1673 1905; x_wconf 90' lang='lat' dir='ltr'>ab</span> <span class='ocrx_word' id='word_1_492' title='bbox 1702 1877 1787 1905; x_wconf 90' lang='lat' dir='ltr'>actu</span> <span class='ocrx_word' id='word_1_493' title='bbox 1815 1870 1959 1917; x_wconf 90' lang='lat' dir='ltr'>peccati</span> <span class='ocrx_word' id='word_1_494' title='bbox 1977 1882 2046 1918; x_wconf 90' lang='lat' dir='ltr'>per</span> <span class='ocrx_word' id='word_1_495' title='bbox 2064 1883 2173 1907; x_wconf 90' lang='lat' dir='ltr'>suam</span> <span class='ocrx_word' id='word_1_496' title='bbox 2203 1871 2527 1918; x_wconf 87' lang='lat' dir='ltr'>deliberationem,</span> 
     </span>
    </p>
   </div>
   <div class='ocr_carea' id='block_1_11' title="bbox 1473 1921 1750 1970">
    <p class='ocr_par' dir='ltr' id='par_1_16' title="bbox 1473 1921 1750 1970">
     <span class='ocr_line' id='line_1_76' title="bbox 1473 1921 1750 1970; baseline 0.004 -13"><span class='ocrx_word' id='word_1_497' title='bbox 1473 1921 1506 1957; x_wconf 90' lang='lat' dir='ltr'>ei</span> <span class='ocrx_word' id='word_1_498' title='bbox 1533 1921 1750 1970; x_wconf 89' lang='lat' dir='ltr'>imputatur.</span> 
     </span>
    </p>
   </div>
   <div class='ocr_carea' id='block_1_12' title="bbox 1699 2001 1844 2005">
    <p class='ocr_par' dir='ltr' id='par_1_17' title="bbox 1699 2001 1844 2005">
     <span class='ocr_line' id='line_1_77' title="bbox 1699 2001 1844 2005; baseline 0 0"><span class='ocrx_word' id='word_1_499' title='bbox 1699 2001 1844 2005; x_wconf 95' lang='lat' dir='ltr'> </span> 
     </span>
    </p>
   </div>
   <div class='ocr_carea' id='block_1_13' title="bbox 1472 2035 2530 2096">
    <p class='ocr_par' dir='ltr' id='par_1_18' title="bbox 1472 2035 2530 2096">
     <span class='ocr_line' id='line_1_78' title="bbox 1526 2035 2530 2069; baseline 0.004 -9"><span class='ocrx_word' id='word_1_500' title='bbox 1526 2035 1547 2068; x_wconf 89' lang='grc' dir='ltr'>ε)</span> <span class='ocrx_word' id='word_1_501' title='bbox 1562 2036 1632 2068; x_wconf 84' lang='lat' dir='ltr'>quod</span> <span class='ocrx_word' id='word_1_502' title='bbox 1646 2037 1768 2060; x_wconf 82' lang='lat' dir='ltr'>voluntas</span> <span class='ocrx_word' id='word_1_503' title='bbox 1779 2036 1871 2061; x_wconf 83' lang='lat' dir='ltr'>tendit.</span> <span class='ocrx_word' id='word_1_504' title='bbox 1881 2050 1901 2054; x_wconf 87' lang='lat'><em>-</em></span> <span class='ocrx_word' id='word_1_505' title='bbox 1914 2040 1940 2061; x_wconf 85' lang='lat' dir='ltr'>et</span> <span class='ocrx_word' id='word_1_506' title='bbox 1955 2037 2076 2061; x_wconf 78' lang='lat' dir='ltr'>voluntas</span> <span class='ocrx_word' id='word_1_507' title='bbox 2089 2037 2113 2067; x_wconf 88' lang='grc' dir='ltr'>Ι,</span> <span class='ocrx_word' id='word_1_508' title='bbox 2128 2037 2190 2069; x_wconf 82' lang='lat' dir='ltr'>quia</span> <span class='ocrx_word' id='word_1_509' title='bbox 2201 2038 2323 2063; x_wconf 84' lang='lat' dir='ltr'>voluntas</span> <span class='ocrx_word' id='word_1_510' title='bbox 2336 2038 2420 2063; x_wconf 78' lang='lat' dir='ltr'>tendit</span> <span class='ocrx_word' id='word_1_511' title='bbox 2433 2038 2530 2064; x_wconf 82' lang='lat' dir='ltr'>PKa.-</span> 
     </span>
     <span class='ocr_line' id='line_1_79' title="bbox 1472 2071 1914 2096; baseline 0.002 -1"><span class='ocrx_word' id='word_1_512' title='bbox 1472 2071 1539 2095; x_wconf 84' lang='lat' dir='ltr'>Ante</span> <span class='ocrx_word' id='word_1_513' title='bbox 1558 2071 1662 2096; x_wconf 81' lang='lat' dir='ltr'>ratione</span> <span class='ocrx_word' id='word_1_514' title='bbox 1681 2071 1718 2095; x_wconf 85' lang='lat' dir='ltr'>Pa</span> <span class='ocrx_word' id='word_1_515' title='bbox 1737 2071 1833 2095; x_wconf 91' lang='lat' dir='ltr'>addunt</span> <span class='ocrx_word' id='word_1_516' title='bbox 1852 2072 1914 2096; x_wconf 86' lang='lat' dir='ltr'>iam.</span> 
     </span>
    </p>
   </div>
   <div class='ocr_carea' id='block_1_14' title="bbox 1037 2184 1857 2218">
    <p class='ocr_par' dir='ltr' id='par_1_19' title="bbox 1037 2184 1857 2218">
     <span class='ocr_line' id='line_1_80' title="bbox 1037 2184 1857 2218; baseline 0.002 -2"><span class='ocrx_word' id='word_1_517' title='bbox 1037 2184 1365 2218; x_wconf 73' lang='lat' dir='ltr'>Commentarta</span> <span class='ocrx_word' id='word_1_518' title='bbox 1389 2185 1636 2218; x_wconf 79' lang='lat' dir='ltr'>Cardinalis</span> <span class='ocrx_word' id='word_1_519' title='bbox 1659 2185 1857 2218; x_wconf 73' lang='lat' dir='ltr'>Caietam</span> 
     </span>
    </p>
   </div>
   <div class='ocr_carea' id='block_1_15' title="bbox 359 2260 1421 3442">
    <p class='ocr_par' dir='ltr' id='par_1_20' title="bbox 359 2260 1419 2477">
     <span class='ocr_line' id='line_1_81' title="bbox 389 2260 1418 2304; baseline 0.004 -14"><span class='ocrx_word' id='word_1_520' title='bbox 389 2272 409 2291; x_wconf 79' lang='lat' dir='ltr'>N</span> <span class='ocrx_word' id='word_1_521' title='bbox 432 2261 524 2291; x_wconf 91' lang='lat' dir='ltr'>titulo</span> <span class='ocrx_word' id='word_1_522' title='bbox 549 2260 668 2291; x_wconf 85' lang='lat' dir='ltr'>articuli</span> <span class='ocrx_word' id='word_1_523' title='bbox 693 2261 827 2300; x_wconf 89' lang='lat' dir='ltr'>septimi,</span> <span class='ocrx_word' id='word_1_524' title='bbox 848 2262 971 2292; x_wconf 87' lang='lat' dir='ltr'>adverte</span> <span class='ocrx_word' id='word_1_525' title='bbox 992 2263 1080 2303; x_wconf 91' lang='lat' dir='ltr'>quod</span> <span class='ocrx_word' id='word_1_526' title='bbox 1097 2273 1206 2294; x_wconf 87' lang='lat' dir='ltr'>sensus</span> <span class='ocrx_word' id='word_1_527' title='bbox 1226 2263 1418 2304; x_wconf 85' lang='lat' dir='ltr'>quaestionis</span> 
     </span>
     <span class='ocr_line' id='line_1_82' title="bbox 363 2274 1419 2347; baseline 0.004 -13"><span class='ocrx_word' id='word_1_528' title='bbox 363 2274 437 2335; x_wconf 81' lang='lat' dir='ltr'>Iest</span> <span class='ocrx_word' id='word_1_529' title='bbox 460 2305 498 2335; x_wconf 91' lang='lat' dir='ltr'>de</span> <span class='ocrx_word' id='word_1_530' title='bbox 521 2311 591 2335; x_wconf 92' lang='lat' dir='ltr'>actu</span> <span class='ocrx_word' id='word_1_531' title='bbox 620 2305 762 2335; x_wconf 86' lang='lat' dir='ltr'>exteriori</span> <span class='ocrx_word' id='word_1_532' title='bbox 786 2306 871 2336; x_wconf 88' lang='lat' dir='ltr'>malo</span> <span class='ocrx_word' id='word_1_533' title='bbox 901 2313 966 2336; x_wconf 88' lang='lat' dir='ltr'>tam</span> <span class='ocrx_word' id='word_1_534' title='bbox 989 2307 1150 2338; x_wconf 87' lang='lat' dir='ltr'>venialiter</span> <span class='ocrx_word' id='word_1_535' title='bbox 1177 2317 1275 2347; x_wconf 92' lang='lat' dir='ltr'>quam</span> <span class='ocrx_word' id='word_1_536' title='bbox 1303 2314 1419 2338; x_wconf 86' lang='lat' dir='ltr'>morta-</span> 
     </span>
     <span class='ocr_line' id='line_1_83' title="bbox 359 2349 1417 2391; baseline 0.003 -12"><span class='ocrx_word' id='word_1_537' title='bbox 359 2350 445 2380; x_wconf 88' lang='lat' dir='ltr'>liter:</span> <span class='ocrx_word' id='word_1_538' title='bbox 466 2349 509 2379; x_wconf 91' lang='lat' dir='ltr'>ita</span> <span class='ocrx_word' id='word_1_539' title='bbox 525 2349 613 2389; x_wconf 91' lang='lat' dir='ltr'>quod</span> <span class='ocrx_word' id='word_1_540' title='bbox 629 2349 802 2391; x_wconf 71' lang='lat' dir='ltr'>intenditur</span> <span class='ocrx_word' id='word_1_541' title='bbox 818 2360 857 2379; x_wconf 84' lang='lat' dir='ltr'>an</span> <span class='ocrx_word' id='word_1_542' title='bbox 877 2357 1042 2389; x_wconf 88' lang='lat' dir='ltr'>peccatum</span> <span class='ocrx_word' id='word_1_543' title='bbox 1060 2361 1231 2382; x_wconf 89' lang='lat' dir='ltr'>consensus</span> <span class='ocrx_word' id='word_1_544' title='bbox 1251 2351 1284 2382; x_wconf 89' lang='lat' dir='ltr'>in</span> <span class='ocrx_word' id='word_1_545' title='bbox 1301 2358 1417 2388; x_wconf 86' lang='lat' dir='ltr'>actum,</span> 
     </span>
     <span class='ocr_line' id='line_1_84' title="bbox 360 2393 1418 2433; baseline 0.002 -9"><span class='ocrx_word' id='word_1_546' title='bbox 360 2401 396 2424; x_wconf 91' lang='lat' dir='ltr'>ut</span> <span class='ocrx_word' id='word_1_547' title='bbox 419 2393 620 2432; x_wconf 86' lang='lat' dir='ltr'>distinguitur</span> <span class='ocrx_word' id='word_1_548' title='bbox 644 2400 751 2423; x_wconf 89' lang='lat' dir='ltr'>contra</span> <span class='ocrx_word' id='word_1_549' title='bbox 775 2394 999 2433; x_wconf 82' lang='lat' dir='ltr'>cogitationem</span> <span class='ocrx_word' id='word_1_550' title='bbox 1024 2402 1053 2425; x_wconf 92' lang='lat' dir='ltr'>et</span> <span class='ocrx_word' id='word_1_551' title='bbox 1077 2395 1315 2426; x_wconf 85' lang='lat' dir='ltr'>delectationem</span> <span class='ocrx_word' id='word_1_552' title='bbox 1341 2396 1418 2427; x_wconf 90' lang='lat' dir='ltr'>inte-</span> 
     </span>
     <span class='ocr_line' id='line_1_85' title="bbox 359 2437 1163 2477; baseline 0.001 -9"><span class='ocrx_word' id='word_1_553' title='bbox 359 2438 434 2472; x_wconf 87' lang='lat' dir='ltr'>rius,</span> <span class='ocrx_word' id='word_1_554' title='bbox 460 2437 499 2467; x_wconf 92' lang='lat' dir='ltr'>sit</span> <span class='ocrx_word' id='word_1_555' title='bbox 522 2437 554 2466; x_wconf 89' lang='lat' dir='ltr'>in</span> <span class='ocrx_word' id='word_1_556' title='bbox 578 2437 697 2467; x_wconf 88' lang='lat' dir='ltr'>ratione</span> <span class='ocrx_word' id='word_1_557' title='bbox 722 2438 874 2477; x_wconf 89' lang='lat' dir='ltr'>superiori</span> <span class='ocrx_word' id='word_1_558' title='bbox 899 2446 933 2468; x_wconf 91' lang='lat' dir='ltr'>ut</span> <span class='ocrx_word' id='word_1_559' title='bbox 956 2439 989 2468; x_wconf 87' lang='lat' dir='ltr'>in</span> <span class='ocrx_word' id='word_1_560' title='bbox 1013 2439 1163 2470; x_wconf 89' lang='lat' dir='ltr'>subiecto.</span> 
     </span>
    </p>

    <p class='ocr_par' dir='ltr' id='par_1_21' title="bbox 359 2481 1421 3182">
     <span class='ocr_line' id='line_1_86' title="bbox 418 2481 1418 2524; baseline 0.004 -14"><span class='ocrx_word' id='word_1_561' title='bbox 418 2481 454 2511; x_wconf 92' lang='lat'>11.</span> <span class='ocrx_word' id='word_1_562' title='bbox 481 2481 515 2510; x_wconf 88' lang='lat' dir='ltr'>In</span> <span class='ocrx_word' id='word_1_563' title='bbox 540 2481 653 2511; x_wconf 90' lang='lat' dir='ltr'>eodem</span> <span class='ocrx_word' id='word_1_564' title='bbox 681 2481 816 2520; x_wconf 89' lang='lat' dir='ltr'>septimo</span> <span class='ocrx_word' id='word_1_565' title='bbox 841 2482 972 2512; x_wconf 90' lang='lat' dir='ltr'>articulo</span> <span class='ocrx_word' id='word_1_566' title='bbox 1002 2483 1135 2513; x_wconf 90' lang='lat' dir='ltr'>dubium</span> <span class='ocrx_word' id='word_1_567' title='bbox 1163 2484 1314 2520; x_wconf 87' lang='lat' dir='ltr'>occurrit,</span> <span class='ocrx_word' id='word_1_568' title='bbox 1344 2483 1418 2524; x_wconf 88' lang='lat' dir='ltr'>quia</span> 
     </span>
     <span class='ocr_line' id='line_1_87' title="bbox 360 2524 1417 2561; baseline 0.004 -7"><span class='ocrx_word' id='word_1_569' title='bbox 360 2524 546 2561; x_wconf 86' lang='lat' dir='ltr'>voluntaria,</span> <span class='ocrx_word' id='word_1_570' title='bbox 572 2525 672 2555; x_wconf 90' lang='lat' dir='ltr'>immo</span> <span class='ocrx_word' id='word_1_571' title='bbox 697 2525 784 2555; x_wconf 83' lang='lat' dir='ltr'>nulla</span> <span class='ocrx_word' id='word_1_572' title='bbox 800 2525 923 2556; x_wconf 91' lang='lat' dir='ltr'>videtur</span> <span class='ocrx_word' id='word_1_573' title='bbox 947 2526 1117 2557; x_wconf 87' lang='lat' dir='ltr'>differentia</span> <span class='ocrx_word' id='word_1_574' title='bbox 1140 2527 1221 2557; x_wconf 90' lang='lat' dir='ltr'>inter</span> <span class='ocrx_word' id='word_1_575' title='bbox 1241 2527 1417 2558; x_wconf 88' lang='lat' dir='ltr'>subiectum</span> 
     </span>
     <span class='ocr_line' id='line_1_88' title="bbox 360 2569 1418 2604; baseline 0.004 -6"><span class='ocrx_word' id='word_1_576' title='bbox 360 2579 532 2599; x_wconf 90' lang='lat' dir='ltr'>consensus</span> <span class='ocrx_word' id='word_1_577' title='bbox 553 2569 586 2598; x_wconf 91' lang='lat' dir='ltr'>in</span> <span class='ocrx_word' id='word_1_578' title='bbox 603 2576 716 2604; x_wconf 89' lang='lat' dir='ltr'>actum,</span> <span class='ocrx_word' id='word_1_579' title='bbox 739 2576 768 2599; x_wconf 90' lang='lat' dir='ltr'>et</span> <span class='ocrx_word' id='word_1_580' title='bbox 784 2570 962 2600; x_wconf 89' lang='lat' dir='ltr'>subiectum</span> <span class='ocrx_word' id='word_1_581' title='bbox 986 2580 1158 2601; x_wconf 89' lang='lat' dir='ltr'>consensus</span> <span class='ocrx_word' id='word_1_582' title='bbox 1182 2571 1215 2601; x_wconf 91' lang='lat' dir='ltr'>in</span> <span class='ocrx_word' id='word_1_583' title='bbox 1239 2571 1418 2602; x_wconf 86' lang='lat' dir='ltr'>delectatio-</span> 
     </span>
     <span class='ocr_line' id='line_1_89' title="bbox 360 2613 1418 2654; baseline 0.003 -11"><span class='ocrx_word' id='word_1_584' title='bbox 360 2621 448 2643; x_wconf 86' lang='lat' dir='ltr'>nem:</span> <span class='ocrx_word' id='word_1_585' title='bbox 469 2619 499 2642; x_wconf 92' lang='lat' dir='ltr'>et</span> <span class='ocrx_word' id='word_1_586' title='bbox 514 2619 619 2643; x_wconf 90' lang='lat' dir='ltr'>tamen</span> <span class='ocrx_word' id='word_1_587' title='bbox 636 2613 668 2642; x_wconf 89' lang='lat' dir='ltr'>in</span> <span class='ocrx_word' id='word_1_588' title='bbox 685 2613 793 2648; x_wconf 88' lang='lat' dir='ltr'>littera,</span> <span class='ocrx_word' id='word_1_589' title='bbox 812 2623 848 2643; x_wconf 87' lang='lat' dir='ltr'>ex</span> <span class='ocrx_word' id='word_1_590' title='bbox 861 2613 1035 2644; x_wconf 87' lang='lat' dir='ltr'>intentione</span> <span class='ocrx_word' id='word_1_591' title='bbox 1051 2615 1231 2654; x_wconf 88' lang='lat' dir='ltr'>Augustini,</span> <span class='ocrx_word' id='word_1_592' title='bbox 1246 2626 1418 2646; x_wconf 90' lang='lat' dir='ltr'>consensus</span> 
     </span>
     <span class='ocr_line' id='line_1_90' title="bbox 359 2656 1417 2696; baseline 0.003 -9"><span class='ocrx_word' id='word_1_593' title='bbox 359 2657 392 2687; x_wconf 90' lang='lat' dir='ltr'>in</span> <span class='ocrx_word' id='word_1_594' title='bbox 412 2663 518 2687; x_wconf 86' lang='lat' dir='ltr'>actum</span> <span class='ocrx_word' id='word_1_595' title='bbox 541 2656 655 2686; x_wconf 89' lang='lat' dir='ltr'>rationi</span> <span class='ocrx_word' id='word_1_596' title='bbox 680 2657 842 2696; x_wconf 88' lang='lat' dir='ltr'>superiori,</span> <span class='ocrx_word' id='word_1_597' title='bbox 868 2668 1039 2688; x_wconf 90' lang='lat' dir='ltr'>consensus</span> <span class='ocrx_word' id='word_1_598' title='bbox 1055 2658 1087 2688; x_wconf 91' lang='lat' dir='ltr'>in</span> <span class='ocrx_word' id='word_1_599' title='bbox 1108 2659 1348 2690; x_wconf 82' lang='lat' dir='ltr'>delectationem</span> <span class='ocrx_word' id='word_1_600' title='bbox 1372 2670 1417 2690; x_wconf 87' lang='lat' dir='ltr'>ra-</span> 
     </span>
     <span class='ocr_line' id='line_1_91' title="bbox 360 2699 1418 2743; baseline 0.002 -12"><span class='ocrx_word' id='word_1_601' title='bbox 360 2701 440 2731; x_wconf 91' lang='lat' dir='ltr'>tioni</span> <span class='ocrx_word' id='word_1_602' title='bbox 463 2699 602 2730; x_wconf 87' lang='lat' dir='ltr'>inferiori</span> <span class='ocrx_word' id='word_1_603' title='bbox 626 2700 782 2730; x_wconf 88' lang='lat' dir='ltr'>tribuitur.</span> <span class='ocrx_word' id='word_1_604' title='bbox 808 2701 880 2737; x_wconf 89' lang='lat' dir='ltr'>Qua</span> <span class='ocrx_word' id='word_1_605' title='bbox 901 2702 986 2732; x_wconf 90' lang='lat' dir='ltr'>enim</span> <span class='ocrx_word' id='word_1_606' title='bbox 1007 2703 1127 2733; x_wconf 86' lang='lat' dir='ltr'>ratione</span> <span class='ocrx_word' id='word_1_607' title='bbox 1152 2713 1206 2742; x_wconf 91' lang='lat' dir='ltr'>per</span> <span class='ocrx_word' id='word_1_608' title='bbox 1229 2704 1418 2743; x_wconf 86' lang='lat' dir='ltr'>temporales</span> 
     </span>
     <span class='ocr_line' id='line_1_92' title="bbox 360 2745 1418 2786; baseline 0.004 -13"><span class='ocrx_word' id='word_1_609' title='bbox 360 2745 496 2774; x_wconf 84' lang='lat' dir='ltr'>rationes</span> <span class='ocrx_word' id='word_1_610' title='bbox 520 2754 652 2784; x_wconf 87' lang='lat' dir='ltr'>possum</span> <span class='ocrx_word' id='word_1_611' title='bbox 682 2745 857 2775; x_wconf 88' lang='lat' dir='ltr'>consentire</span> <span class='ocrx_word' id='word_1_612' title='bbox 881 2746 1079 2776; x_wconf 83' lang='lat' dir='ltr'>delectationi</span> <span class='ocrx_word' id='word_1_613' title='bbox 1109 2747 1260 2786; x_wconf 83' lang='lat' dir='ltr'>cogitatae</span> <span class='ocrx_word' id='word_1_614' title='bbox 1279 2747 1418 2783; x_wconf 63' lang='lat' dir='ltr'>,fornica-</span> 
     </span>
     <span class='ocr_line' id='line_1_93' title="bbox 361 2788 1418 2832; baseline 0.004 -14"><span class='ocrx_word' id='word_1_615' title='bbox 361 2788 470 2824; x_wconf 89' lang='lat' dir='ltr'>tionis,</span> <span class='ocrx_word' id='word_1_616' title='bbox 496 2788 605 2818; x_wconf 88' lang='lat' dir='ltr'>eadem</span> <span class='ocrx_word' id='word_1_617' title='bbox 636 2798 769 2827; x_wconf 88' lang='lat' dir='ltr'>possum</span> <span class='ocrx_word' id='word_1_618' title='bbox 798 2790 973 2820; x_wconf 90' lang='lat' dir='ltr'>consentire</span> <span class='ocrx_word' id='word_1_619' title='bbox 1003 2791 1138 2830; x_wconf 88' lang='lat' dir='ltr'>cogitato</span> <span class='ocrx_word' id='word_1_620' title='bbox 1163 2791 1256 2822; x_wconf 84' lang='lat' dir='ltr'>actui.</span> <span class='ocrx_word' id='word_1_621' title='bbox 1286 2792 1327 2822; x_wconf 91' lang='lat' dir='ltr'>Et</span> <span class='ocrx_word' id='word_1_622' title='bbox 1355 2802 1418 2832; x_wconf 86' lang='lat' dir='ltr'>qua</span> 
     </span>
     <span class='ocr_line' id='line_1_94' title="bbox 361 2832 1417 2872; baseline 0.004 -10"><span class='ocrx_word' id='word_1_623' title='bbox 361 2833 498 2868; x_wconf 82' lang='lat' dir='ltr'>ratione,</span> <span class='ocrx_word' id='word_1_624' title='bbox 531 2833 608 2862; x_wconf 89' lang='lat' dir='ltr'>dum</span> <span class='ocrx_word' id='word_1_625' title='bbox 639 2832 787 2862; x_wconf 90' lang='lat' dir='ltr'>deliberat</span> <span class='ocrx_word' id='word_1_626' title='bbox 815 2832 944 2863; x_wconf 83' lang='lat' dir='ltr'>inferior</span> <span class='ocrx_word' id='word_1_627' title='bbox 974 2834 1052 2864; x_wconf 88' lang='lat' dir='ltr'>ratio</span> <span class='ocrx_word' id='word_1_628' title='bbox 1077 2841 1107 2865; x_wconf 92' lang='lat' dir='ltr'>et</span> <span class='ocrx_word' id='word_1_629' title='bbox 1136 2835 1291 2866; x_wconf 88' lang='lat' dir='ltr'>consentit</span> <span class='ocrx_word' id='word_1_630' title='bbox 1318 2836 1417 2872; x_wconf 86' lang='lat' dir='ltr'>actui,</span> 
     </span>
     <span class='ocr_line' id='line_1_95' title="bbox 362 2876 1418 2916; baseline 0.004 -11"><span class='ocrx_word' id='word_1_631' title='bbox 362 2876 505 2916; x_wconf 90' lang='lat' dir='ltr'>superior</span> <span class='ocrx_word' id='word_1_632' title='bbox 521 2876 647 2906; x_wconf 89' lang='lat' dir='ltr'>obviare</span> <span class='ocrx_word' id='word_1_633' title='bbox 667 2883 799 2912; x_wconf 83' lang='lat' dir='ltr'>tenetur,</span> <span class='ocrx_word' id='word_1_634' title='bbox 824 2883 854 2906; x_wconf 92' lang='lat' dir='ltr'>et</span> <span class='ocrx_word' id='word_1_635' title='bbox 878 2884 1041 2916; x_wconf 88' lang='lat' dir='ltr'>propterea</span> <span class='ocrx_word' id='word_1_636' title='bbox 1066 2888 1238 2908; x_wconf 88' lang='lat' dir='ltr'>consensus</span> <span class='ocrx_word' id='word_1_637' title='bbox 1257 2879 1289 2909; x_wconf 91' lang='lat' dir='ltr'>in</span> <span class='ocrx_word' id='word_1_638' title='bbox 1312 2886 1418 2910; x_wconf 89' lang='lat' dir='ltr'>actum</span> 
     </span>
     <span class='ocr_line' id='line_1_96' title="bbox 362 2919 1419 2961; baseline 0.004 -11"><span class='ocrx_word' id='word_1_639' title='bbox 362 2920 390 2950; x_wconf 91' lang='lat' dir='ltr'>ei</span> <span class='ocrx_word' id='word_1_640' title='bbox 408 2920 592 2960; x_wconf 87' lang='lat' dir='ltr'>imputatur,</span> <span class='ocrx_word' id='word_1_641' title='bbox 614 2926 648 2950; x_wconf 88' lang='lat' dir='ltr'>ut</span> <span class='ocrx_word' id='word_1_642' title='bbox 663 2919 695 2949; x_wconf 90' lang='lat' dir='ltr'>in</span> <span class='ocrx_word' id='word_1_643' title='bbox 713 2920 918 2959; x_wconf 87' lang='lat' dir='ltr'>responsione</span> <span class='ocrx_word' id='word_1_644' title='bbox 935 2922 973 2950; x_wconf 86' lang='lat' dir='ltr'>ad</span> <span class='ocrx_word' id='word_1_645' title='bbox 993 2929 1143 2961; x_wconf 86' lang='lat' dir='ltr'>quartum</span> <span class='ocrx_word' id='word_1_646' title='bbox 1160 2922 1288 2959; x_wconf 87' lang='lat' dir='ltr'>dicitur;</span> <span class='ocrx_word' id='word_1_647' title='bbox 1309 2924 1419 2953; x_wconf 88' lang='lat' dir='ltr'>eadem</span> 
     </span>
     <span class='ocr_line' id='line_1_97' title="bbox 362 2963 1420 3000; baseline 0.003 -6"><span class='ocrx_word' id='word_1_648' title='bbox 362 2964 498 3000; x_wconf 87' lang='lat' dir='ltr'>ratione,</span> <span class='ocrx_word' id='word_1_649' title='bbox 524 2964 602 2994; x_wconf 89' lang='lat' dir='ltr'>dum</span> <span class='ocrx_word' id='word_1_650' title='bbox 630 2963 779 2993; x_wconf 87' lang='lat' dir='ltr'>deliberat</span> <span class='ocrx_word' id='word_1_651' title='bbox 809 2964 918 2994; x_wconf 89' lang='lat' dir='ltr'>eadem</span> <span class='ocrx_word' id='word_1_652' title='bbox 947 2964 1075 2995; x_wconf 87' lang='lat' dir='ltr'>inferior</span> <span class='ocrx_word' id='word_1_653' title='bbox 1098 2966 1176 2996; x_wconf 88' lang='lat' dir='ltr'>ratio</span> <span class='ocrx_word' id='word_1_654' title='bbox 1206 2973 1236 2996; x_wconf 90' lang='lat' dir='ltr'>et</span> <span class='ocrx_word' id='word_1_655' title='bbox 1265 2967 1420 2997; x_wconf 89' lang='lat' dir='ltr'>consentit</span> 
     </span>
     <span class='ocr_line' id='line_1_98' title="bbox 363 3007 1421 3051; baseline 0.004 -14"><span class='ocrx_word' id='word_1_656' title='bbox 363 3007 571 3044; x_wconf 82' lang='lat' dir='ltr'>delectationi,</span> <span class='ocrx_word' id='word_1_657' title='bbox 589 3014 712 3038; x_wconf 88' lang='lat' dir='ltr'>tenetur</span> <span class='ocrx_word' id='word_1_658' title='bbox 727 3007 871 3047; x_wconf 90' lang='lat' dir='ltr'>superior</span> <span class='ocrx_word' id='word_1_659' title='bbox 886 3008 964 3038; x_wconf 87' lang='lat' dir='ltr'>ratio</span> <span class='ocrx_word' id='word_1_660' title='bbox 983 3009 1119 3039; x_wconf 89' lang='lat' dir='ltr'>obviare.</span> <span class='ocrx_word' id='word_1_661' title='bbox 1135 3010 1176 3040; x_wconf 91' lang='lat' dir='ltr'>Et</span> <span class='ocrx_word' id='word_1_662' title='bbox 1192 3018 1421 3051; x_wconf 86' lang='lat' dir='ltr'>consequenter</span> 
     </span>
     <span class='ocr_line' id='line_1_99' title="bbox 364 3051 1418 3094; baseline 0.003 -13"><span class='ocrx_word' id='word_1_663' title='bbox 364 3052 465 3081; x_wconf 89' lang='lat' dir='ltr'>eidem</span> <span class='ocrx_word' id='word_1_664' title='bbox 489 3052 642 3091; x_wconf 88' lang='lat' dir='ltr'>superiori</span> <span class='ocrx_word' id='word_1_665' title='bbox 658 3051 772 3082; x_wconf 83' lang='lat' dir='ltr'>rationi</span> <span class='ocrx_word' id='word_1_666' title='bbox 788 3052 1004 3082; x_wconf 87' lang='lat' dir='ltr'>attribuendus</span> <span class='ocrx_word' id='word_1_667' title='bbox 1021 3059 1068 3083; x_wconf 87' lang='lat' dir='ltr'>est</span> <span class='ocrx_word' id='word_1_668' title='bbox 1083 3061 1215 3094; x_wconf 90' lang='lat' dir='ltr'>uterque</span> <span class='ocrx_word' id='word_1_669' title='bbox 1236 3064 1418 3090; x_wconf 90' lang='lat' dir='ltr'>consensus,</span> 
     </span>
     <span class='ocr_line' id='line_1_100' title="bbox 364 3096 1420 3136; baseline 0.003 -11"><span class='ocrx_word' id='word_1_670' title='bbox 364 3102 394 3125; x_wconf 92' lang='lat' dir='ltr'>et</span> <span class='ocrx_word' id='word_1_671' title='bbox 416 3102 548 3135; x_wconf 90' lang='lat' dir='ltr'>uterque</span> <span class='ocrx_word' id='word_1_672' title='bbox 572 3096 666 3126; x_wconf 91' lang='lat' dir='ltr'>etiam</span> <span class='ocrx_word' id='word_1_673' title='bbox 690 3096 883 3136; x_wconf 82' lang='lat' dir='ltr'>quandoque</span> <span class='ocrx_word' id='word_1_674' title='bbox 907 3096 1020 3126; x_wconf 90' lang='lat' dir='ltr'>rationi</span> <span class='ocrx_word' id='word_1_675' title='bbox 1035 3097 1190 3128; x_wconf 86' lang='lat' dir='ltr'>inferiori:</span> <span class='ocrx_word' id='word_1_676' title='bbox 1209 3105 1239 3127; x_wconf 91' lang='lat' dir='ltr'>et</span> <span class='ocrx_word' id='word_1_677' title='bbox 1253 3108 1319 3128; x_wconf 91' lang='lat' dir='ltr'>non</span> <span class='ocrx_word' id='word_1_678' title='bbox 1338 3108 1420 3128; x_wconf 89' lang='lat' dir='ltr'>unus</span> 
     </span>
     <span class='ocr_line' id='line_1_101' title="bbox 365 3138 986 3182; baseline 0.006 -15"><span class='ocrx_word' id='word_1_679' title='bbox 365 3138 429 3174; x_wconf 88' lang='lat' dir='ltr'>uni,</span> <span class='ocrx_word' id='word_1_680' title='bbox 455 3146 485 3169; x_wconf 89' lang='lat' dir='ltr'>et</span> <span class='ocrx_word' id='word_1_681' title='bbox 508 3140 583 3169; x_wconf 91' lang='lat' dir='ltr'>alter</span> <span class='ocrx_word' id='word_1_682' title='bbox 606 3139 704 3170; x_wconf 87' lang='lat' dir='ltr'>alteri.</span> <span class='ocrx_word' id='word_1_683' title='bbox 983 3178 986 3182; x_wconf 27' lang='grc' dir='ltr'>ι</span> 
     </span>
    </p>

    <p class='ocr_par' dir='ltr' id='par_1_22' title="bbox 365 3183 1421 3442">
     <span class='ocr_line' id='line_1_102' title="bbox 420 3183 1421 3224; baseline 0.005 -13"><span class='ocrx_word' id='word_1_684' title='bbox 420 3183 471 3212; x_wconf 84' lang='grc' dir='ltr'>ΙΙῐ.</span> <span class='ocrx_word' id='word_1_685' title='bbox 496 3183 546 3212; x_wconf 90' lang='lat' dir='ltr'>Ad</span> <span class='ocrx_word' id='word_1_686' title='bbox 568 3183 629 3213; x_wconf 89' lang='lat' dir='ltr'>hoc</span> <span class='ocrx_word' id='word_1_687' title='bbox 652 3183 764 3213; x_wconf 92' lang='lat' dir='ltr'>dicitur</span> <span class='ocrx_word' id='word_1_688' title='bbox 782 3184 869 3224; x_wconf 90' lang='lat' dir='ltr'>quod</span> <span class='ocrx_word' id='word_1_689' title='bbox 891 3190 1022 3224; x_wconf 88' lang='lat' dir='ltr'>uterque</span> <span class='ocrx_word' id='word_1_690' title='bbox 1046 3194 1228 3221; x_wconf 90' lang='lat' dir='ltr'>consensus,</span> <span class='ocrx_word' id='word_1_691' title='bbox 1245 3186 1421 3216; x_wconf 88' lang='lat' dir='ltr'>secundum</span> 
     </span>
     <span class='ocr_line' id='line_1_103' title="bbox 365 3226 1420 3268; baseline 0.006 -14"><span class='ocrx_word' id='word_1_692' title='bbox 365 3235 441 3261; x_wconf 87' lang='lat' dir='ltr'>rem,</span> <span class='ocrx_word' id='word_1_693' title='bbox 458 3227 585 3265; x_wconf 87' lang='lat' dir='ltr'>quando</span> <span class='ocrx_word' id='word_1_694' title='bbox 601 3226 636 3256; x_wconf 90' lang='lat' dir='ltr'>fit</span> <span class='ocrx_word' id='word_1_695' title='bbox 650 3227 824 3257; x_wconf 90' lang='lat' dir='ltr'>secundum</span> <span class='ocrx_word' id='word_1_696' title='bbox 848 3227 983 3258; x_wconf 86' lang='lat' dir='ltr'>rationes</span> <span class='ocrx_word' id='word_1_697' title='bbox 1007 3229 1206 3268; x_wconf 84' lang='lat' dir='ltr'>temporales,</span> <span class='ocrx_word' id='word_1_698' title='bbox 1227 3236 1273 3259; x_wconf 92' lang='lat' dir='ltr'>est</span> <span class='ocrx_word' id='word_1_699' title='bbox 1291 3229 1420 3260; x_wconf 87' lang='lat' dir='ltr'>rationis</span> 
     </span>
     <span class='ocr_line' id='line_1_104' title="bbox 365 3269 1419 3310; baseline 0.006 -13"><span class='ocrx_word' id='word_1_700' title='bbox 365 3269 532 3298; x_wconf 89' lang='lat' dir='ltr'>inferioris:</span> <span class='ocrx_word' id='word_1_701' title='bbox 550 3271 678 3309; x_wconf 88' lang='lat' dir='ltr'>quando</span> <span class='ocrx_word' id='word_1_702' title='bbox 690 3281 764 3301; x_wconf 87' lang='lat' dir='ltr'>vero</span> <span class='ocrx_word' id='word_1_703' title='bbox 781 3270 816 3301; x_wconf 85' lang='lat' dir='ltr'>fit</span> <span class='ocrx_word' id='word_1_704' title='bbox 831 3273 1008 3302; x_wconf 90' lang='lat' dir='ltr'>secundum</span> <span class='ocrx_word' id='word_1_705' title='bbox 1020 3272 1156 3303; x_wconf 88' lang='lat' dir='ltr'>rationes</span> <span class='ocrx_word' id='word_1_706' title='bbox 1172 3279 1310 3303; x_wconf 86' lang='lat' dir='ltr'>aeternas</span> <span class='ocrx_word' id='word_1_707' title='bbox 1327 3274 1419 3310; x_wconf 85' lang='lat' dir='ltr'>solas,</span> 
     </span>
     <span class='ocr_line' id='line_1_105' title="bbox 366 3313 1420 3356; baseline 0.007 -15"><span class='ocrx_word' id='word_1_708' title='bbox 366 3319 402 3342; x_wconf 92' lang='lat' dir='ltr'>ut</span> <span class='ocrx_word' id='word_1_709' title='bbox 425 3313 450 3342; x_wconf 90' lang='lat' dir='ltr'>si</span> <span class='ocrx_word' id='word_1_710' title='bbox 474 3313 544 3352; x_wconf 89' lang='lat' dir='ltr'>quis</span> <span class='ocrx_word' id='word_1_711' title='bbox 568 3323 604 3342; x_wconf 82' lang='lat' dir='ltr'>ex</span> <span class='ocrx_word' id='word_1_712' title='bbox 627 3314 695 3344; x_wconf 93' lang='lat' dir='ltr'>solo</span> <span class='ocrx_word' id='word_1_713' title='bbox 720 3322 904 3355; x_wconf 88' lang='lat' dir='ltr'>contemptu</span> <span class='ocrx_word' id='word_1_714' title='bbox 933 3323 1074 3346; x_wconf 83' lang='lat' dir='ltr'>aeternae</span> <span class='ocrx_word' id='word_1_715' title='bbox 1104 3317 1181 3356; x_wconf 85' lang='lat' dir='ltr'>legis</span> <span class='ocrx_word' id='word_1_716' title='bbox 1211 3317 1366 3348; x_wconf 89' lang='lat' dir='ltr'>consentit</span> <span class='ocrx_word' id='word_1_717' title='bbox 1388 3317 1420 3347; x_wconf 88' lang='lat' dir='ltr'>in</span> 
     </span>
     <span class='ocr_line' id='line_1_106' title="bbox 366 3356 1421 3401; baseline 0.006 -15"><span class='ocrx_word' id='word_1_718' title='bbox 366 3356 606 3388; x_wconf 88' lang='lat' dir='ltr'>delectationem</span> <span class='ocrx_word' id='word_1_719' title='bbox 628 3358 678 3386; x_wconf 88' lang='lat' dir='ltr'>vel</span> <span class='ocrx_word' id='word_1_720' title='bbox 700 3358 733 3387; x_wconf 91' lang='lat' dir='ltr'>in</span> <span class='ocrx_word' id='word_1_721' title='bbox 757 3366 876 3395; x_wconf 89' lang='lat' dir='ltr'>actum,</span> <span class='ocrx_word' id='word_1_722' title='bbox 906 3370 971 3389; x_wconf 89' lang='lat' dir='ltr'>non</span> <span class='ocrx_word' id='word_1_723' title='bbox 995 3367 1144 3400; x_wconf 80' lang='lat' dir='ltr'>reputans</span> <span class='ocrx_word' id='word_1_724' title='bbox 1172 3361 1261 3392; x_wconf 84' lang='lat' dir='ltr'>aliter</span> <span class='ocrx_word' id='word_1_725' title='bbox 1283 3361 1421 3401; x_wconf 91' lang='lat' dir='ltr'>prohibi-</span> 
     </span>
     <span class='ocr_line' id='line_1_107' title="bbox 367 3400 1420 3442; baseline 0.007 -13"><span class='ocrx_word' id='word_1_726' title='bbox 367 3406 446 3436; x_wconf 90' lang='lat' dir='ltr'>tum,</span> <span class='ocrx_word' id='word_1_727' title='bbox 471 3407 516 3430; x_wconf 88' lang='lat' dir='ltr'>est</span> <span class='ocrx_word' id='word_1_728' title='bbox 539 3400 667 3430; x_wconf 88' lang='lat' dir='ltr'>rationis</span> <span class='ocrx_word' id='word_1_729' title='bbox 692 3402 870 3440; x_wconf 89' lang='lat' dir='ltr'>superioris.</span> <span class='ocrx_word' id='word_1_730' title='bbox 898 3404 931 3433; x_wconf 93' lang='lat' dir='ltr'>ln</span> <span class='ocrx_word' id='word_1_731' title='bbox 955 3404 1016 3434; x_wconf 91' lang='lat' dir='ltr'>hoc</span> <span class='ocrx_word' id='word_1_732' title='bbox 1040 3410 1146 3434; x_wconf 89' lang='lat' dir='ltr'>tamen</span> <span class='ocrx_word' id='word_1_733' title='bbox 1170 3404 1341 3436; x_wconf 85' lang='lat' dir='ltr'>differentia</span> <span class='ocrx_word' id='word_1_734' title='bbox 1365 3412 1420 3442; x_wconf 82' lang='lat' dir='ltr'>est,</span> 
     </span>
    </p>
   </div>
   <div class='ocr_carea' id='block_1_16' title="bbox 1291 3472 1341 3480">
    <p class='ocr_par' dir='ltr' id='par_1_23' title="bbox 1291 3472 1341 3480">
     <span class='ocr_line' id='line_1_108' title="bbox 1291 3472 1341 3480; baseline 0 0"><span class='ocrx_word' id='word_1_735' title='bbox 1291 3472 1341 3480; x_wconf 44' lang='lat' dir='ltr'>M</span> 
     </span>
    </p>
   </div>
   <div class='ocr_carea' id='block_1_17' title="bbox 1445 2266 1448 3168">
    <p class='ocr_par' dir='ltr' id='par_1_24' title="bbox 1445 2266 1448 3168">
     <span class='ocr_line' id='line_1_109' title="bbox 1445 2266 1448 3168; baseline 0 0"><span class='ocrx_word' id='word_1_736' title='bbox 1445 2266 1448 3168; x_wconf 95' lang='lat' dir='ltr'> </span> 
     </span>
    </p>
   </div>
   <div class='ocr_carea' id='block_1_18' title="bbox 1471 2263 2538 3437">
    <p class='ocr_par' dir='ltr' id='par_1_25' title="bbox 1471 2263 2531 2515">
     <span class='ocr_line' id='line_1_110' title="bbox 1473 2263 2531 2306; baseline 0.005 -13"><span class='ocrx_word' id='word_1_737' title='bbox 1473 2263 1547 2304; x_wconf 86' lang='lat' dir='ltr'>quia</span> <span class='ocrx_word' id='word_1_738' title='bbox 1570 2264 1700 2304; x_wconf 86' lang='lat' dir='ltr'>quando</span> <span class='ocrx_word' id='word_1_739' title='bbox 1724 2272 1769 2295; x_wconf 93' lang='lat' dir='ltr'>est</span> <span class='ocrx_word' id='word_1_740' title='bbox 1792 2264 1957 2300; x_wconf 85' lang='lat' dir='ltr'>inferioris,</span> <span class='ocrx_word' id='word_1_741' title='bbox 1981 2272 2028 2296; x_wconf 88' lang='lat' dir='ltr'>est</span> <span class='ocrx_word' id='word_1_742' title='bbox 2043 2265 2137 2296; x_wconf 81' lang='lat' dir='ltr'>etiam</span> <span class='ocrx_word' id='word_1_743' title='bbox 2153 2266 2332 2306; x_wconf 88' lang='lat' dir='ltr'>superioris,</span> <span class='ocrx_word' id='word_1_744' title='bbox 2349 2267 2460 2298; x_wconf 76' lang='lat' dir='ltr'>saltem</span> <span class='ocrx_word' id='word_1_745' title='bbox 2474 2276 2531 2298; x_wconf 78' lang='lat' dir='ltr'>ne-</span> 
     </span>
     <span class='ocr_line' id='line_1_111' title="bbox 1472 2308 2530 2351; baseline 0.004 -14"><span class='ocrx_word' id='word_1_746' title='bbox 1472 2308 1590 2347; x_wconf 85' lang='lat' dir='ltr'>gative:</span> <span class='ocrx_word' id='word_1_747' title='bbox 1620 2308 1695 2348; x_wconf 85' lang='lat' dir='ltr'>quia</span> <span class='ocrx_word' id='word_1_748' title='bbox 1722 2315 1846 2338; x_wconf 88' lang='lat' dir='ltr'>tenetur</span> <span class='ocrx_word' id='word_1_749' title='bbox 1874 2308 1999 2338; x_wconf 86' lang='lat' dir='ltr'>obviare</span> <span class='ocrx_word' id='word_1_750' title='bbox 2030 2309 2192 2349; x_wconf 89' lang='lat' dir='ltr'>dirigendo</span> <span class='ocrx_word' id='word_1_751' title='bbox 2222 2310 2398 2340; x_wconf 88' lang='lat' dir='ltr'>secundum</span> <span class='ocrx_word' id='word_1_752' title='bbox 2426 2310 2530 2351; x_wconf 77' lang='lat' dir='ltr'>legem</span> 
     </span>
     <span class='ocr_line' id='line_1_112' title="bbox 1472 2352 2530 2394; baseline 0.005 -13"><span class='ocrx_word' id='word_1_753' title='bbox 1472 2358 1640 2388; x_wconf 84' lang='lat' dir='ltr'>aeternam,</span> <span class='ocrx_word' id='word_1_754' title='bbox 1665 2359 1695 2382; x_wconf 92' lang='lat' dir='ltr'>et</span> <span class='ocrx_word' id='word_1_755' title='bbox 1718 2362 1784 2382; x_wconf 91' lang='lat' dir='ltr'>non</span> <span class='ocrx_word' id='word_1_756' title='bbox 1804 2352 1919 2382; x_wconf 83' lang='lat' dir='ltr'>obviat.</span> <span class='ocrx_word' id='word_1_757' title='bbox 1945 2353 2083 2390; x_wconf 85' lang='lat' dir='ltr'>Quando</span> <span class='ocrx_word' id='word_1_758' title='bbox 2105 2363 2181 2384; x_wconf 88' lang='lat' dir='ltr'>vero</span> <span class='ocrx_word' id='word_1_759' title='bbox 2199 2360 2244 2385; x_wconf 88' lang='lat' dir='ltr'>est</span> <span class='ocrx_word' id='word_1_760' title='bbox 2259 2354 2442 2394; x_wconf 84' lang='lat' dir='ltr'>superioris,</span> <span class='ocrx_word' id='word_1_761' title='bbox 2462 2365 2530 2387; x_wconf 84' lang='lat' dir='ltr'>non</span> 
     </span>
     <span class='ocr_line' id='line_1_113' title="bbox 1472 2395 2530 2438; baseline 0.003 -12"><span class='ocrx_word' id='word_1_762' title='bbox 1472 2402 1598 2435; x_wconf 89' lang='lat' dir='ltr'>oportet</span> <span class='ocrx_word' id='word_1_763' title='bbox 1613 2396 1701 2436; x_wconf 92' lang='lat' dir='ltr'>quod</span> <span class='ocrx_word' id='word_1_764' title='bbox 1718 2396 1757 2426; x_wconf 92' lang='lat' dir='ltr'>sit</span> <span class='ocrx_word' id='word_1_765' title='bbox 1771 2395 1939 2426; x_wconf 81' lang='lat' dir='ltr'>inferioris:</span> <span class='ocrx_word' id='word_1_766' title='bbox 1963 2396 2039 2437; x_wconf 90' lang='lat' dir='ltr'>quia</span> <span class='ocrx_word' id='word_1_767' title='bbox 2062 2407 2128 2427; x_wconf 92' lang='lat' dir='ltr'>non</span> <span class='ocrx_word' id='word_1_768' title='bbox 2151 2404 2269 2438; x_wconf 83' lang='lat' dir='ltr'>spectat</span> <span class='ocrx_word' id='word_1_769' title='bbox 2286 2398 2326 2428; x_wconf 85' lang='lat' dir='ltr'>ad</span> <span class='ocrx_word' id='word_1_770' title='bbox 2348 2398 2530 2430; x_wconf 86' lang='lat' dir='ltr'>inferiorem</span> 
     </span>
     <span class='ocr_line' id='line_1_114' title="bbox 1472 2439 2529 2483; baseline 0.004 -14"><span class='ocrx_word' id='word_1_771' title='bbox 1472 2440 1510 2469; x_wconf 91' lang='lat' dir='ltr'>de</span> <span class='ocrx_word' id='word_1_772' title='bbox 1534 2439 1668 2479; x_wconf 91' lang='lat' dir='ltr'>propriis</span> <span class='ocrx_word' id='word_1_773' title='bbox 1693 2440 1846 2479; x_wconf 91' lang='lat' dir='ltr'>superiori</span> <span class='ocrx_word' id='word_1_774' title='bbox 1870 2440 2022 2471; x_wconf 83' lang='lat' dir='ltr'>iudicare:</span> <span class='ocrx_word' id='word_1_775' title='bbox 2048 2448 2084 2471; x_wconf 92' lang='lat' dir='ltr'>ut</span> <span class='ocrx_word' id='word_1_776' title='bbox 2107 2441 2259 2481; x_wconf 88' lang='lat' dir='ltr'>contingit</span> <span class='ocrx_word' id='word_1_777' title='bbox 2282 2452 2355 2472; x_wconf 90' lang='lat' dir='ltr'>curn</span> <span class='ocrx_word' id='word_1_778' title='bbox 2371 2442 2441 2483; x_wconf 92' lang='lat' dir='ltr'>quis</span> <span class='ocrx_word' id='word_1_779' title='bbox 2459 2453 2529 2483; x_wconf 79' lang='lat' dir='ltr'>mo-</span> 
     </span>
     <span class='ocr_line' id='line_1_115' title="bbox 1471 2483 2308 2515; baseline 0.002 -2"><span class='ocrx_word' id='word_1_780' title='bbox 1471 2493 1541 2513; x_wconf 93' lang='lat' dir='ltr'>rose</span> <span class='ocrx_word' id='word_1_781' title='bbox 1566 2484 1735 2514; x_wconf 88' lang='lat' dir='ltr'>delectatur</span> <span class='ocrx_word' id='word_1_782' title='bbox 1759 2485 1796 2514; x_wconf 90' lang='lat' dir='ltr'>de</span> <span class='ocrx_word' id='word_1_783' title='bbox 1819 2484 1940 2514; x_wconf 90' lang='lat' dir='ltr'>iniuriis</span> <span class='ocrx_word' id='word_1_784' title='bbox 1963 2483 2047 2515; x_wconf 85' lang='lat' dir='ltr'>fidei.</span> <span class='ocrx_word' id='word_1_785' title='bbox 2304 2511 2308 2515; x_wconf 92' lang='lat'>.</span> 
     </span>
    </p>

    <p class='ocr_par' dir='ltr' id='par_1_26' title="bbox 1471 2524 2529 2831">
     <span class='ocr_line' id='line_1_116' title="bbox 1527 2524 2529 2569; baseline 0.003 -12"><span class='ocrx_word' id='word_1_786' title='bbox 1527 2527 1708 2558; x_wconf 90' lang='lat' dir='ltr'>Secundum</span> <span class='ocrx_word' id='word_1_787' title='bbox 1733 2528 2020 2568; x_wconf 87' lang='lat' dir='ltr'>appropriationem</span> <span class='ocrx_word' id='word_1_788' title='bbox 2047 2524 2153 2559; x_wconf 79' lang='lat' dir='ltr'>autem</span> <span class='ocrx_word' id='word_1_789' title='bbox 2180 2539 2261 2569; x_wconf 89' lang='lat' dir='ltr'>quae</span> <span class='ocrx_word' id='word_1_790' title='bbox 2283 2529 2316 2559; x_wconf 94' lang='lat' dir='ltr'>in</span> <span class='ocrx_word' id='word_1_791' title='bbox 2338 2529 2440 2560; x_wconf 88' lang='lat' dir='ltr'>littera</span> <span class='ocrx_word' id='word_1_792' title='bbox 2462 2537 2529 2560; x_wconf 84' lang='lat' dir='ltr'>tan-</span> 
     </span>
     <span class='ocr_line' id='line_1_117' title="bbox 1471 2571 2527 2612; baseline 0.004 -11"><span class='ocrx_word' id='word_1_793' title='bbox 1471 2571 1570 2611; x_wconf 90' lang='lat' dir='ltr'>gitur,</span> <span class='ocrx_word' id='word_1_794' title='bbox 1601 2571 1716 2602; x_wconf 88' lang='lat' dir='ltr'>scilicet</span> <span class='ocrx_word' id='word_1_795' title='bbox 1743 2572 1872 2612; x_wconf 87' lang='lat' dir='ltr'>quando</span> <span class='ocrx_word' id='word_1_796' title='bbox 1897 2572 1962 2603; x_wconf 93' lang='lat' dir='ltr'>duo</span> <span class='ocrx_word' id='word_1_797' title='bbox 1986 2572 2129 2602; x_wconf 85' lang='lat' dir='ltr'>ordinata</span> <span class='ocrx_word' id='word_1_798' title='bbox 2150 2572 2317 2603; x_wconf 87' lang='lat' dir='ltr'>iudicanda</span> <span class='ocrx_word' id='word_1_799' title='bbox 2345 2581 2527 2610; x_wconf 77' lang='lat' dir='ltr'>occurrunt3</span> 
     </span>
     <span class='ocr_line' id='line_1_118' title="bbox 1472 2615 2527 2656; baseline 0.004 -11"><span class='ocrx_word' id='word_1_800' title='bbox 1472 2615 1621 2646; x_wconf 90' lang='lat' dir='ltr'>ultimum</span> <span class='ocrx_word' id='word_1_801' title='bbox 1653 2616 1823 2655; x_wconf 89' lang='lat' dir='ltr'>superiori,</span> <span class='ocrx_word' id='word_1_802' title='bbox 1849 2623 1879 2647; x_wconf 91' lang='lat' dir='ltr'>et</span> <span class='ocrx_word' id='word_1_803' title='bbox 1906 2616 2147 2656; x_wconf 82' lang='lat' dir='ltr'>praeambulum</span> <span class='ocrx_word' id='word_1_804' title='bbox 2174 2616 2315 2647; x_wconf 89' lang='lat' dir='ltr'>inferiori</span> <span class='ocrx_word' id='word_1_805' title='bbox 2341 2617 2527 2649; x_wconf 83' lang='lat' dir='ltr'>attribuitur.</span> 
     </span>
     <span class='ocr_line' id='line_1_119' title="bbox 1472 2659 2527 2697; baseline 0.004 -8"><span class='ocrx_word' id='word_1_806' title='bbox 1472 2659 1673 2695; x_wconf 67' lang='lat' dir='ltr'>Deliberafio,</span> <span class='ocrx_word' id='word_1_807' title='bbox 1698 2659 1851 2690; x_wconf 90' lang='lat' dir='ltr'>iudicium</span> <span class='ocrx_word' id='word_1_808' title='bbox 1875 2670 1910 2690; x_wconf 91' lang='lat' dir='ltr'>ac</span> <span class='ocrx_word' id='word_1_809' title='bbox 1931 2669 2102 2690; x_wconf 88' lang='lat' dir='ltr'>consensus</span> <span class='ocrx_word' id='word_1_810' title='bbox 2126 2660 2230 2697; x_wconf 86' lang='lat' dir='ltr'>unius,</span> <span class='ocrx_word' id='word_1_811' title='bbox 2255 2661 2372 2692; x_wconf 90' lang='lat' dir='ltr'>scilicet</span> <span class='ocrx_word' id='word_1_812' title='bbox 2395 2661 2527 2693; x_wconf 79' lang='lat' dir='ltr'>delecta-</span> 
     </span>
     <span class='ocr_line' id='line_1_120' title="bbox 1472 2700 2529 2746; baseline 0.004 -13"><span class='ocrx_word' id='word_1_813' title='bbox 1472 2700 1581 2739; x_wconf 86' lang='lat' dir='ltr'>tionis,</span> <span class='ocrx_word' id='word_1_814' title='bbox 1607 2704 1645 2733; x_wconf 91' lang='lat' dir='ltr'>ad</span> <span class='ocrx_word' id='word_1_815' title='bbox 1668 2703 1866 2734; x_wconf 89' lang='lat' dir='ltr'>inferiorem:</span> <span class='ocrx_word' id='word_1_816' title='bbox 1891 2703 2016 2734; x_wconf 90' lang='lat' dir='ltr'>alterius</span> <span class='ocrx_word' id='word_1_817' title='bbox 2039 2713 2124 2740; x_wconf 87' lang='lat' dir='ltr'>vero,</span> <span class='ocrx_word' id='word_1_818' title='bbox 2149 2704 2229 2734; x_wconf 88' lang='lat' dir='ltr'>idest</span> <span class='ocrx_word' id='word_1_819' title='bbox 2252 2712 2350 2741; x_wconf 87' lang='lat' dir='ltr'>actus,</span> <span class='ocrx_word' id='word_1_820' title='bbox 2375 2705 2415 2735; x_wconf 83' lang='lat' dir='ltr'>ad</span> <span class='ocrx_word' id='word_1_821' title='bbox 2437 2715 2529 2746; x_wconf 88' lang='lat' dir='ltr'>supe·</span> 
     </span>
     <span class='ocr_line' id='line_1_121' title="bbox 1472 2747 2529 2787; baseline 0.003 -10"><span class='ocrx_word' id='word_1_822' title='bbox 1472 2747 1588 2777; x_wconf 90' lang='lat' dir='ltr'>riorem</span> <span class='ocrx_word' id='word_1_823' title='bbox 1618 2755 1744 2787; x_wconf 87' lang='lat' dir='ltr'>spectat.</span> <span class='ocrx_word' id='word_1_824' title='bbox 1770 2747 1810 2778; x_wconf 87' lang='lat' dir='ltr'>Et</span> <span class='ocrx_word' id='word_1_825' title='bbox 1837 2747 1911 2784; x_wconf 89' lang='lat' dir='ltr'>hoc,</span> <span class='ocrx_word' id='word_1_826' title='bbox 1936 2747 2053 2778; x_wconf 89' lang='lat' dir='ltr'>iudicio</span> <span class='ocrx_word' id='word_1_827' title='bbox 2081 2757 2172 2784; x_wconf 85' lang='lat' dir='ltr'>me0‚</span> <span class='ocrx_word' id='word_1_828' title='bbox 2196 2747 2330 2779; x_wconf 90' lang='lat' dir='ltr'>intendit</span> <span class='ocrx_word' id='word_1_829' title='bbox 2353 2751 2474 2780; x_wconf 91' lang='lat' dir='ltr'>Auctor</span> <span class='ocrx_word' id='word_1_830' title='bbox 2496 2749 2529 2781; x_wconf 91' lang='lat' dir='ltr'>in</span> 
     </span>
     <span class='ocr_line' id='line_1_122' title="bbox 1471 2791 2528 2831; baseline 0.004 -10"><span class='ocrx_word' id='word_1_831' title='bbox 1471 2791 1582 2827; x_wconf 84' lang='lat' dir='ltr'>littera,</span> <span class='ocrx_word' id='word_1_832' title='bbox 1600 2798 1728 2831; x_wconf 90' lang='lat' dir='ltr'>propter</span> <span class='ocrx_word' id='word_1_833' title='bbox 1744 2791 1949 2822; x_wconf 86' lang='lat' dir='ltr'>reverentiam</span> <span class='ocrx_word' id='word_1_834' title='bbox 1968 2791 2044 2822; x_wconf 78' lang='lat' dir='ltr'>tanti</span> <span class='ocrx_word' id='word_1_835' title='bbox 2058 2791 2215 2828; x_wconf 88' lang='lat' dir='ltr'>Doctoris‚</span> <span class='ocrx_word' id='word_1_836' title='bbox 2239 2798 2276 2822; x_wconf 90' lang='lat' dir='ltr'>ut</span> <span class='ocrx_word' id='word_1_837' title='bbox 2298 2793 2418 2824; x_wconf 90' lang='lat' dir='ltr'>dictum</span> <span class='ocrx_word' id='word_1_838' title='bbox 2441 2800 2488 2824; x_wconf 89' lang='lat' dir='ltr'>est</span> <span class='ocrx_word' id='word_1_839' title='bbox 2501 2793 2528 2825; x_wconf 85' lang='lat'>*.</span> 
     </span>
    </p>

    <p class='ocr_par' dir='ltr' id='par_1_27' title="bbox 1473 2835 2538 3437">
     <span class='ocr_line' id='line_1_123' title="bbox 1529 2835 2528 2878; baseline 0.003 -13"><span class='ocrx_word' id='word_1_840' title='bbox 1529 2835 1580 2866; x_wconf 87' lang='lat' dir='ltr'>IV.</span> <span class='ocrx_word' id='word_1_841' title='bbox 1605 2835 1646 2866; x_wconf 91' lang='lat' dir='ltr'>Et</span> <span class='ocrx_word' id='word_1_842' title='bbox 1669 2845 1724 2875; x_wconf 90' lang='lat' dir='ltr'>per</span> <span class='ocrx_word' id='word_1_843' title='bbox 1747 2835 1808 2866; x_wconf 90' lang='lat' dir='ltr'>hoc</span> <span class='ocrx_word' id='word_1_844' title='bbox 1830 2842 1916 2875; x_wconf 84' lang='lat' dir='ltr'>patet</span> <span class='ocrx_word' id='word_1_845' title='bbox 1938 2835 2102 2875; x_wconf 87' lang='lat' dir='ltr'>responsio</span> <span class='ocrx_word' id='word_1_846' title='bbox 2118 2836 2157 2865; x_wconf 89' lang='lat' dir='ltr'>ad</span> <span class='ocrx_word' id='word_1_847' title='bbox 2172 2836 2294 2867; x_wconf 88' lang='lat' dir='ltr'>obiecta</span> <span class='ocrx_word' id='word_1_848' title='bbox 2307 2837 2333 2867; x_wconf 88' lang='lat'>*.</span> <span class='ocrx_word' id='word_1_849' title='bbox 2354 2838 2437 2868; x_wconf 84' lang='lat' dir='ltr'>Nam</span> <span class='ocrx_word' id='word_1_850' title='bbox 2455 2847 2528 2878; x_wconf 86' lang='lat' dir='ltr'>pro-</span> 
     </span>
     <span class='ocr_line' id='line_1_124' title="bbox 1473 2879 2529 2922; baseline 0.004 -13"><span class='ocrx_word' id='word_1_851' title='bbox 1473 2879 1588 2909; x_wconf 87' lang='lat' dir='ltr'>cedunt</span> <span class='ocrx_word' id='word_1_852' title='bbox 1612 2879 1650 2909; x_wconf 90' lang='lat' dir='ltr'>de</span> <span class='ocrx_word' id='word_1_853' title='bbox 1673 2889 1829 2909; x_wconf 90' lang='lat' dir='ltr'>consensu</span> <span class='ocrx_word' id='word_1_854' title='bbox 1850 2886 1986 2919; x_wconf 90' lang='lat' dir='ltr'>utroque</span> <span class='ocrx_word' id='word_1_855' title='bbox 2009 2880 2184 2910; x_wconf 90' lang='lat' dir='ltr'>secundum</span> <span class='ocrx_word' id='word_1_856' title='bbox 2208 2889 2290 2910; x_wconf 88' lang='lat' dir='ltr'>rem:</span> <span class='ocrx_word' id='word_1_857' title='bbox 2315 2881 2405 2912; x_wconf 85' lang='lat' dir='ltr'>cuius</span> <span class='ocrx_word' id='word_1_858' title='bbox 2427 2891 2529 2922; x_wconf 85' lang='lat' dir='ltr'>oppo-</span> 
     </span>
     <span class='ocr_line' id='line_1_125' title="bbox 1474 2923 2531 2966; baseline 0.003 -13"><span class='ocrx_word' id='word_1_859' title='bbox 1474 2923 1569 2953; x_wconf 91' lang='lat' dir='ltr'>situm</span> <span class='ocrx_word' id='word_1_860' title='bbox 1594 2933 1660 2953; x_wconf 91' lang='lat' dir='ltr'>non</span> <span class='ocrx_word' id='word_1_861' title='bbox 1682 2923 1810 2953; x_wconf 88' lang='lat' dir='ltr'>invenio</span> <span class='ocrx_word' id='word_1_862' title='bbox 1825 2923 1858 2953; x_wconf 89' lang='lat' dir='ltr'>in</span> <span class='ocrx_word' id='word_1_863' title='bbox 1877 2923 1988 2959; x_wconf 86' lang='lat' dir='ltr'>littera,</span> <span class='ocrx_word' id='word_1_864' title='bbox 2010 2933 2091 2963; x_wconf 88' lang='lat' dir='ltr'>quae</span> <span class='ocrx_word' id='word_1_865' title='bbox 2115 2924 2257 2964; x_wconf 90' lang='lat' dir='ltr'>loquitur</span> <span class='ocrx_word' id='word_1_866' title='bbox 2279 2925 2455 2956; x_wconf 88' lang='lat' dir='ltr'>secundum</span> <span class='ocrx_word' id='word_1_867' title='bbox 2477 2935 2531 2966; x_wconf 81' lang='lat' dir='ltr'>ap-</span> 
     </span>
     <span class='ocr_line' id='line_1_126' title="bbox 1474 2967 2531 3009; baseline 0.003 -12"><span class='ocrx_word' id='word_1_868' title='bbox 1474 2967 1732 3008; x_wconf 86' lang='lat' dir='ltr'>propriationem,</span> <span class='ocrx_word' id='word_1_869' title='bbox 1757 2974 1787 2998; x_wconf 89' lang='lat' dir='ltr'>et</span> <span class='ocrx_word' id='word_1_870' title='bbox 1806 2967 1981 2997; x_wconf 89' lang='lat' dir='ltr'>secundum</span> <span class='ocrx_word' id='word_1_871' title='bbox 1996 2977 2066 2997; x_wconf 84' lang='lat' dir='ltr'>eam</span> <span class='ocrx_word' id='word_1_872' title='bbox 2083 2967 2296 3008; x_wconf 83' lang='lat' dir='ltr'>disparitatem</span> <span class='ocrx_word' id='word_1_873' title='bbox 2313 2969 2412 3009; x_wconf 91' lang='lat' dir='ltr'>ponit.</span> <span class='ocrx_word' id='word_1_874' title='bbox 2428 2986 2449 2992; x_wconf 91' lang='lat'>—</span> <span class='ocrx_word' id='word_1_875' title='bbox 2464 2969 2531 3003; x_wconf 87' lang='lat' dir='ltr'>Nec</span> 
     </span>
     <span class='ocr_line' id='line_1_127' title="bbox 1474 3010 2531 3056; baseline 0.004 -16"><span class='ocrx_word' id='word_1_876' title='bbox 1474 3012 1576 3041; x_wconf 88' lang='lat' dir='ltr'>obstat</span> <span class='ocrx_word' id='word_1_877' title='bbox 1591 3011 1678 3051; x_wconf 89' lang='lat' dir='ltr'>quod</span> <span class='ocrx_word' id='word_1_878' title='bbox 1690 3010 1723 3040; x_wconf 87' lang='lat' dir='ltr'>in</span> <span class='ocrx_word' id='word_1_879' title='bbox 1735 3010 1941 3050; x_wconf 91' lang='lat' dir='ltr'>responsione</span> <span class='ocrx_word' id='word_1_880' title='bbox 1955 3011 1992 3040; x_wconf 89' lang='lat' dir='ltr'>ad</span> <span class='ocrx_word' id='word_1_881' title='bbox 2006 3011 2132 3042; x_wconf 90' lang='lat' dir='ltr'>tertium</span> <span class='ocrx_word' id='word_1_882' title='bbox 2144 3011 2177 3042; x_wconf 91' lang='lat' dir='ltr'>in</span> <span class='ocrx_word' id='word_1_883' title='bbox 2189 3011 2251 3043; x_wconf 89' lang='lat' dir='ltr'>hoc</span> <span class='ocrx_word' id='word_1_884' title='bbox 2263 3013 2405 3049; x_wconf 87' lang='lat' dir='ltr'>articulo,</span> <span class='ocrx_word' id='word_1_885' title='bbox 2418 3013 2531 3056; x_wconf 69' lang='lat' dir='ltr'>dicitur</span> 
     </span>
     <span class='ocr_line' id='line_1_128' title="bbox 1474 3054 2529 3095; baseline 0.004 -11"><span class='ocrx_word' id='word_1_886' title='bbox 1474 3055 1562 3095; x_wconf 89' lang='lat' dir='ltr'>quod</span> <span class='ocrx_word' id='word_1_887' title='bbox 1581 3054 1710 3094; x_wconf 86' lang='lat' dir='ltr'>quando</span> <span class='ocrx_word' id='word_1_888' title='bbox 1727 3064 1899 3084; x_wconf 87' lang='lat' dir='ltr'>consensus</span> <span class='ocrx_word' id='word_1_889' title='bbox 1915 3054 2044 3085; x_wconf 84' lang='lat' dir='ltr'>rationis</span> <span class='ocrx_word' id='word_1_890' title='bbox 2060 3055 2214 3086; x_wconf 84' lang='lat' dir='ltr'>inferioris</span> <span class='ocrx_word' id='word_1_891' title='bbox 2230 3055 2263 3086; x_wconf 89' lang='lat' dir='ltr'>in</span> <span class='ocrx_word' id='word_1_892' title='bbox 2280 3055 2529 3093; x_wconf 76' lang='lat' dir='ltr'>delectationem,</span> 
     </span>
     <span class='ocr_line' id='line_1_129' title="bbox 1475 3098 2538 3140; baseline 0.003 -12"><span class='ocrx_word' id='word_1_893' title='bbox 1475 3098 1569 3129; x_wconf 89' lang='lat' dir='ltr'>etiam</span> <span class='ocrx_word' id='word_1_894' title='bbox 1583 3098 1760 3129; x_wconf 89' lang='lat' dir='ltr'>secundum</span> <span class='ocrx_word' id='word_1_895' title='bbox 1773 3098 1910 3128; x_wconf 87' lang='lat' dir='ltr'>rationes</span> <span class='ocrx_word' id='word_1_896' title='bbox 1927 3105 2066 3129; x_wconf 82' lang='lat' dir='ltr'>aeternas</span> <span class='ocrx_word' id='word_1_897' title='bbox 2085 3107 2270 3139; x_wconf 89' lang='lat' dir='ltr'>perseverat,</span> <span class='ocrx_word' id='word_1_898' title='bbox 2287 3100 2421 3140; x_wconf 83' lang='lat' dir='ltr'>pertinet</span> <span class='ocrx_word' id='word_1_899' title='bbox 2436 3100 2538 3132; x_wconf 55' lang='lat' dir='ltr'>etiam&gt;</span> 
     </span>
     <span class='ocr_line' id='line_1_130' title="bbox 1475 3142 2530 3184; baseline 0.003 -12"><span class='ocrx_word' id='word_1_900' title='bbox 1475 3143 1514 3173; x_wconf 88' lang='lat' dir='ltr'>ad</span> <span class='ocrx_word' id='word_1_901' title='bbox 1537 3142 1692 3172; x_wconf 88' lang='lat' dir='ltr'>rationem</span> <span class='ocrx_word' id='word_1_902' title='bbox 1715 3142 1927 3182; x_wconf 86' lang='lat' dir='ltr'>superiorem:</span> <span class='ocrx_word' id='word_1_903' title='bbox 1952 3143 2042 3183; x_wconf 86' lang='lat' dir='ltr'>quasi</span> <span class='ocrx_word' id='word_1_904' title='bbox 2064 3143 2139 3174; x_wconf 87' lang='lat' dir='ltr'>velit</span> <span class='ocrx_word' id='word_1_905' title='bbox 2162 3144 2264 3174; x_wconf 89' lang='lat' dir='ltr'>dicere</span> <span class='ocrx_word' id='word_1_906' title='bbox 2292 3144 2390 3184; x_wconf 88' lang='lat' dir='ltr'>quod,</span> <span class='ocrx_word' id='word_1_907' title='bbox 2414 3144 2441 3174; x_wconf 84' lang='lat' dir='ltr'>si</span> <span class='ocrx_word' id='word_1_908' title='bbox 2463 3153 2530 3175; x_wconf 83' lang='lat' dir='ltr'>non</span> 
     </span>
     <span class='ocr_line' id='line_1_131' title="bbox 1474 3186 2530 3228; baseline 0.003 -12"><span class='ocrx_word' id='word_1_909' title='bbox 1474 3193 1652 3226; x_wconf 88' lang='lat' dir='ltr'>acceptetur</span> <span class='ocrx_word' id='word_1_910' title='bbox 1675 3186 1851 3216; x_wconf 88' lang='lat' dir='ltr'>secundum</span> <span class='ocrx_word' id='word_1_911' title='bbox 1874 3194 2013 3217; x_wconf 85' lang='lat' dir='ltr'>aeternas</span> <span class='ocrx_word' id='word_1_912' title='bbox 2037 3187 2182 3223; x_wconf 87' lang='lat' dir='ltr'>rationes,</span> <span class='ocrx_word' id='word_1_913' title='bbox 2207 3198 2273 3218; x_wconf 91' lang='lat' dir='ltr'>non</span> <span class='ocrx_word' id='word_1_914' title='bbox 2293 3194 2410 3228; x_wconf 89' lang='lat' dir='ltr'>spectet</span> <span class='ocrx_word' id='word_1_915' title='bbox 2423 3188 2463 3218; x_wconf 81' lang='lat' dir='ltr'>ad</span> <span class='ocrx_word' id='word_1_916' title='bbox 2477 3198 2530 3218; x_wconf 87' lang='lat' dir='ltr'>su-</span> 
     </span>
     <span class='ocr_line' id='line_1_132' title="bbox 1474 3230 2529 3272; baseline 0.003 -13"><span class='ocrx_word' id='word_1_917' title='bbox 1474 3230 1640 3269; x_wconf 90' lang='lat' dir='ltr'>periorem.</span> <span class='ocrx_word' id='word_1_918' title='bbox 1666 3230 1737 3260; x_wconf 90' lang='lat' dir='ltr'>Hoc</span> <span class='ocrx_word' id='word_1_919' title='bbox 1753 3230 1838 3260; x_wconf 90' lang='lat' dir='ltr'>enim</span> <span class='ocrx_word' id='word_1_920' title='bbox 1853 3240 1964 3261; x_wconf 90' lang='lat' dir='ltr'>verum</span> <span class='ocrx_word' id='word_1_921' title='bbox 1984 3237 2038 3267; x_wconf 87' lang='lat' dir='ltr'>est,</span> <span class='ocrx_word' id='word_1_922' title='bbox 2063 3231 2151 3271; x_wconf 92' lang='lat' dir='ltr'>quod</span> <span class='ocrx_word' id='word_1_923' title='bbox 2167 3241 2233 3262; x_wconf 91' lang='lat' dir='ltr'>non</span> <span class='ocrx_word' id='word_1_924' title='bbox 2249 3238 2367 3272; x_wconf 86' lang='lat' dir='ltr'>spectat</span> <span class='ocrx_word' id='word_1_925' title='bbox 2382 3231 2422 3261; x_wconf 84' lang='lat' dir='ltr'>ad</span> <span class='ocrx_word' id='word_1_926' title='bbox 2437 3241 2529 3272; x_wconf 87' lang='lat' dir='ltr'>supe-</span> 
     </span>
     <span class='ocr_line' id='line_1_133' title="bbox 1475 3274 2530 3315; baseline 0.003 -12"><span class='ocrx_word' id='word_1_927' title='bbox 1475 3274 1589 3304; x_wconf 88' lang='lat' dir='ltr'>riorem</span> <span class='ocrx_word' id='word_1_928' title='bbox 1614 3274 1789 3304; x_wconf 89' lang='lat' dir='ltr'>secundum</span> <span class='ocrx_word' id='word_1_929' title='bbox 1813 3274 2116 3315; x_wconf 83' lang='lat' dir='ltr'>appropriationem:</span> <span class='ocrx_word' id='word_1_930' title='bbox 2145 3275 2288 3315; x_wconf 78' lang='lat' dir='ltr'>quamvis</span> <span class='ocrx_word' id='word_1_931' title='bbox 2317 3281 2468 3315; x_wconf 81' lang='lat' dir='ltr'>spectaret</span> <span class='ocrx_word' id='word_1_932' title='bbox 2490 3275 2530 3306; x_wconf 90' lang='lat' dir='ltr'>ad</span> 
     </span>
     <span class='ocr_line' id='line_1_134' title="bbox 1475 3318 2530 3358; baseline 0 -10"><span class='ocrx_word' id='word_1_933' title='bbox 1475 3318 1576 3358; x_wconf 89' lang='lat' dir='ltr'>ipsam</span> <span class='ocrx_word' id='word_1_934' title='bbox 1599 3318 1773 3348; x_wconf 91' lang='lat' dir='ltr'>secundum</span> <span class='ocrx_word' id='word_1_935' title='bbox 1793 3328 1869 3354; x_wconf 90' lang='lat' dir='ltr'>rem,</span> <span class='ocrx_word' id='word_1_936' title='bbox 1887 3318 2039 3358; x_wconf 86' lang='lat' dir='ltr'>negative.</span> <span class='ocrx_word' id='word_1_937' title='bbox 2064 3319 2105 3349; x_wconf 91' lang='lat' dir='ltr'>Et</span> <span class='ocrx_word' id='word_1_938' title='bbox 2127 3319 2212 3349; x_wconf 91' lang='lat' dir='ltr'>hunc</span> <span class='ocrx_word' id='word_1_939' title='bbox 2235 3328 2363 3348; x_wconf 89' lang='lat' dir='ltr'>sensum</span> <span class='ocrx_word' id='word_1_940' title='bbox 2386 3318 2530 3358; x_wconf 86' lang='lat' dir='ltr'>exprimit</span> 
     </span>
     <span class='ocr_line' id='line_1_135' title="bbox 1474 3361 2528 3403; baseline 0.001 -11"><span class='ocrx_word' id='word_1_941' title='bbox 1474 3362 1541 3401; x_wconf 87' lang='lat' dir='ltr'>ipse</span> <span class='ocrx_word' id='word_1_942' title='bbox 1558 3364 1678 3393; x_wconf 88' lang='lat' dir='ltr'>Auctor</span> <span class='ocrx_word' id='word_1_943' title='bbox 1692 3362 1724 3392; x_wconf 91' lang='lat' dir='ltr'>in</span> <span class='ocrx_word' id='word_1_944' title='bbox 1740 3362 1883 3403; x_wconf 88' lang='lat' dir='ltr'>sequenti</span> <span class='ocrx_word' id='word_1_945' title='bbox 1899 3362 2041 3398; x_wconf 86' lang='lat' dir='ltr'>articulo,</span> <span class='ocrx_word' id='word_1_946' title='bbox 2057 3361 2090 3393; x_wconf 89' lang='lat' dir='ltr'>in</span> <span class='ocrx_word' id='word_1_947' title='bbox 2105 3361 2310 3402; x_wconf 87' lang='lat' dir='ltr'>responsione</span> <span class='ocrx_word' id='word_1_948' title='bbox 2324 3362 2362 3392; x_wconf 85' lang='lat' dir='ltr'>ad</span> <span class='ocrx_word' id='word_1_949' title='bbox 2379 3361 2528 3402; x_wconf 87' lang='lat' dir='ltr'>primum,</span> 
     </span>
     <span class='ocr_line' id='line_1_136' title="bbox 1475 3406 2209 3437; baseline 0.003 -1"><span class='ocrx_word' id='word_1_950' title='bbox 1475 3413 1509 3436; x_wconf 92' lang='lat' dir='ltr'>ut</span> <span class='ocrx_word' id='word_1_951' title='bbox 1531 3406 1574 3436; x_wconf 90' lang='lat' dir='ltr'>ibi</span> <span class='ocrx_word' id='word_1_952' title='bbox 1598 3406 1803 3437; x_wconf 88' lang='lat' dir='ltr'>declarabitur</span> <span class='ocrx_word' id='word_1_953' title='bbox 1818 3406 1843 3437; x_wconf 88' lang='lat'>*.</span> <span class='ocrx_word' id='word_1_954' title='bbox 2206 3406 2209 3409; x_wconf 78' lang='grc'><strong>’</strong></span> 
     </span>
    </p>
   </div>
   <div class='ocr_carea' id='block_1_19' title="bbox 2555 615 2692 642">
    <p class='ocr_par' dir='ltr' id='par_1_28' title="bbox 2555 615 2692 642">
     <span class='ocr_line' id='line_1_137' title="bbox 2555 615 2692 642; baseline 0 -6"><span class='ocrx_word' id='word_1_955' title='bbox 2555 615 2566 626; x_wconf 71' lang='lat'>⁸</span> <span class='ocrx_word' id='word_1_956' title='bbox 2580 615 2637 642; x_wconf 86' lang='lat' dir='ltr'>Cap.</span> <span class='ocrx_word' id='word_1_957' title='bbox 2652 621 2692 636; x_wconf 69' lang='lat' dir='ltr'>xu-</span> 
     </span>
    </p>
   </div>
   <div class='ocr_carea' id='block_1_20' title="bbox 2556 2797 2766 2872">
    <p class='ocr_par' dir='ltr' id='par_1_29' title="bbox 2556 2797 2766 2872">
     <span class='ocr_line' id='line_1_138' title="bbox 2557 2797 2766 2846; baseline 0 -1"><span class='ocrx_word' id='word_1_958' title='bbox 2557 2797 2766 2846; x_wconf 53' lang='lat' dir='ltr'>&#39;effigss‘ffdr</span> 
     </span>
     <span class='ocr_line' id='line_1_139' title="bbox 2556 2839 2765 2872; baseline 0 0"><span class='ocrx_word' id='word_1_959' title='bbox 2556 2851 2566 2860; x_wconf 75' lang='lat'>&#39;</span> <span class='ocrx_word' id='word_1_960' title='bbox 2581 2849 2618 2872; x_wconf 80' lang='lat' dir='ltr'>Cf.</span> <span class='ocrx_word' id='word_1_961' title='bbox 2632 2839 2698 2872; x_wconf 73' lang='lat' dir='ltr'>nutri.</span> <span class='ocrx_word' id='word_1_962' title='bbox 2713 2839 2738 2872; x_wconf 76' lang='lat' dir='ltr'>ri.</span> <span class='ocrx_word' id='word_1_963' title='bbox 2759 2839 2765 2845; x_wconf 50' lang='lat'>⁸</span> 
     </span>
    </p>
   </div>
   <div class='ocr_carea' id='block_1_21' title="bbox 2556 3390 2768 3415">
    <p class='ocr_par' dir='ltr' id='par_1_30' title="bbox 2556 3390 2768 3415">
     <span class='ocr_line' id='line_1_140' title="bbox 2556 3390 2768 3415; baseline 0.005 -2"><span class='ocrx_word' id='word_1_964' title='bbox 2556 3390 2768 3415; x_wconf 65' lang='lat' dir='ltr'>‘Commentmum</span> 
     </span>
    </p>
   </div>
  </div>
 </body>
</html>
