2840 4010
353 170 423 205 128

977 171 1239 218 QUAESTIO
1270 170 1497 214 LXXXVII,
1527 164 1819 206 ARTICULUS
1847 169 1897 205 Vl

1159 302 1472 344 ARTICULUS
1503 301 1708 344 SEXTUS

839 407 993 438 UTRUM
1017 406 1187 436 REATUS
1210 405 1382 436 POENAE
1406 406 1643 436 REMANEAT
1667 405 1776 436 POST
1800 405 2038 436 PECCATUM

737 493 803 517 Part.
824 493 862 524 ΙΙΙ,
883 500 925 524 qn.
945 500 1041 522 Lxxxw,
1061 498 1107 517 art.
1120 499 1148 524 45
1168 492 1188 517 11
1208 492 1297 523 Sent.,
1317 492 1375 518 dist.
1395 499 1453 521 xm,
1473 499 1517 524 qu.
1537 499 1553 523 1,
1574 497 1620 516 art.
1642 499 1670 522 23
1694 491 1837 523 Compend.
1854 490 1950 520 leeol.‚
1971 499 2027 523 cap.
2046 498 2143 518 CLxxxi.

442 598 451 611 ν
505 607 516 628 ;
565 595 587 620 ι)
608 593 748 619 sexum
776 593 829 618 sxc
854 593 1092 619 PROCEDITUR.
1121 581 1279 618 Videtur
1307 581 1411 629 quod

424 631 431 639 ⁴
567 642 691 671 reatus
705 646 853 683 poenae
873 646 951 671 non
967 643 1162 671 remaneat
1175 642 1261 683 post
1279 646 1411 683 pecca-

510 691 517 697 ‘
542 695 660 724 tum
671 688 834 724 Remota
846 687 946 724 enim
959 699 1083 734 causa,
1093 695 1312 724 removetur
1323 686 1412 722 effe-

546 748 658 777 ctus.
678 740 755 777 Sed
769 747 968 789 peccatum
985 748 1040 777 est
1055 752 1168 777 causa
1184 747 1307 776 reatus
1322 750 1411 787 poe-

357 784 439 832 nae.
462 795 576 841 Ergo,
598 800 746 831 remoto
766 801 936 841 peccam,
965 801 1085 830 cessat
1104 800 1229 829 reatus
1248 803 1410 840 poenae.

412 859 445 883 2.
481 847 718 893 PRAETEREA,
750 854 950 894 peccatum
982 853 1201 882 removetur
1237 856 1306 892 per
1338 844 1413 880 hoc

357 900 461 949 quod
489 900 608 936 homo
637 899 686 936 ad
704 899 882 936 virtutem
911 899 1014 935 redit.
1046 898 1123 934 Sed
1141 897 1310 933 virtuoso
1335 909 1413 932 non

358 953 516 990 debetur
529 961 667 1001 poena,
684 952 750 989 sed
766 952 884 999 magis
898 951 1123 1000 praemium.
1136 950 1248 998 Ergo,
1266 957 1413 986 remoto

357 1013 527 1054 peccato,
557 1017 635 1042 non
663 1012 834 1042 remanet
862 1012 985 1041 reatus
1013 1015 1173 1052 poenae.

415 1060 448 1096 3.
477 1060 717 1104 PRAETEREA,
741 1069 888 1105 poenae
922 1062 1010 1093 sunt
1043 1055 1264 1101 medicinae,
1292 1062 1334 1092 ut
1361 1054 1415 1092 di-

360 1112 453 1149 citur
481 1111 518 1149 in
539 1113 570 1148 ΙΙ
589 1111 709 1150 Ethic.
725 1110 744 1132 '³‘
765 1111 840 1147 Sed
867 1117 1072 1158 postquam
1095 1108 1227 1157 aliquis
1255 1108 1331 1146 iam
1361 1115 1415 1144 est

359 1166 408 1202 ab
433 1164 648 1201 infirmitate
678 1171 840 1210 curatus,
869 1175 948 1199 non
973 1161 1172 1199 adhibetur
1200 1161 1269 1199 sibi
1297 1160 1412 1197 medi-

360 1218 454 1254 cina.
476 1218 588 1264 Ergo,
605 1223 752 1253 remoto
773 1223 942 1264 peccato,
959 1227 1036 1252 non
1057 1222 1225 1251 remanet
1245 1213 1414 1251 debitum

357 1282 517 1319 poenae.

414 1324 487 1359 SED
507 1334 652 1360 CONTRA
671 1333 737 1359 EST
755 1321 860 1371 quod
879 1321 1012 1359 dieitur
1031 1321 1063 1356 II
1082 1321 1180 1370 Reg.
1196 1331 1244 1356 xn
1262 1319 1294 1367 ³³,
1310 1318 1415 1369 quod

362 1376 487 1413 David
513 1375 606 1412 dixit
630 1375 680 1412 ad
705 1375 883 1412 Nathan:
911 1374 1069 1410 Peccavi
1091 1373 1268 1413 Domino.
1293 1373 1416 1413 Dixit-

360 1441 431 1478 que
449 1429 604 1466 Nathan
624 1429 675 1465 ad
692 1428 834 1465 David.-
861 1427 1048 1464 Dominus
1066 1438 1213 1475 quoque
1231 1426 1419 1463 transtulit

354 1488 552 1531 peccatum
580 1487 696 1527 tuum,
726 1493 800 1518 non
829 1481 1011 1517 morieris.
1049 1481 1298 1517 Veruntamen
1327 1480 1415 1528 quia

361 1536 619 1584 blasphemare
628 1534 756 1583 fecisti
778 1534 947 1570 inimicos
966 1545 1100 1570 nomen
1127 1532 1293 1579 Domini,
1307 1533 1416 1581 filius

361 1589 425 1638 qui
452 1594 560 1628 natus
587 1593 640 1624 est
666 1588 741 1633 tihi,
770 1592 889 1623 morte
916 1587 1108 1624 morietur.
1138 1586 1298 1623 Punitur
1326 1598 1415 1634 ergo

362 1641 493 1690 aliquis
521 1653 543 1677 a
572 1642 656 1678 Deo
690 1640 803 1678 etiam
832 1647 1037 1688 postquam
1067 1639 1101 1675 ei
1128 1647 1328 1688 peccatum
1364 1639 1417 1677 di-

361 1694 528 1731 mittitur.
550 1694 598 1730 Et
627 1693 680 1730 sic
708 1700 834 1730 reatus
860 1704 1010 1741 poenae
1038 1700 1229 1739 remanet,
1259 1699 1416 1742 peccato

360 1755 520 1784 remoto.

415 1801 639 1837 RESPONDEO
660 1810 842 1836 DICENDUM
870 1798 976 1846 quod
995 1798 1032 1835 in
1056 1806 1213 1847 peccato
1235 1798 1311 1835 duo
1331 1811 1418 1847 pos-

362 1861 448 1891 sunt
459 1852 704 1890 considerari:
725 1851 864 1889 scilicet
878 1859 982 1889 actus
994 1852 1138 1900 culpae,
1152 1859 1188 1888 et
1203 1852 1352 1893 macula
1362 1864 1419 1894 se-

363 1919 494 1956 quens.
511 1907 674 1943 Planum
695 1913 749 1943 est
768 1912 895 1942 autem
911 1905 1026 1953 quod,
1044 1912 1213 1942 cessante
1234 1912 1319 1943 actu
1333 1917 1419 1954 pec-

125 1969 136 1979 *
150 1968 237 1996 D-831-
365 1960 445 2007 cati,
467 1966 638 1996 remanet
656 1966 781 1995 reatus
796 1957 826 2005 ’ἢ
847 1957 886 1994 ιιι
910 1958 1089 1994 omnibus
1108 1958 1271 2006 peccatis
1295 1965 1419 1994 actua-

224 2023 240 2038 a
364 2013 472 2050 libus.
493 2014 610 2049 Actus
636 2012 736 2053 enim
758 2016 774 2032 ‘²
802 2011 947 2060 peccati
974 2011 1060 2048 facit
1087 2011 1282 2048 hominem
1310 2022 1418 2048 reum

364 2078 529 2115 poenae,
564 2065 788 2114 inquantum
817 2064 1086 2112 transgreditur
1119 2063 1293 2101 ordinem
1327 2063 1419 2101 divi-

365 2132 437 2157 nae
452 2118 632 2164 iustitiae3
653 2119 702 2156 ad
721 2128 836 2166 quem
853 2130 931 2155 non
947 2117 1040 2155 redit
1059 2117 1129 2154 nisi
1143 2129 1211 2166 per
1225 2116 1419 2165 quandam

365 2171 760 2221 recompensationem
780 2182 939 2220 poenae,
964 2183 1062 2220 quae
1081 2170 1130 2207 ad
1155 2170 1419 2219 aequalitatem

364 2225 522 2262 iustitiae
542 2224 702 2270 reducit,
723 2231 765 2261 ut
784 2223 922 2260 scilicet
940 2224 1006 2272 qui
1024 2224 1109 2272 plus
1127 2223 1312 2260 voluntati
1330 2235 1420 2260 suae

364 2278 516 2316 indulsit
538 2290 655 2326 quarn
668 2276 808 2324 debuit,
826 2283 956 2314 contra
972 2278 1195 2314 mandatum
1207 2276 1280 2313 Dei
1293 2288 1419 2325 agens,

365 2331 575 2369 secundum
592 2330 765 2368 ordinem
782 2329 932 2367 divinae
947 2329 1118 2377 iustitiae,
1135 2329 1276 2378 aliquid
1291 2336 1421 2371 contra

223 2385 238 2418 β
364 2384 454 2422 illud
475 2383 579 2432 quod
598 2384 710 2421 vellet
724 2382 749 2430 β,
767 2391 999 2432 spontaneus
1014 2384 1075 2421 vel
1094 2382 1232 2421 invitus
1247 2382 1418 2431 patiatur.

366 2438 483 2484 Quod
498 2437 610 2474 etiam
626 2436 664 2474 in
679 2436 820 2473 iniuriis
831 2436 1048 2475 hominibus
1063 2436 1168 2474 factis
1184 2436 1418 2482 observatur,

364 2498 405 2527 ut
423 2503 491 2539 per
510 2489 906 2539 recompensationem
926 2502 1075 2538 poenae
1096 2489 1341 2537 reintegretur
1359 2501 1420 2526 ae-

365 2544 522 2593 qualitas
541 2543 710 2579 iustitiae.
740 2543 850 2580 Unde
870 2549 972 2592 patet
1001 2543 1117 2592 quod,
1148 2549 1316 2579 cessante
1336 2549 1420 2579 actu

364 2596 509 2646 peccati
526 2596 588 2633 vel
604 2595 760 2632 iniuriae
774 2595 907 2643 illatae,
924 2596 1048 2633 adhuc
1064 2602 1234 2632 remanet
1249 2594 1420 2633 debitum

364 2662 525 2699 poenae.

419 2703 495 2740 Sed
529 2701 558 2738 si
587 2702 787 2749 loquamur
825 2701 871 2738 de
900 2701 1087 2739 ablatione
1121 2701 1266 2750 peccati
1303 2713 1420 2750 quan-

365 2763 446 2792 tum
463 2755 511 2792 ad
526 2755 728 2801 maculam,
750 2754 802 2790 sic
817 2755 1057 2791 manifestum
1078 2763 1132 2791 est
1151 2753 1256 2803 quod
1274 2755 1422 2791 macula

124 1122 132 1129 ·
144 1119 175 1141 Ca
194 1134 199 1140 .
210 1124 241 1143 ιιι,
256 1124 280 1139 ιι.
290 1126 312 1145 4.
322 1129 331 1134 -

122 1145 177 1168 S.T
196 1160 202 1166 .
217 1146 267 1167 lect.
283 1151 319 1166 111.

123 1337 131 1345 ¹
149 1335 219 1356 Vers.
235 1341 263 1362 13,
279 1341 309 1361 14.

419 2869 446 2904 α)
468 2869 545 2894 enim.
563 2882 581 2888 —
599 2871 686 2893 autem
706 2868 757 2893 EF.

420 2903 444 2936 β)
464 2905 548 2929 vellet.
566 2918 585 2923 -
602 2903 757 2935 simpliciter
775 2903 873 2928 addunt
891 2903 992 2927 codices
1012 2908 1037 2927 et
1055 2911 1080 2928 a.

419 2941 445 2973 γ)
461 2943 595 2965 tamen...
616 2943 663 2964 est.
677 2953 695 2958 -
708 2942 796 2964 tamen
820 2946 888 2963 nunc
909 2939 982 2970 (tunc
997 2938 1161 2971 CDFGLpH,
1183 2942 1212 2963 ut
1235 2946 1305 2964 nunc
1327 2937 1377 2973 εΗ)
1397 2941 1423 2963 et

1465 578 1609 628 peccati
1629 579 1676 616 ab
1702 578 1829 616 anima
1848 579 1989 616 auferri·
2012 591 2091 616 non
2109 587 2244 628 potest,
2273 579 2344 620 nisi
2362 591 2430 628 per
2447 580 2522 616 hoc

1466 631 1572 679 quod
1586 631 1709 668 anima
1727 633 1811 668 Deo
1832 632 2082 680 coniungitur,
2102 644 2171 680 per
2186 632 2292 668 cuius
2310 632 2521 670 distantiam

1467 683 1734 719 detrimentum
1761 684 1906 732 proprii
1925 684 2055 722 nitoris
2083 685 2309 731 incurrebat,
2338 684 2444 732 quod
2467 692 2524 721 est

1467 736 1628 781 macula,
1648 742 1689 771 ut
1708 737 1851 784 supra*
1871 737 2013 774 dictum
2036 746 2101 775 est.
2126 737 2376 785 Coniungitur
2395 745 2522 774 autern

1467 788 1584 823 homo
1605 788 1689 824 Deo
1708 799 1776 836 per
1794 788 2042 829 voluntatem.
2071 790 2182 830 Unde
2211 790 2360 828 macula
2379 789 2523 839 peccati

1468 841 1514 876 ab
1535 840 1691 877 homine
1712 840 1788 877 tolli
1807 852 1886 878 non
1904 849 2039 889 potest,
2068 843 2136 885 nisi
2156 844 2333 881 voluntas
2357 842 2523 880 hominis

1467 893 1643 930 ordinem
1664 893 1815 930 divinae
1840 893 1999 930 iustitiae
2024 903 2225 943 acceptet,·
2241 903 2281 932 ut
2305 895 2444 932 scilicet
2461 897 2524 932 vel

1468 946 1548 994 ipse
1571 957 1739 994 poenam
1769 945 1839 982 sibi
1862 954 2095 994 spontaneus
2125 955 2292 985 assumat
2314 948 2352 985 in
2376 960 2524 985 recom-

1467 998 1731 1048 pensationem
1751 999 1882 1047 culpae
1909 999 2143 1048 praeteritae,
2164 1001 2227 1037 vel
2254 1000 2368 1041 etiam
2388 1000 2522 1041 a‘Deo

1468 1052 1608 1088 illatam
1635 1051 1820 1100 patienter
1856 1051 2055 1091 sustineat:
2084 1060 2246 1102 utroque
2276 1051 2377 1091 enim
2404 1053 2522 1094 modo

1468 1117 1594 1153 poena
1613 1104 1798 1142 rationem
1818 1104 2077 1146 satisfactionis
2093 1106 2220 1144 habet.
2246 1106 2378 1145 Poena
2393 1100 2524 1147 'autem

1468 1157 1713 1195 satisfactoria
1745 1157 1919 1194 diminuit
1945 1157 2086 1207 aliquid
2115 1157 2162 1195 de
2190 1158 2334 1195 ratione
2362 1169 2524 1206 poenae.

1469 1210 1537 1247 Est
1551 1210 1652 1247 enim
1669 1210 1715 1247 de
1731 1210 1876 1247 ratione
1890 1222 2038 1259 poenae
2057 1212 2163 1258 quod
2182 1211 2228 1248 sit
2246 1218 2376 1248 contra
2389 1211 2525 1247 volun-

1468 1270 1594 1300 tatem.
1620 1264 1751 1300 Poena
1780 1270 1907 1301 autem
1936 1263 2190 1310 satisfactoria,
2217 1262 2284 1304 etsi
2313 1264 2523 1300 secundum

1469 1316 1682 1353 absolutam
1703 1316 2046 1355 considerationem
2064 1317 2111 1353 sit
2131 1324 2260 1354 contra
2274 1317 2523 1363 voluntatem,

1468 1376 1596 1409 tamen
1622 1377 1727 1416 tunc,
1757 1377 1794 1405 et
1820 1381 1890 1417 pro
1919 1369 2011 1418 hoc,
2040 1378 2096 1407 est
2119 1374 2134 1397 Υ
2161 1369 2386 1407 voluntaria.
2414 1369 2524 1410 Unde

1469 1421 1687 1470 simpliciter
1716 1429 1770 1458 est
1787 1422 2014 1470 voluntaria,
2045 1423 2256 1460 secundum
2285 1422 2377 1470 quid
2397 1429 2525 1458 autem

1468 1474 1741 1512 involuntaria:
1772 1474 1867 1511 sicut
1893 1483 1997 1524 patet
2015 1487 2061 1512 ex
2089 1477 2146 1512 his
2175 1486 2274 1523 quae
2306 1486 2420 1534 supra
2437 1474 2458 1496 ’¹‘
2478 1474 2564 1512 de

1467 1528 1682 1565 voluntario
1713 1535 1748 1564 et
1775 1527 2030 1565 involuntario
2061 1528 2174 1565 dicta
2187 1530 2283 1566 sunt.
2309 1527 2525 1587 Dicendum

1471 1587 1526 1617 est
1545 1593 1632 1628 ergo
1658 1580 1774 1630 quod,
1800 1588 1948 1621 remota
1967 1581 2118 1621 macula
2138 1581 2283 1631 culpae,
2303 1588 2428 1631 potest
2445 1579 2526 1629 qui-

2551 744 2559 752 ·
2567 743 2614 770 Qu.
2621 746 2763 770 Lxxxvnart.

2550 775 2566 790 1.

2578 1482 2626 1510 Qu.
2636 1488 2667 1510 vx,
2682 1484 2725 1504 nrt.
2739 1481 2766 1503 6.

1471 1633 1560 1671 dem
1581 1645 1775 1670 remanere
1795 1641 1920 1671 reatus
1938 1646 2018 1672 non
2036 1646 2185 1683 poenae
2209 1633 2437 1705 simpliciter,
2457 1633 2526 1674 sed
2562 1652 2565 1656 ’

1470 1686 1748 1724 satisfactoriae.

1524 1742 1583 1777 An
1607 1752 1743 1777 PRIMUM
1772 1753 1870 1778 ERGO
1894 1753 2077 1778 DICENDUM
2101 1741 2206 1790 quod
2229 1741 2335 1788 sieut,
2357 1716 2526 1785 cessante

1473 1801 1558 1830 actu
1576 1794 1733 1854 peccati,
1759 1802 1931 1831 remanet
1953 1795 2115 1842 macula,
2135 1802 2176 1831 ut
2204 1790 2318 1844 supra
2336 1792 2357 1816 ⁸²
2384 1791 2526 1833 dictum

1473 1854 1542 1893 est3
1577 1847 1627 1884 ita
1661 1846 1774 1885 etiam
1803 1855 1927 1896 potest
1951 1859 2148 1885 remanere
2181 1854 2318 1885 reatus.
2346 1847 2526 1895 Cessante

1471 1912 1565 1937 vero
1587 1901 1746 1947 macula,
1768 1913 1847 1938 non
1867 1909 2038 1939 remanet
2055 1908 2181 1939 reatus
2201 1899 2411 1941 seeundum
2438 1911 2527 1940 eau-

1473 1953 1562 1990 dem
1591 1953 1788 2001 rationem,
1816 1961 1858 1990 ut
1885 1953 2027 1991 dictum
2056 1961 2110 1990 est
2128 1953 2159 1990 *.
2506 1973 2507 1977 =

1526 2009 1584 2043 Αι)
1613 2018 1801 2044 SECUNDUM
1829 2018 2012 2044 meltianum
2035 2008 2139 2056 quod
2166 2006 2338 2043 virtuoso
2366 2011 2445 2043 non
2464 1981 2528 2047 ειε-

1473 2061 1582 2098 betur
1609 2072 1735 2109 poena
1755 2059 1982 2109 simpliciter,
2011 2067 2136 2120 potest
2161 2066 2291 2119 tamen
2310 2058 2382 2096 sibi
2401 2057 2530 2114 deberi

1473 2126 1599 2164 poena
1635 2122 1675 2150 ut
1707 2113 1970 2151 satisfactoria:
2001 2113 2089 2162 quia
2123 2114 2199 2150 hoc
2225 2111 2352 2173 ipsum
2379 2106 2429 2154 ad
2455 2107 2531 2150 vir-

1474 2174 1592 2205 tutem
1625 2167 1801 2216 pertinet,
1830 2174 1872 2204 ut
1899 2166 2099 2204 satisfaciat
2131 2179 2202 2216 pro
2230 2166 2288 2205 his
2320 2166 2360 2204 in
2392 2165 2531 2214 quibus

1475 2220 1633 2257 offendit
1659 2221 1722 2257 vel
1750 2221 1877 2256 Deum
1903 2221 1966 2256 vel
1993 2220 2204 2258 hominem.

1528 2276 1586 2310 AD
1604 2285 1766 2310 TERTIUM
1785 2284 1968 2310 ιιιεΕΝουΜ
1993 2273 2109 2321 quod,
2125 2279 2272 2310 remota
2291 2271 2516 2318 macula,s²a

1474 2334 1605 2363 natum
1635 2334 1690 2363 est
1715 2327 1854 2364 vulnus
1886 2326 2031 2375 peccati
2063 2333 2248 2374 quantum
2277 2325 2326 2362 ad
2357 2325 2532 2365 volunta-

1474 2387 1561 2416 tem.
1591 2379 1807 2428 Requiritur
1835 2387 1963 2416 autern
1992 2379 2116 2416 adhuc
2143 2390 2270 2428 poena
2297 2377 2348 2415 ad
2370 2376 2532 2415 sanatio-

1475 2445 1563 2470 nem
1583 2433 1739 2470 aliarum
1757 2432 1896 2470 virium
1923 2432 2085 2479 animae,
2115 2444 2212 2481 quae
2235 2443 2305 2480 per
2332 2437 2531 2479 peccatum

1474 2486 1707 2546 praecedens
1740 2485 1983 2523 deordinatae
2016 2485 2187 2522 fuerunt:
2214 2492 2256 2521 ut
2292 2483 2430 2520 scilicet
2464 2493 2533 2533 per

1476 2539 1661 2577 contraria
1689 2546 1875 2576 curentur.
1897 2538 2113 2598 Requiritur
2132 2537 2245 2575 etiam
2266 2536 2314 2574 ad
2338 2536 2532 2574 restituen-

1476 2594 1568 2630 dum
1584 2592 1847 2642 aequalitatem
1862 2590 2033 2637 iustitiae,
2045 2599 2081 2628 et
2095 2590 2143 2628 ad
2154 2590 2416 2629 amovendum
2427 2596 2533 2630 scan-

1476 2647 1605 2684 dalum
1629 2646 1801 2705 aliorum,
1821 2653 1862 2682 ut
1881 2643 2158 2682 aedificentur
2149 2656 2189 2681 in
2207 2655 2333 2692 poena
2357 2641 2421 2691 qui
2449 2649 2534 2682 sunt

1476 2699 1740 2736 scandalizati
1732 2711 1769 2735 ιιι
1790 2699 1900 2747 culpa
1918 2695 1950 2744 δ;
1970 2706 2011 2735 ut
2025 2705 2128 2746 patet
2143 2709 2188 2735 ex
2203 2695 2378 2744 exemplo
2395 2695 2443 2732 de
2458 2695 2534 2732 Da-

1475 2752 1540 2790 vid
1560 2753 1713 2790 inducto
1732 2751 1763 2788 ³³⁶.

1473 2875 1524 2899 per
1543 2867 1590 2892 hoc
1604 2869 1642 2892 est
1655 2866 1863 2895 ACDFGHIKL,
1884 2869 1971 2890 tamen
1993 2872 2061 2890 nunc
2079 2867 2106 2889 et
2118 2870 2171 2896 per
2189 2863 2237 2888 hoc
2255 2862 2303 2896 pn,
2323 2865 2410 2887 tamen
2429 2864 2459 2886 ur
2473 2863 2550 2898 tune⁸

1476 2906 1516 2927 est
1534 2903 1582 2932 sB;
1603 2909 1653 2927 non
1673 2905 1760 2926 tamen
1781 2905 1810 2926 ut
1828 2908 1912 2925 nunc.-
1931 2903 1956 2925 et
1970 2907 2022 2932 per
2041 2900 2088 2925 hoc
2106 2902 2145 2924 est
2163 2899 2208 2923 Pa.

1529 2937 1554 2972 ὅ)
1574 2938 1600 2962 in
1620 2938 1706 2969 culpa.
1723 2950 1744 2956 -
1761 2937 1838 2968 culpa
1857 2936 1886 2960 P.

1037 3017 1367 3050 Comme-antarta
1389 3017 1639 3050 Car-<linaiis
1661 3016 1862 3049 Caieta-ni

398 3109 417 3128 N
447 3098 576 3129 articulo
609 3103 695 3128 sexto
724 3097 865 3128 eiusdem
899 3096 1091 3137 quaestionis
1120 3096 1423 3137 octogesimaesepti-

372 3111 478 3178 Imae‚
491 3142 553 3172 hoc
568 3142 673 3172 solum
689 3141 867 3172 notandum
879 3140 1022 3176 occurrit,
1039 3141 1127 3181 quod
1139 3140 1222 3181 quia,
1240 3141 1340 3171 deleta
1357 3151 1422 3170 ma-

370 3187 448 3222 cula,
467 3196 531 3216 non
548 3191 688 3216 remanet
710 3193 812 3216 reatus
833 3194 954 3225 poenae
971 3184 1153 3224 simpliciter
1175 3185 1230 3214 sed
1252 3184 1423 3215 satisfacto-

370 3229 441 3265 riae,
459 3240 494 3259 ex
511 3230 571 3260 hoc
588 3229 658 3270 ipso
675 3229 840 3260 manifeste
856 3229 956 3269 liquet
972 3229 1061 3269 quod
1076 3236 1149 3268 post
1165 3228 1422 3259 consecutionem

370 3273 487 3308 veniae,
505 3280 643 3304 remanet
658 3274 710 3304 ille
727 3273 782 3314 qui
796 3273 944 3314 peccavit,
962 3283 1033 3303 reus
1050 3283 1170 3313 poenae
1190 3272 1421 3303 satisfactoriae.

371 3319 417 3347 Ac
441 3327 495 3357 per
519 3317 588 3353 hoc,
605 3317 629 3347 si
653 3317 684 3347 in
709 3325 789 3348 statu
807 3317 1012 3348 satisfactorio
1036 3327 1101 3348 non
1125 3317 1219 3347 solvit
1242 3327 1322 3353 eam,
1342 3327 1422 3347 nun-

1475 3106 1572 3136 quam
1595 3095 1695 3126 solvet
1719 3105 1798 3125 eam.
1824 3095 1864 3125 Et
1886 3101 2054 3135 propterea
2075 3093 2099 3123 si
2124 3100 2194 3124 ante
2220 3091 2465 3124 satisfactionem
2487 3100 2533 3121 re-

1475 3140 1597 3176 cidivat,
1615 3150 1680 3170 non
1697 3139 1871 3175 satisfaciet,
1893 3145 1977 3169 extra
1993 3137 2237 3168 satisfactorium
2261 3143 2380 3168 statum
2398 3134 2532 3175 positus.

1475 3184 1515 3214 Et
1539 3184 1581 3214 sic
1605 3194 1662 3214 nec
1686 3183 1719 3213 in
1742 3183 1882 3219 inferno
1907 3182 1961 3213 ubi
1990 3192 2055 3212 non
2084 3181 2275 3217 satisfacere,
2300 3181 2355 3211 sed
2377 3178 2534 3218 satis-pati

1476 3228 1552 3268 poni
1576 3238 1669 3268 posse
1693 3238 1709 3258 a
1733 3227 1925 3268 quibusdam
1950 3226 2094 3262 creditur,
2118 3235 2183 3256 non
2207 3224 2382 3260 satisfaciet,
2407 3222 2461 3253 sed
2484 3231 2533 3251 ae-

1475 3272 1632 3302 ternaliter
1655 3271 1813 3312 punietur.
1844 3271 1884 3301 Et
1906 3271 1939 3301 in
1962 3270 2021 3301 hac
2048 3270 2125 3305 vita,
2151 3270 2283 3300 durante
2311 3273 2392 3299 statu
2415 3265 2534 3306 peccati

1475 3316 1630 3352 mortalis,
1656 3325 1721 3346 non
1745 3315 1927 3350 satisfaciet,
1954 3325 1990 3345 ex
2014 3313 2136 3344 defectu
2161 3320 2268 3344 status.

1294 3443 1607 3451 Μνψνκιψκψκκᾏ>

2555 1797 2614 1825 'Qu.
2621 1802 2716 1824 uxxvx,
2721 1799 2769 1818 art.

2554 1956 2605 1978 ’In
2620 1961 2726 1983 corpore.

2657 2693 2672 2719 ὃ

2562 2733 2603 2755 'In
2613 2731 2714 2761 ug.Sed
2722 2737 2779 2754 con-

2561 2762 2607 2781 tra.
