2840 4010
367 171 442 207 310
1056 169 1321 216 QUAESTIO
1352 169 1454 217 CIX,
1482 169 1777 207 ARTICULUS
1806 172 1841 207 X

365 249 504 279 resistere
527 248 772 288 impulsionibus
795 248 1005 279 tentationum
1029 254 1058 277 et
1082 247 1265 278 continuare
1292 246 1325 276 in
1348 246 1423 282 hoc,

366 293 454 333 quod
471 300 516 324 est
530 302 736 333 perseverare,
757 293 828 322 ideo
845 291 945 322 homo
963 292 1098 321 donatus
1115 290 1229 321 dicitur
1251 290 1338 321 dono
1358 300 1424 331 quo

365 337 442 367 haec
457 343 577 377 potest;
602 337 656 367 sed
672 337 746 376 quia
764 336 861 375 gratia
885 345 950 365 non
969 341 1074 375 potest
1097 344 1235 364 exercere
1258 334 1318 364 hos
1336 341 1423 366 actus

366 380 556 421 simpliciter,
568 380 696 421 quando
709 386 843 419 oportet,
860 379 913 408 ubi
930 385 1065 418 oportet,
1079 384 1136 408 etc.
1154 376 1312 419 (quamvis
1324 379 1425 419 possit

365 425 405 455 ad
426 422 561 466 horam),
578 424 644 454 sine
663 423 791 453 sanitate
811 422 910 452 carnis
930 422 1090 452 ministrae
1107 421 1174 452 eius
1194 428 1224 452 et
1241 422 1362 453 lumine
1377 422 1423 453 in-

365 468 505 499 tellectus
521 466 717 507 cooperantis
733 466 844 502 eidem,
858 475 998 506 quorum
1013 465 1159 506 opposita
1174 465 1363 497 subtrahunt
1377 477 1424 497 ar-

364 511 492 542 bitrium
514 511 552 540 ab
569 521 628 540 usu
640 509 755 550 gratiae
771 510 838 539 sine
854 509 1025 540 extrinseco
1047 509 1168 539 lumine
1187 516 1218 540 et
1232 520 1304 550 ope,
1329 511 1423 542 altera

364 561 492 595 propter
502 554 733 589 obscuritatem,
743 553 837 584 altera
846 560 976 593 propter
987 552 1214 590 infirmitatem;
1230 553 1302 585 ideo
1311 554 1423 586 dicitur

364 598 452 639 quod
468 598 567 628 homo
584 607 620 627 ex
635 597 702 627 sola
717 597 824 636 gratia,
849 597 915 627 sine
931 597 1058 637 speciali
1082 597 1208 634 auxilio,
1229 607 1294 628 non
1318 605 1423 638 potest

363 642 395 672 in
411 642 487 672 haec
502 641 693 681 simpliciter.
710 641 751 671 Et
767 647 846 672 esset
862 640 964 671 simile
979 641 1004 671 si
1018 651 1177 681 ponamus
1193 641 1359 673 hominem
1375 643 1422 673 in-

362 685 491 715 firmum
505 685 681 716 secundum
697 684 776 715 vires
791 685 1003 715 ministrantes
1026 685 1207 717 intellectui.
1223 686 1317 717 Tunc
1337 686 1421 717 enim

361 729 460 759 homo
476 728 634 760 intellectu
650 735 685 759 ut
696 728 851 769 principio
863 729 1058 769 intelligendi
1074 729 1170 760 etiam
1185 729 1359 767 habituato,
1376 738 1422 762 est

361 779 473 813 potens
488 772 659 812 intelligere
674 779 704 803 et
714 773 811 803 vitare
825 782 954 809 errores,
966 779 996 804 et
1007 773 1039 803 in
1055 773 1118 804 hoc
1130 773 1329 805 continuare:
1347 774 1421 816 quia

360 816 535 847 intellectus
556 816 704 847 continue
730 816 829 857 magis
852 816 1056 857 intelligendo
1079 816 1273 849 fortificatur.
1298 818 1420 849 Verun-

360 867 466 891 tamen
485 860 560 901 quia
579 861 618 890 ad
637 860 908 892 continuationem
928 867 959 892 et
977 860 1204 901 perfectionem
1223 869 1310 893 actus
1329 862 1419 894 intel-

358 904 458 934 lectus
481 904 610 945 quando
626 911 761 945 oportet,
786 905 918 945 exigitur
942 905 1059 937 sanitas
1077 905 1194 936 virium
1216 905 1417 943 interiorum

1478 247 1550 278 ideo
1562 248 1663 278 homo
1679 248 1748 278 talis
1763 258 1828 278 non
1841 249 1965 288 poterit,
1981 251 2110 290 quando
2123 259 2258 291 oportet,
2271 253 2316 284 uti
2329 254 2488 285 intellectu
2504 255 2536 286 in

1477 291 1657 329 iudicando,
1673 298 1741 328 etc„
1758 299 1887 332 propter
1901 292 2115 325 infirmitatem
2131 295 2256 333 virium,
2276 297 2336 328 nisi
2351 308 2447 338 opem
2463 299 2535 340 quis

1478 335 1556 366 ferat
1570 336 1722 372 sanitatis;
1747 336 1892 377 quamvis
1911 343 2018 377 posset
2036 338 2103 368 sine
2119 339 2172 369 tali
2192 349 2253 380 ope
2268 340 2308 370 ad
2322 341 2436 373 horam
2454 350 2535 374 recte

1477 379 1624 410 iudicare.

1532 424 1584 454 111.
1593 424 1634 454 Et
1648 424 1691 454 sic
1707 423 1802 454 habes
1817 424 1906 465 quod
1921 423 1954 454 hi
1969 424 2034 455 duo
2051 425 2171 456 articuli
2188 425 2226 456 de
2241 428 2421 460 necessitate
2438 430 2535 461 divini

1477 467 1582 498 auxilii
1598 468 1637 498 ad
1659 478 1755 499 usum
1779 468 1894 508 gratiae
1914 474 1997 499 sunt.
2019 469 2182 506 Quoniam
2201 470 2308 501 multis
2323 471 2414 502 datur
2428 474 2534 513 gratia,

1477 512 1593 552 quibus
1610 522 1675 543 non
1699 513 1791 543 datur
1813 513 1859 543 uti
1883 523 1919 543 ea
1942 513 2071 553 quando
2096 520 2232 554 oportet,
2257 514 2321 550 sed,
2341 515 2447 546 divina
2466 527 2535 557 per-

1476 555 1636 592 missione,
1665 556 1796 587 abiicere
1819 566 1899 587 earn.
1919 557 1960 588 Et
1983 556 2026 587 sic
2053 557 2146 588 datur
2161 557 2285 588 donum
2307 568 2373 599 quo
2401 568 2536 600 possunt

1476 600 1555 630 bene
1579 600 1701 640 operari
1722 607 1752 631 et
1766 600 1907 632 resistere
1929 600 2155 632 tentationibus
2177 608 2207 632 et
2227 611 2438 641 perseverare,
2463 614 2534 634 om-

1475 643 1568 674 nibus
1587 643 1702 684 quibus
1722 644 1813 674 datur
1831 644 1944 684 gratia:
1970 655 2036 675 non
2058 652 2165 676 tamen
2180 645 2329 676 omnibus
2353 646 2446 678 datur
2463 657 2535 679 exe·

1476 688 1561 718 cutio
1584 688 1700 718 horum
1724 687 1917 728 simpliciter,
1941 695 1977 720 ut
2000 689 2189 729 expedenda
2212 696 2351 727 testatur,
2368 691 2444 733 quia
2465 700 2533 729 non

1475 731 1625 762 omnibus
1645 732 1758 762 dantur
1779 731 1948 764 extn'nseca
1966 733 2116 774 requisita
2131 734 2172 764 ad
2192 733 2288 764 talem
2305 734 2533 769 executionem.

1474 776 1515 806 Et
1525 775 1598 806 ideo
1607 782 1733 816 oportet
1744 784 1847 806 orare:
1858 776 1910 807 Ne
1913 778 2071 816 proiicias
2084 787 2141 808 nos
2152 779 2184 808 in
2197 783 2339 819 tempore
2349 780 2536 819 senectutis:

1475 829 1545 850 cum
1560 819 1712 861 dqfecerit
1728 821 1830 851 virtus
1849 825 1970 858 nostra,
1989 831 2029 852 ne
2044 821 2249 863 derelinquas
2265 831 2333 861 nos,
2350 819 2489 855 Domi'ne
2499 822 2536 862 *⁴,·
2562 829 2572 838 ·
2586 828 2671 851 Pulm-
2686 835 2749 857 ux,

1474 870 1513 900 et,
1537 864 1589 895 Ne
1612 873 1669 894 nos
1692 863 1826 894 inducas
1848 865 1880 894 in
1905 867 2121 896 tentationem.

2562 860 2622 878 vers.
2637 861 2660 883 9.
