2840 4010
125 419 134 427 ‘
148 418 200 440 Art.
212 417 316 444 praeced.

364 183 432 208 112

359 252 489 298 modo,
520 264 564 288 ex
592 260 698 300 parte
719 251 867 295 radicis3
898 250 970 286 alio
1000 250 1130 294 modo,
1158 261 1202 285 ex
1220 255 1325 296 parte
1345 254 1415 284 ter-

361 303 464 340 mini.
495 304 623 340 Primo
653 304 806 351 quidem
834 303 952 339 modo
985 313 1063 337 non
1098 300 1314 338 diminuitur
1348 312 1416 348 per

359 363 575 405 peccatum:
598 369 643 393 eo
664 356 766 404 quod
781 362 980 402 peccatum
1000 365 1079 390 non
1099 353 1273 390 diminuit
1291 352 1415 401 ipsam

360 413 548 456 naturam,
577 416 618 444 ut
646 420 759 456 supra
778 407 797 428 ‘³‘
826 406 966 443 dictum
997 413 1062 442 est.
1093 406 1168 443 Sed
1198 405 1417 442 diminuitur

361 461 529 497 secundo
546 461 675 506 modo,
692 460 915 507 inquantum
931 458 1070 495 scilicet
1083 459 1236 506 ponitur
1255 458 1415 506 impedi-

361 520 530 549 mentum
545 511 778 560 pertingendi
795 511 843 548 ad
859 511 1073 547 terminum.
1092 511 1132 548 Si
1148 519 1274 548 autem
1290 510 1415 559 primo

361 566 479 602 modo
510 565 798 609 diminueretur,
829 571 1021 611 oporteret
1048 564 1155 611 quod
1181 565 1413 613 quandoque

360 617 520 653 totaliter
553 624 849 662 consumeretur,
882 623 1018 653 natura
1051 617 1222 654 rationali
1255 617 1417 653 totaliter

361 677 597 717 consumpta.
620 669 695 706 Sed
717 669 805 717 quia
825 668 1043 706 diminuitur
1063 681 1108 706 ex
1127 677 1233 718 parte
1258 669 1417 717 impedi-

359 721 475 758 menti
495 721 598 769 quod
619 721 819 770 apponitur
837 734 886 758 ne
905 722 1091 770 pertingat
1106 722 1154 758 ad
1169 720 1182 743 ὅ
1197 721 1414 767 terminum,

359 773 601 810 manifestum
632 781 687 810 est
714 774 819 822 quod
851 774 1008 811 diminui
1043 774 1198 823 quidem
1226 781 1350 822 potest
1378 773 1416 809 in

358 826 563 873 infinitum,
590 827 679 874 quia
698 827 736 863 in
755 827 945 864 infinitum
965 835 1125 876 possunt
1144 826 1416 874 impedimenta

360 879 512 927 apponi,
534 880 745 916 secundum
766 880 870 928 quod
889 881 1008 916 homo
1027 887 1151 928 potest
1169 879 1206 915 in
1227 878 1415 915 infinitum

360 932 499 969 addere
527 940 728 980 peccatum
756 940 932 981 peccato:
963 945 1041 969 non
1069 939 1198 968 tamen
1218 938 1342 979 potest
1361 939 1416 968 to-

358 984 479 1021 taliter
508 985 701 1032 consumi,
736 985 826 1033 quia
855 997 1006 1033 semper
1034 992 1163 1021 manet
1195 984 1301 1021 radix
1334 984 1417 1020 talis

357 1037 617 1075 inclinationis.
658 1038 762 1075 Sicut
794 1045 898 1087 patet
930 1038 968 1074 in
1005 1037 1196 1086 diaphano
1236 1049 1416 1085 corpore,

359 1091 464 1138 quod
492 1091 647 1140 quidem
679 1091 794 1127 habet
826 1090 1106 1127 inclinationem
1137 1090 1185 1126 ad
1214 1090 1418 1138 susceptio-

359 1155 448 1180 nem
475 1144 566 1180 lucis
596 1156 640 1180 ex
668 1145 743 1180 hoc
770 1143 852 1191 ipso
878 1143 983 1191 quod
1007 1150 1062 1179 est
1081 1143 1334 1191 diaphanum3
1365 1142 1418 1180 di-

359 1196 540 1232 minuitur
569 1204 695 1232 autem
725 1197 819 1232 haec
838 1195 1060 1232 ‘inclinatio
1088 1196 1150 1232 vel
1179 1195 1353 1232 habilitas
1373 1207 1418 1232 ex

357 1256 463 1297 parte
500 1249 724 1286 nebularum
763 1248 1129 1297 supervenientium,
1166 1261 1252 1285 cum
1290 1256 1418 1285 tamen

358 1314 509 1349 semper
536 1309 690 1338 maneat
718 1302 757 1338 in
786 1301 911 1338 radice
941 1308 1106 1338 naturae.

997 171 1261 218 QUAESTIO
1292 170 1484 215 LXXXV,
1513 169 1807 206 ARTICULUS
1837 171 1885 206 111

1523 249 1581 284 AD
1615 259 1750 284 PRlMUM
1779 258 1877 284 ERGO
1911 259 2094 286 DICENDUM
2134 250 2237 297 quod
2273 250 2434 286 obiectio
2465 250 2525 286 illa

1470 299 1640 348 procedit
1669 299 1821 347 quando
1842 300 1884 336 fit
1910 299 2108 337 diminutio
2129 314 2197 349 per
2217 302 2523 339 subtractionem.

1471 352 1543 388 Hic
1570 361 1697 389 autem
1725 352 1768 388 fit
1794 351 1992 388 diminutio
2016 364 2086 400 per
2103 354 2382 401 appositionem
2405 355 2525 403 impe-

1471 405 1645 452 dimenti,
1675 404 1780 452 quod
1808 416 1932 452 neque
1961 404 2053 441 tollit
2081 417 2204 454 neque
2234 406 2407 444 diminuit
2430 407 2526 444 radi-

1472 470 1555 494 cem
1584 457 1844 504 inclinationis,
1873 465 1915 493 ut
1943 457 2085 494 dictum
2114 465 2169 494 est
2185 457 2216 494 ²³³.

1523 512 1582 547 An
1602 522 1791 547 SECUNDUM
1811 521 1993 547 DiCENDUM
2013 510 2118 558 quod
2140 509 2329 547 inclinatio
2349 512 2527 549 naturalis

1471 570 1527 599 est
1555 563 1710 610 quidem
1738 570 1816 600 tota
1843 562 2057 599 uniformis:
2087 563 2155 600 sed
2179 570 2308 599 tamen
2335 564 2450 600 habet
2471 577 2526 601 re-

1471 623 1644 663 spectum
1674 623 1709 652 et
1736 616 1784 653 ad
1821 615 2048 664 principium
2078 623 2114 652 et
2141 615 2190 652 ad
2218 615 2442 663 terminum,
2472 629 2527 654 se-

1472 668 1640 705 cundum
1669 680 1785 716 quam
1813 668 2069 706 diversitatem
2102 668 2392 716 quodammodo
2421 669 2528 707 dimi-

1471 721 1597 757 nuitur
1627 727 1662 756 et
1691 720 1978 768 quodammodo
2007 733 2085 758 non
2114 721 2344 758 diminuitur.
2446 757 2452 781 ι

1524 775 1582 809 AD
1610 784 1770 809 TERTmM
1797 785 1979 810 DICENDUM
2009 773 2113 822 quod
2143 773 2254 810 etiam
2283 773 2320 810 in
2341 773 2528 811 damnatis

1472 833 1600 862 manet
1628 825 1806 861 naturalis
1841 825 2031 863 inclinatio
2061 827 2109 863 ad
2135 827 2332 863 virtutem:
2362 827 2528 875 alioquin

1471 891 1550 915 non
1570 885 1667 914 esset
1686 878 1724 914 in
1745 877 1796 914 eis
1816 889 2008 915 remorsus
2037 879 2299 916 conscientiae.
2326 880 2403 916 Sed
2424 880 2529 927 quod

1472 944 1550 968 non
1566 932 1767 968 reducatur
1781 930 1819 966 in
1835 937 1971 978 actum,
1985 931 2163 979 contingit
2179 931 2266 980 quia
2281 933 2385 968 deest
2399 933 2526 980 gratia,

1472 984 1682 1021 secundum
1699 983 1868 1020 divinam
1885 983 2073 1020 iustitiam.
2087 984 2191 1021 Sicut
2206 985 2320 1021 etiam
2336 985 2374 1022 in
2390 984 2527 1022 caeco‘

1472 1045 1644 1074 remanet
1667 1036 1835 1085 aptitudo
1856 1035 1904 1072 ad
1922 1036 2132 1073 videndum
2158 1037 2196 1074 in
2215 1037 2296 1085 ipsa
2319 1038 2445 1075 radice
2465 1050 2528 1075 na-

1472 1097 1590 1137 turae,
1619 1089 1845 1137 inquantum
1880 1095 1934 1125 est
1962 1089 2101 1126 animal
2138 1090 2355 1128 naturaliter
2383 1091 2528 1128 habens

1471 1143 1619 1180 visum:
1649 1142 1716 1179 sed
1745 1154 1823 1178 non
1851 1141 2042 1178 reducitur
2069 1142 2107 1178 in
2135 1150 2278 1190 actum,
2308 1142 2395 1192 quia
2425 1144 2530 1181 deest

1473 1208 1587 1232 causa
1615 1207 1713 1243 quae
1746 1195 1925 1231 reducere
1958 1194 2078 1243 possit
2105 1195 2308 1232 formando
2342 1208 2529 1244 organum

1473 1249 1576 1297 quod
1605 1248 1804 1296 requiritur
1832 1248 1879 1284 ad
1908 1247 2131 1284 videndum.

411 1414 435 1448 δ)
456 1416 501 1440 ad.
519 1429 537 1434 ·-
557 1415 617 1440 Om.
637 1415 836 1439 ABCDEFIKL.

411 1451 432 1484 ε)
453 1451 524 1475 haec.
543 1465 561 1470 —
582 1451 642 1475 Om.
662 1451 716 1475 PH.

1524 1412 1550 1447 ζ)
1570 1419 1656 1438 caeco.
1673 1427 1692 1432 —
1709 1420 1821 1444 corpore
1839 1413 1910 1437 caeci
1928 1413 1979 1437 EF.

1033 1510 1364 1551 Commentario*
1386 1517 1636 1550 Cardinalis
1658 1517 1857 1550 Caietani

362 1613 408 1673 IN
426 1601 556 1632 articulo
572 1600 711 1630 secundo
734 1599 874 1629 eiusdem
896 1598 1089 1639 quaestionis
1113 1597 1417 1639 octogesimaequin-

1472 1605 1518 1629 est
1539 1598 1572 1628 in
1596 1598 1769 1633 habitibus,
1795 1604 1825 1627 et
1847 1597 1923 1628 haec
1946 1597 2082 1634 tollitur,
2108 1604 2138 1628 et
2165 1604 2298 1638 augetur
2326 1606 2356 1629 et
2379 1599 2533 1630 minuitur

390 1653 453 1681 tae,
482 1644 707 1685 praetermissis
735 1643 927 1683 argumentis
952 1643 1047 1678 Semi,
1064 1642 1097 1672 in
1116 1652 1195 1671 xxxv
1219 1641 1417 1672 distinctione
1471 1641 1648 1673 intensione
1673 1649 1702 1672 et
1724 1641 1919 1671 remissione.

359 1689 504 1725 Secundi,
523 1688 596 1730 quia
620 1687 790 1727 afferuntur
805 1687 845 1717 ad
868 1687 1069 1727 probandum
1089 1686 1176 1727 quod
1196 1686 1274 1716 nihil
1297 1686 1418 1717 subtra-

358 1734 450 1764 hatur
465 1739 603 1768 naturae,
621 1728 709 1772 quod
724 1734 844 1761 Auctor
861 1730 1017 1767 concedit;
1036 1737 1066 1761 et
1081 1730 1148 1770 ipse
1161 1730 1274 1760 Scotus
1290 1730 1417 1766 ibidem,

357 1784 491 1808 tractans
514 1776 644 1806 vulnera
672 1775 805 1816 peccati,
839 1774 981 1805 concedit
1009 1774 1203 1805 habilitatem
1232 1774 1271 1804 ad
1298 1780 1419 1805 rectum

357 1831 453 1852 usum
477 1820 578 1851 minui
601 1830 657 1860 per
680 1826 859 1859 peccatum:
890 1818 989 1849 solius
1012 1818 1166 1857 Durandi,
1190 1819 1222 1848 in
1245 1828 1336 1848 xxxrv
1359 1818 1419 1848 dis-

359 1866 509 1896 tinctione
533 1864 669 1895 Secundi
688 1863 718 1899 *,
743 1863 935 1894 obiectiones
964 1869 1149 1899 occurrunt,
1179 1863 1293 1893 directe
1315 1862 1419 1902 impu-

358 1909 481 1949 gnantis
498 1909 578 1939 hanc
594 1908 779 1944 doctrinam,
797 1907 872 1947 quia
886 1917 942 1946 per
956 1906 1034 1937 nihil
1053 1916 1119 1936 non
1137 1906 1301 1937 inhaerens
1317 1906 1419 1937 subie-

360 1960 410 1984 cto
427 1960 558 1993 augetur
572 1951 715 1982 habilitas
731 1951 871 1988 subiecti,
890 1961 963 1991 ergo
976 1961 1033 1981 nec
1046 1951 1209 1982 minuitur.
1222 1950 1419 1981 Antecedens

360 1997 525 2037 dupliciter
549 1996 730 2026 declaratur.
755 1995 872 2032 Primo,
894 1995 968 2036 quia
987 2001 1119 2034 augetur
1135 2004 1190 2036 per
1208 1994 1418 2025 intensionem

360 2041 490 2072 alicuius
514 2041 545 2070 in
564 2050 611 2071 eo.
637 2039 794 2075 Secundo,
815 2039 854 2069 ad
870 2039 1089 2079 propositum,
1113 2039 1187 2079 quia
1203 2038 1364 2069 inclinatio
1381 2038 1419 2068 ad

358 2086 482 2115 bonum
506 2095 588 2125 opus
612 2090 658 2114 est
680 2084 810 2123 duplex:
835 2090 967 2119 remota,
988 2093 1069 2123 quae
1094 2083 1187 2113 estin
1203 2082 1312 2123 primis
1336 2082 1419 2122 prin-

360 2129 457 2170 cipiis,
475 2136 504 2160 et
527 2129 603 2159 haec
619 2138 676 2158 nec
690 2127 811 2158 tollitur
827 2137 884 2158 nec
900 2127 1070 2164 minuitur;
1086 2134 1116 2158 et
1132 2127 1321 2167 propinqua,
1337 2136 1418 2167 quae

1529 1686 1566 1716 11.
1589 1686 1640 1716 Ad
1656 1686 1717 1716 hoc
1733 1685 1879 1716 facillime
1896 1685 2008 1716 dicitur
2025 1686 2112 1726 quod
2134 1685 2191 1716 iste
2206 1686 2308 1717 voluit
2324 1696 2390 1717 esse
2411 1697 2531 1721 caecus.

1473 1730 1624 1770 Expresse
1635 1739 1773 1770 namque
1785 1731 1907 1760 Auctor
1923 1729 2061 1760 distinxit
2071 1729 2267 1760 habilitatem
2282 1740 2318 1760 ex
2330 1737 2416 1772 parte
2428 1731 2531 1764 subie-

1475 1774 1523 1810 cti,
1545 1780 1575 1804 et
1591 1784 1626 1804 ex
1642 1781 1729 1814 parte
1748 1773 1885 1809 termini;
1907 1780 1937 1804 et
1957 1773 2032 1804 dixit
2055 1774 2144 1814 quod
2163 1784 2199 1804 ex
2215 1781 2302 1814 parte
2319 1774 2451 1806 subiecti
2465 1784 2531 1807 non

1474 1818 1640 1854 minuitur,
1667 1818 1720 1848 sed
1744 1827 1780 1847 ex
1803 1824 1889 1857 parte
1919 1817 2054 1848 termini.
2082 1817 2286 1848 obiectiones
2309 1821 2417 1850 autem
2442 1818 2533 1851 istius

1473 1869 1548 1892 sunt
1566 1872 1601 1892 ex
1626 1868 1712 1901 parte
1736 1861 1882 1892 subiecti:
1908 1871 1944 1892 ex
1966 1861 2024 1892 hac
2047 1862 2132 1892 enirn
2153 1869 2239 1902 parte
2262 1872 2374 1894 verum
2397 1869 2444 1894 est
2466 1872 2533 1895 non

1473 1906 1593 1936 intendi
1605 1906 1726 1946 aliquid
1741 1906 1830 1946 quod
1849 1915 1915 1936 non
1929 1912 1975 1936 est
1990 1905 2022 1935 in
2039 1915 2087 1936 eo„
2106 1906 2167 1936 Sed
2186 1906 2401 1946 attingentiam
2417 1907 2458 1938 ad
2472 1913 2532 1939 ter-

1473 1950 1599 1980 minum
1615 1956 1738 1980 constat
1749 1949 1850 1979 minui
1862 1959 1898 1980 ex
1908 1949 2108 1990 appositione
2123 1949 2427 1990 impedimentorum
2439 1957 2532 1987 extra,

1475 2000 1505 2024 et
1529 1993 1634 2033 augeri
1650 2003 1686 2024 ex
1701 1993 1877 2023 remotione
1901 1994 2086 2024 eorundem.
2107 1994 2148 2024 Et
2163 1994 2203 2024 ad
2218 1994 2280 2025 hoc
2296 1994 2417 2035 optime
2432 1994 2533 2026 deser-

1474 2038 1518 2068 vit
1541 2038 1723 2077 exemplum
1747 2038 1784 2067 de
1810 2037 1969 2078 diaphano
1999 2044 2029 2068 et
2052 2037 2090 2068 de
2114 2038 2284 2068 obstaculis
2307 2038 2468 2079 appositis.
2492 2034 2534 2069 Et

1474 2082 1536 2112 hoc
1559 2082 1657 2112 modo
1682 2081 1825 2112 habilitas
1845 2082 1967 2112 animae
1984 2091 2020 2112 ex
2036 2082 2194 2122 synderesi
2211 2082 2397 2114 diminuitur
2415 2082 2448 2113 in
2463 2079 2534 2113 infi-

1474 2126 1594 2162 nitum,
1620 2133 1649 2156 et
1672 2133 1778 2156 tamen
1795 2126 1862 2166 ipsa
1886 2125 2060 2166 synderesis
2080 2136 2137 2156 nec
2156 2126 2278 2157 tollitur
2292 2137 2350 2158 nec
2369 2125 2532 2159 minuitur.

1477 2217 1580 2225 ΜΜ

1165 2292 1480 2334 ARTICULUS
1508 2292 1734 2333 TERTIUS

486 2387 649 2418 UTRUM⁴
666 2386 1005 2418 CONVENIENTER
1028 2385 1267 2416 PONANTUR
1289 2385 1494 2416 VULNERA
1517 2385 1724 2415 NATURAE
1747 2385 1805 2414 EX
1827 2384 2031 2415 PECCATO
2057 2384 2408 2422 CONSEQUENTIA,

818 2429 1078 2466 INFIRMITAS,
1103 2429 1388 2465 IGNORANTIA,
1412 2429 1593 2459 MALITIA
1617 2429 1674 2458 ET
1699 2427 2076 2459 CONCUPISCENTIA

1254 2508 1296 2532 De
1313 2507 1395 2538 Malo,
1415 2515 1460 2540 qu.
1478 2515 1510 2538 11,
1530 2512 1575 2531 art.
1601 2515 1639 2532 11.

396 2643 402 2650 ,
445 2615 451 2628 ι
478 2626 518 2648 „4
557 2596 594 2635 ¹r>
622 2610 780 2634 TERTIUM
800 2610 852 2634 sic
872 2609 1109 2634 PROCEDlTUR.
1139 2597 1296 2634 Videtur
1315 2596 1419 2645 quod

486 2649 884 2706 &inconvenienter
912 2658 1102 2699 ponantur
1128 2651 1288 2687 vulnera
1315 2656 1420 2686 natu-

361 2808 554 2857 piscentia.
590 2810 682 2846 Non
715 2809 816 2846 enim
843 2809 946 2846 idem
977 2816 1031 2845 est
1059 2809 1215 2845 effectus
1243 2816 1280 2844 et
1308 2820 1421 2844 causa

363 2862 546 2898 eiusdem.
576 2862 652 2899 Sed
681 2862 751 2898 ista
778 2870 971 2911 ponuntur
1000 2874 1135 2898 causae
1163 2862 1439 2910 peccatorum,'

362 2923 402 2952 ut
430 2927 472 2952 ex
502 2914 724 2963 supradictis
742 2914 762 2936 ²¹⁶
789 2922 902 2963 patet.
934 2915 1035 2961 Ergo
1056 2926 1134 2951 non
1163 2914 1303 2951 debent
1329 2913 1421 2962 poni

364 2968 517 3004 effectus
538 2966 552 2997 β
579 2968 734 3016 peccati.

417 3033 451 3057 2.
473 3021 705 3068 PRAETEREA,
726 3020 867 3057 malitia
886 3019 1059 3056 nominat
1077 3024 1092 3046 Υ
1121 3019 1317 3067 quoddam
1336 3031 1422 3067 pec-

365 3081 502 3110 catum.
524 3074 615 3110 Non
631 3086 719 3121 ergo
737 3073 849 3110 debet
863 3072 955 3121 poni
974 3072 1069 3109 inter
1088 3072 1244 3108 effectus
1263 3071 1420 3120 peccati.

419 3127 451 3162 3.
479 3127 722 3173 PRAETEREAf
741 3125 1045 3174 concupiscentia
1074 3132 1128 3161 est
1155 3124 1337 3173 quiddam
1358 3136 1422 3161 na-

364 3179 502 3214 turale:
534 3191 621 3215 cum
650 3179 695 3216 sit
714 3187 818 3216 actus
837 3178 983 3216 virtutis
1004 3177 1314 3226 concupiscibilis.
1346 3177 1423 3214 Sed

365 3229 454 3267 illud
482 3232 585 3278 quod
615 3240 669 3268 est
697 3233 885 3279 naturale,
915 3243 993 3268 non
1023 3231 1136 3268 debet
1162 3230 1254 3279 poni
1282 3230 1421 3267 vulnus

365 3289 532 3319 naturae.
554 3285 654 3331 Ergo
676 3284 980 3333 concupiscentia
1000 3296 1078 3320 non
1098 3283 1211 3321 debet
1230 3283 1321 3331 poni
1340 3283 1422 3320 vul-

366 3347 436 3371 nus
466 3342 631 3372 naturae.

1526 2608 1562 2642 4.
1583 2597 1815 2642 PRAETEREA,
1838 2595 1979 2632 dictum
2000 2603 2055 2632 est
2074 2595 2093 2617 ’¹‘
2121 2595 2227 2644 quod
2251 2595 2355 2633 idem
2375 2603 2431 2632 est
2448 2608 2535 2644 pec-

1475 2661 1560 2685 care
1590 2661 1634 2685 ex
1662 2648 1891 2695 infirmitate,
1913 2655 1950 2685 et
1970 2660 2015 2684 ex
2033 2648 2221 2697 passione.
2253 2648 2331 2686 Sed
2359 2649 2535 2698 concupi-

1475 2701 1616 2738 scentia
1634 2701 1759 2750 passio
1779 2701 1969 2749 quaedam
1990 2708 2055 2738 est.
2086 2702 2188 2749 Ergo
2209 2713 2288 2738 non
2313 2701 2426 2738 debet
2445 2714 2536 2740 con-

1475 2762 1530 2791 tra
1559 2754 1817 2791 infirmitatem
1847 2753 1974 2791 dividi.

1533 2808 1564 2844 5.
1591 2808 1822 2854 Pmmmm,
1847 2806 2090 2855 Augustinus,
2119 2806 2158 2843 in
2185 2806 2282 2843 libro
2311 2807 2356 2843 de
2382 2807 2536 2845 Natura

1476 2866 1511 2896 et
1540 2860 1671 2896 Gratia
1691 2859 1721 2906 ³²⁶,
1751 2859 1858 2908 ponit
1885 2860 1959 2896 duo
1981 2859 2159 2908 poenalia
2184 2860 2335 2896 animae
2355 2860 2534 2908 peccanti,

1477 2912 1614 2949 scilicet
1648 2913 1904 2962 ignorantiam
1941 2917 1978 2949 et
2009 2911 2285 2960 difficultatem,
2316 2924 2361 2950 ex
2397 2913 2534 2962 quibus

1477 2965 1593 3002 oritur
1621 2977 1731 3002 error
1757 2970 1793 3001 et
1818 2965 2025 3002 cruciatus.-
2054 2977 2152 3013 quae
2188 2965 2343 3013 quidem
2373 2973 2535 3014 quatuor

1477 3031 1555 3055 non
1584 3018 1816 3055 concordant
1833 3018 1911 3054 istis
1931 3025 2104 3066 quatuor.
2135 3019 2237 3066 Ergo
2257 3018 2410 3056 videtur
2427 3018 2534 3067 quod

1477 3072 1636 3108 alterum
1666 3083 1800 3108 eorum
1828 3070 2098 3107 insufficienter
2125 3078 2299 3119 ponatur.

1530 3125 1569 3160 ΙΝ
1599 3135 1833 3160 CONTRARIUM
1863 3130 1917 3160 est
1945 3123 2144 3160 auctoritas
2167 3123 2308 3161 Bedae.

1530 3176 1754 3213 Rasporsmso
1783 3188 1965 3213 DICENDUM
1993 3176 2097 3225 quod
2125 3188 2194 3224 per
2220 3175 2399 3213 iustitiam
2423 3174 2532 3222 origi-

1476 3230 1601 3266 nalem
1629 3230 1792 3278 perfecte
1821 3229 1914 3266 ratio
1936 3229 2152 3266 continebat
2171 3229 2365 3266 inferiores
2382 3227 2533 3265 animae

1475 3282 1595 3328 vires,
1626 3290 1662 3319 et
1690 3282 1772 3330 ipsa
1799 3282 1892 3319 ratio
1914 3294 1936 3319 a
1956 3283 2040 3318 Deo
2060 3281 2336 3331 perficiebatur,
2357 3280 2392 3316 ei
2411 3279 2534 3316 subie-

1477 3343 1545 3372 cta.
1581 3336 1687 3371 Haec
1715 3342 1842 3371 autem
1871 3334 2059 3382 originalis
2094 3334 2229 3372 iustitia
2263 3334 2450 3370 subtracta
2479 3341 2535 3368 est

420 3457 446 3487 α)
467 3457 615 3489 infirmitas,
633 3470 652 3476 —
669 3457 767 3482 scilicet
787 3458 926 3490 &firmitas
946 3459 1016 3483 PHa.

420 3491 444 3524 β)
464 3491 577 3524 effectus.
596 3505 615 3511 ·—
634 3492 702 3516 inter
722 3492 825 3525 effectus
845 3493 911 3517 PLa.

1530 3459 1555 3491 γ)
1577 3458 1704 3483 nominat.
1723 3472 1739 3476 -
1760 3457 1912 3482 nominatur
1931 3457 1958 3481 P.

2553 463 2564 473 ⁴
2584 460 2608 483 In
2624 467 2728 489 corpore.

2824 2190 2840 2435 mm...--..:.„-›„..„.h..
2834 2131 2840 2182 Ν-,-
2838 2115 2840 2118 Α
2839 2101 2840 2104 „
2836 2065 2840 2083 ,Λ

2562 2607 2572 2619 ⁸
2595 2607 2642 2635 Qu.
2661 2613 2755 2635 Lxxm,

2563 2638 2606 2656 art.
2619 2640 2640 2663 3.

2673 2872 2745 2888 van.
2761 2877 2773 2882 -

2664 2892 2712 2914 Lib.
2728 2893 2774 2914 Ar-

2563 2920 2610 2946 bit„
2622 2919 2662 2941 lib.
2670 2918 2710 2947 111,
2719 2925 2772 2947 cap.

2563 2951 2630 2968 xvm.

2563 2866 2652 2916 cefff&
