2840 4010
171 1533 182 1544 '
195 1533 224 1554 D.
238 1538 289 1554 1011.

176 2096 185 2104 '
195 2094 246 2115 Art.
256 2100 269 2122 9
284 2094 307 2115 in
318 2099 382 2121 corp.

171 2227 181 2236 ¹
197 2226 247 2247 Art.
262 2231 295 2252 10,
310 2225 338 2247 ad
352 2231 373 2254 3.

404 163 592 237 46.

409 270 499 306 bere
520 269 617 306 circa
637 269 780 306 divina:
811 277 902 318 puta
930 281 1016 304 cum
1038 267 1120 316 quis
1139 266 1276 315 patitur
1295 265 1462 302 subitum

410 321 637 359 infidelitatis
656 328 816 358 motum.
848 322 895 358 Et
920 319 1095 367 quamvis
1113 318 1313 355 infidelitas
1333 330 1464 354 secun-

413 374 504 411 dum
538 386 648 410 suurn
677 386 794 421 genus
828 373 873 409 sit
903 379 1101 420 peccatum
1131 371 1307 418 mortale,
1336 378 1464 407 tamen

412 426 556 463 subitus
585 433 710 462 motus
738 424 964 461 infidelitatis
995 431 1049 459 est
1076 430 1275 471 peccatum
1303 423 1464 460 veniale.

413 478 513 525 Quia
540 486 737 527 peccatum
767 477 924 513 mortale
953 487 1031 512 non
1060 482 1114 512 est
1142 475 1213 512 nisi
1234 475 1280 512 sit
1300 482 1429 512 contra
1449 481 1466 496 α

411 532 534 578 legem
568 531 660 567 Dei:
697 537 821 577 potest
857 535 983 564 autern
1021 528 1162 575 aliquid
1199 540 1332 565 eorum
1367 540 1465 576 quae

411 583 598 631 pertinent
625 582 673 618 ad
700 581 830 627 fidem,
860 580 983 617 subito
1013 580 1147 617 rationi
1170 593 1368 617 occurrere
1395 581 1465 617 sub

412 636 577 684 quadam
606 634 676 670 alia
705 633 864 680 ratione,
894 640 1098 681 antequam
1131 645 1244 682 super
1276 635 1349 671 hoc
1378 645 1465 669 con-

412 689 569 733 sulatur,
602 687 664 723 vel
699 685 842 722 consuli
876 685 1014 734 possit,
1043 686 1138 723 ratio
1167 693 1337 732 aeterna,
1371 686 1467 722 idest

411 741 470 776 lex
498 739 585 784 Dei;
614 746 704 787 puta
733 751 820 775 cum
845 738 928 787 quis
955 738 1270 775 resurrectionem
1299 746 1467 774 mortuo-

411 804 496 829 rum
533 792 657 828 subito
695 791 944 840 apprehendit
979 799 1020 828 ut
1055 791 1329 840 impossibilem
1358 789 1372 819 β
1409 802 1465 826 se-

412 845 579 882 cundum
608 852 794 891 naturam,
825 852 861 880 et
880 843 992 880 simul
1020 843 1341 892 apprehendendo
1370 842 1466 879 reni-

409 897 507 945 titur,
537 905 739 946 antequam
768 904 918 944 tempus
946 897 1085 933 habeat
1112 895 1342 932 deliberandi
1362 895 1466 943 quod

410 951 485 986 hoc
513 958 567 987 est
587 950 697 987 nobis
716 950 894 986 traditum
923 957 964 985 ut
993 949 1227 985 credendum
1255 948 1465 985 secundum

410 1003 532 1050 legem
568 1003 748 1040 divinam.
784 1002 823 1039 Si
854 1014 947 1038 vero
982 1008 1069 1049 post
1100 1001 1197 1037 hanc
1231 1000 1467 1037 deliberatio-

411 1068 501 1092 nem
539 1063 664 1092 motus
700 1054 928 1092 infidelitatis
967 1061 1136 1100 maneat,
1175 1061 1231 1089 est
1266 1061 1465 1102 peccatum

411 1109 582 1145 mortale.

465 1162 513 1198 Et
532 1161 618 1198 ideo
639 1160 736 1196 circa
754 1159 950 1209 proprium
979 1158 1179 1204 obiectum,
1210 1158 1277 1194 etsi
1306 1157 1352 1194 sit
1377 1170 1464 1206 pec-

413 1220 538 1250 catum
566 1213 724 1249 mortale
755 1224 799 1248 ex
835 1223 993 1259 genere,
1022 1218 1147 1259 potest
1173 1210 1266 1246 ratio
1296 1210 1468 1259 superior

410 1278 567 1315 peccare
592 1265 786 1302 venialiter
817 1264 855 1300 in
884 1263 1013 1300 subitis
1053 1263 1233 1309 motibus3
1262 1263 1324 1299 vel
1353 1263 1466 1300 etiam

411 1318 617 1355 mortaliter
651 1330 720 1366 per
761 1316 1008 1354 deliberatum
1047 1328 1289 1352 consensum.
1333 1317 1375 1353 In
1410 1316 1467 1352 his

411 1378 538 1408 autem
567 1383 666 1418 quae
689 1370 876 1419 pertinent
895 1370 942 1407 ad
961 1368 1156 1406 inferiores
1174 1368 1286 1415 vires,
1316 1381 1468 1417 semper

410 1431 542 1472 peccat
568 1423 775 1460 mortaliter
802 1423 840 1459 in
867 1422 925 1459 his
953 1433 1050 1470 quae
1079 1429 1165 1458 sunt
1190 1429 1346 1469 peccata
1365 1434 1466 1459 mor-

409 1476 496 1513 talia
525 1488 570 1512 ex
599 1488 668 1512 suo
697 1488 852 1523 genere:
883 1487 961 1511 non
989 1482 1116 1511 autern
1145 1474 1183 1511 in
1211 1474 1268 1510 his
1287 1486 1386 1523 quae
1410 1487 1466 1511 se-

411 1529 578 1566 cundum
607 1541 719 1565 suum
748 1541 865 1576 genus
894 1535 980 1564 sunt
1006 1527 1169 1564 venialia
1195 1534 1351 1575 peccata
1369 1527 1399 1564 ³¹⁶.

463 1666 490 1700 α)
511 1667 562 1692 nisi
580 1667 615 1691 sit
633 1671 735 1693 contra.
753 1681 771 1686 -
790 1667 842 1692 nisi
862 1670 956 1692 contra
974 1668 1046 1692 PHa.
1064 1681 1082 1686 —
1100 1667 1151 1691 Pro
1169 1667 1271 1699 aliquid
1295 1674 1398 1696 eorum,
1418 1667 1466 1692 ali-

410 1703 479 1735 quod
498 1703 592 1727 horum
612 1702 657 1727 Pa.

1046 189 1311 236 QUAESTIO
1341 188 1516 234 LXXIV,
1544 188 1839 225 ARTICULUS
1868 189 1904 224 X

1570 267 1629 301 AD
1654 277 1790 302 ptumum
1809 277 1907 303 ERGO
1926 278 2108 304 mem-mum
2128 267 2231 316 quod
2250 274 2448 316 peccatum
2467 264 2572 315 quod

1519 324 1574 354 est
1607 325 1737 354 contra
1771 318 1934 355 rationes
1966 326 2153 366 aeternas,
2191 320 2257 356 etsi
2294 320 2340 356 sit
2372 326 2571 368 peccatum

1517 371 1674 407 mortale
1705 382 1750 406 ex
1778 382 1927 418 genere,
1957 378 2080 419 potest
2107 378 2236 408 tamen
2264 384 2345 408 esse
2372 378 2571 420 peccatum

1518 423 1665 460 veniale
1697 431 1853 471 propter
1884 423 2212 471 imperfectionem
2246 431 2350 460 actus
2378 423 2504 471 subiti,
2533 430 2574 459 ut

1519 475 1660 512 dictum
1689 483 1744 512 est
1761 475 1791 512 *.
2019 485 2024 488 ’

1571 530 1630 564 An
1658 539 1846 565 SECUNDUM
1880 540 2062 565 mci-:unum
2095 527 2198 576 quod
2225 527 2263 564 in
2290 527 2492 576 operativis
2525 527 2573 564 ad

1519 580 1717 626 rationem,
1747 581 1796 617 ad
1825 593 1940 629 quam
1969 580 2130 629 pertinet
2157 579 2388 626 deliberatio,
2416 579 2576 628 pertinet

1519 632 1633 669 etiam
1661 633 1819 681 simplex
1845 633 1999 670 intuitus
2028 645 2162 669 eorum
2198 644 2243 668 ex
2273 632 2410 681 quibus
2438 631 2576 668 delibe-

1520 684 1612 721 ratio
1640 685 1831 733 procedit:
1860 686 1956 722 sicut
1984 685 2096 722 etiam
2121 685 2159 722 in
2188 684 2426 733 speculativis
2452 683 2501 720 ad
2519 696 2576 720 ra-

1519 737 1662 773 tionem
1695 737 1856 785 pertinet
1888 745 1924 774 et
1956 738 2193 786 syllogizare,
2228 745 2264 774 et
2295 735 2575 785 propositiones

1519 789 1695 826 formare.
1726 790 1774 826 Et
1801 789 1887 826 ideo
1917 790 2030 828 etiam
2063 790 2155 828 ratio
2189 797 2314 839 potest
2345 789 2487 826 habere
2516 800 2576 826 su—

1520 841 1639 878 bitum
1668 849 1828 878 motum.

1572 896 1631 931 AD
1659 906 1818 931 TERTHJM
1846 906 2028 937 DICENDUM
2056 895 2161 943 quod
2187 907 2265 932 una
2292 902 2328 931 et
2352 894 2487 931 eadem
2515 902 2576 930 res

1519 955 1643 995 potest
1679 947 1846 984 diversas
1875 947 2194 985 considerationes
2221 948 2382 994 habere,
2413 958 2575 995 quarum

1519 1012 1596 1036 una
1616 1007 1671 1036 est
1690 1001 1804 1036 altera
1823 999 1948 1035 altior:
1978 999 2073 1036 sicut
2095 1001 2222 1037 Deum
2243 1012 2326 1036 esse
2343 1006 2468 1048 potest
2487 1011 2576 1036 con-

1520 1052 1675 1089 siderari
1701 1053 1763 1089 vel
1796 1052 2022 1099 inquantum
2055 1059 2112 1088 est
2147 1052 2399 1100 cognoscibile
2432 1051 2575 1088 ratione

1520 1106 1700 1152 humana,
1719 1105 1782 1142 vel
1801 1105 2024 1153 inquantum
2049 1104 2211 1142 creditur
2229 1110 2244 1133 Υ
2272 1104 2502 1142 revelatione
2522 1104 2576 1142 di-

1519 1158 1620 1205 vina,
1649 1169 1746 1206 quae
1768 1165 1823 1194 est
1851 1157 2100 1194 consideratio
2120 1157 2238 1194 altior.
2267 1158 2316 1194 Et
2337 1157 2424 1194 ideo
2445 1169 2577 1206 quam-

1519 1211 1576 1247 vis
1605 1210 1796 1247 obiectum
1826 1210 1980 1246 rationis
2008 1210 2211 1258 superioris
2239 1209 2284 1246 sit
2310 1209 2493 1257 quiddam
2521 1221 2578 1246 se-

1521 1263 1689 1300 cundum
1726 1271 1900 1299 naturam
1929 1262 1982 1299 rei
2019 1262 2262 1309 altissimum,
2291 1269 2421 1300 tamen
2453 1269 2579 1310 potest

1521 1316 1632 1353 etiarn
1661 1316 1790 1353 reduci
1819 1315 1856 1351 in
1885 1315 2079 1364 quandam
2107 1315 2281 1352 altiorem
2311 1309 2578 1352 consideratio-

1521 1381 1622 1406 nem.
1653 1370 1700 1405 Et
1727 1369 1800 1405 hac
1827 1368 1983 1414 ratione,
2011 1368 2118 1416 quod
2144 1368 2182 1405 in
2210 1374 2319 1405 motu
2345 1367 2471 1418 subito
2499 1379 2578 1405 non

1521 1429 1600 1458 erat
1618 1429 1817 1470 peccatum
1845 1422 2015 1468 mortale,
2044 1433 2112 1469 per
2136 1420 2448 1458 deliberationem
2467 1419 2578 1458 redu-

1522 1482 1670 1511 centem
1690 1474 1728 1511 in
1748 1474 1919 1510 altiorem
1947 1473 2290 1510 considerationem
2314 1473 2357 1510 fit
2379 1479 2578 1521 peccatum

1521 1528 1690 1574 mortale,
1720 1527 1815 1563 sicut
1842 1538 1956 1574 supra
1973 1525 1994 1547 ’¹‘
2022 1526 2233 1575 expositum
2262 1533 2329 1562 est.

1574 1666 1599 1700 β)
1620 1667 1811 1698 impossibilem.
1829 1678 1849 1686 -
1867 1666 2026 1698 impossibile
2049 1666 2157 1691 codices.
2174 1679 2194 1684 -
2211 1665 2261 1689 Pro
2279 1665 2413 1695 renititur,
2433 1664 2581 1690 remittitur

1521 1702 1695 1730 PBCDGHIa,
1716 1702 1804 1726 renuit
1822 1701 1853 1726 K.
1971 1719 1974 1721 Α

1573 1737 1600 1771 γ)
1619 1737 1746 1762 creditur.
1764 1750 1783 1755 -
1802 1736 1923 1761 traditur
1941 1736 1986 1766 Pa,
2006 1744 2059 1760 om.
2072 1736 2091 1760 1.

1083 1824 1412 1857 Commenta-ia
1435 1824 1683 1857 Cardinalis
1704 1824 1903 1857 Caietam

439 1926 459 1945 N
475 1914 611 1946 articulis
627 1924 714 1944 nono
735 1921 764 1944 et
785 1913 908 1944 decimo
929 1913 1071 1943 eiusdem
1091 1913 1466 1954 septuagesimaequartae

413 1927 641 2000 Iquaestionis,
664 1958 742 1987 nihil
765 1958 965 1988 scribendum
983 1957 1131 1987 occurrit:
1157 1957 1366 1987 terminorum
1383 1957 1468 1987 enim

409 2003 554 2034 notitiam
571 2002 758 2032 habentibus
775 2001 882 2032 omnia
899 2002 979 2032 clara
999 2008 1080 2031 sunt.
1107 2001 1198 2041 Opus
1218 2008 1264 2031 est
1279 2008 1315 2031 ut
1328 2001 1466 2031 novitius

408 2047 506 2078 lector
525 2047 695 2086 distinguat
711 2056 746 2076 ex
762 2045 952 2085 Augustino,
973 2045 1064 2076 allata
1079 2045 1111 2074 in
1130 2045 1231 2075 littera
1246 2045 1271 2081 *‚
1298 2045 1375 2075 duas
1390 2055 1466 2085 ope-

408 2091 544 2122 rationes
568 2090 738 2131 superioris
763 2090 908 2120 rationis:
934 2089 1049 2120 scilicet
1071 2089 1232 2125 intuitum,
1257 2095 1287 2119 et
1311 2089 1466 2120 consulta-

408 2135 540 2166 tionem.
565 2135 606 2165 Et
629 2135 667 2165 ad
690 2134 771 2164 hanc
794 2134 965 2164 secundam
989 2139 1107 2173 spectat
1133 2133 1313 2164 deliberatio
1338 2140 1368 2164 et
1391 2143 1466 2164 con-

410 2189 528 2210 sensus.
558 2179 599 2209 Et
621 2179 797 2209 secundum
819 2178 900 2208 hanc
928 2177 1033 2217 dirigit
1060 2177 1223 2213 inferiora,
1248 2184 1278 2208 et
1300 2176 1466 2208 reflectitur

409 2233 503 2264 super
517 2223 662 2264 seipsam.
687 2223 729 2253 Et
748 2229 877 2253 vocatur
892 2221 924 2252 in
943 2221 1073 2252 littera*
1092 2221 1183 2252 altior
1199 2221 1407 2252 consideratio
1427 2221 1465 2251 de

1520 1913 1648 1953 proprio
1673 1912 1797 1943 obiecto
1822 1920 1857 1943 ut
1880 1911 2044 1952 attingibili
2067 1912 2105 1943 ab
2130 1912 2258 1942 eadem:
2283 1911 2374 1942 altius
2398 1912 2483 1942 enim
2504 1922 2579 1943 con-

1519 1956 1673 1987 sideratur
1695 1957 1781 1987 Deus
1806 1964 1840 1987 ut
1864 1966 1929 1986 non
1953 1956 2167 1996 creditusper
2189 1955 2456 1992 deliberationem,
2481 1965 2579 1996 quam

1519 2010 1575 2041 per
1598 2001 1739 2031 subitum
1762 2007 1901 2036 motum;
1927 2000 2081 2041 quoniam
2103 2000 2154 2031 hic
2177 2000 2263 2030 Deus
2280 2007 2326 2030 est
2343 2006 2468 2030 tantum
2492 1999 2578 2030 obie-

1520 2051 1616 2081 ctum,
1641 2044 1683 2075 ibi
1707 2051 1752 2074 est
1776 2044 1936 2074 obiectum
1952 2051 1982 2075 et
1997 2044 2055 2075 lex.
2080 2044 2120 2075 Et
2143 2050 2309 2084 propterea
2324 2043 2374 2074 hic
2391 2050 2498 2074 contra
2513 2043 2578 2084 pri-

1521 2099 1607 2119 mam
1630 2089 1857 2128 operationem,
1881 2088 1923 2118 ibi
1948 2095 2056 2119 contra
2079 2088 2264 2119 secundam:
2290 2087 2340 2118 hic
2359 2097 2425 2118 non
2441 2094 2488 2118 est
2504 2097 2578 2118 con-

1520 2142 1639 2169 sensus,
1664 2133 1706 2163 ibi
1730 2142 1917 2169 consensus,
1941 2132 2016 2173 quia
2038 2132 2115 2172 legis
2139 2131 2345 2163 consultatio:
2370 2131 2420 2162 hic
2442 2136 2580 2163 nonwst

1519 2183 1684 2217 peccatum
1708 2176 1851 2214 mortale,
1876 2176 1919 2207 ibi
1942 2176 2085 2207 mortale.
2508 2192 2510 2194 ·

2599 475 2610 486 ⁴*
2624 475 2650 496 In
2664 480 2770 502 corpore.

2603 1529 2615 1541 ⁶
2630 1527 2692 1550 thid.
