<?xml version="1.0" encoding="UTF-8"?>
<!DOCTYPE html PUBLIC "-//W3C//DTD XHTML 1.0 Transitional//EN"
    "http://www.w3.org/TR/xhtml1/DTD/xhtml1-transitional.dtd">
<html xmlns="http://www.w3.org/1999/xhtml" xml:lang="en" lang="en">
 <head>
  <title>
</title>
<meta http-equiv="Content-Type" content="text/html;charset=utf-8" />
  <meta name='ocr-system' content='tesseract 3.04.00' />
  <meta name='ocr-capabilities' content='ocr_page ocr_carea ocr_par ocr_line ocrx_word'/>
</head>
<body>
  <div class='ocr_page' id='page_1' title='image "./operaomniaiussui07thom/operaomniaiussui07thom_0040.png"; bbox 0 0 2840 4010; ppageno 0'>
   <div class='ocr_carea' id='block_1_1' title="bbox 143 1388 353 1415">
    <p class='ocr_par' dir='ltr' id='par_1_1' title="bbox 143 1388 353 1415">
     <span class='ocr_line' id='line_1_1' title="bbox 143 1388 353 1415; baseline -0.005 -6"><span class='ocrx_word' id='word_1_1' title='bbox 143 1388 152 1398; x_wconf 74' lang='grc'><em>·</em></span> <span class='ocrx_word' id='word_1_2' title='bbox 159 1388 215 1409; x_wconf 91' lang='lat' dir='ltr'>Loc.</span> <span class='ocrx_word' id='word_1_3' title='bbox 226 1388 264 1410; x_wconf 84' lang='lat' dir='ltr'>cit.</span> <span class='ocrx_word' id='word_1_4' title='bbox 275 1388 297 1409; x_wconf 87' lang='lat' dir='ltr'>in</span> <span class='ocrx_word' id='word_1_5' title='bbox 306 1394 353 1415; x_wconf 82' lang='lat' dir='ltr'>arg.</span> 
     </span>
    </p>
   </div>
   <div class='ocr_carea' id='block_1_2' title="bbox 139 3349 306 3377">
    <p class='ocr_par' dir='ltr' id='par_1_2' title="bbox 139 3349 306 3377">
     <span class='ocr_line' id='line_1_2' title="bbox 139 3349 306 3377; baseline -0.006 -6"><span class='ocrx_word' id='word_1_6' title='bbox 139 3350 148 3358; x_wconf 81' lang='grc'><em>“</em></span> <span class='ocrx_word' id='word_1_7' title='bbox 163 3349 214 3371; x_wconf 87' lang='lat' dir='ltr'>Art.</span> <span class='ocrx_word' id='word_1_8' title='bbox 229 3355 241 3377; x_wconf 87' lang='lat'>3</span> <span class='ocrx_word' id='word_1_9' title='bbox 255 3355 306 3377; x_wconf 82' lang='lat' dir='ltr'>sqq.</span> 
     </span>
    </p>
   </div>
   <div class='ocr_carea' id='block_1_3' title="bbox 383 202 430 237">
    <p class='ocr_par' dir='ltr' id='par_1_3' title="bbox 383 202 430 237">
     <span class='ocr_line' id='line_1_3' title="bbox 383 202 430 237; baseline 0 0"><span class='ocrx_word' id='word_1_10' title='bbox 383 202 430 237; x_wconf 84' lang='lat'>32</span> 
     </span>
    </p>
   </div>
   <div class='ocr_carea' id='block_1_4' title="bbox 380 278 1444 1748">
    <p class='ocr_par' dir='ltr' id='par_1_4' title="bbox 383 278 1444 1324">
     <span class='ocr_line' id='line_1_4' title="bbox 385 278 1443 330; baseline -0.004 -12"><span class='ocrx_word' id='word_1_11' title='bbox 385 288 465 317; x_wconf 85' lang='lat' dir='ltr'>tum</span> <span class='ocrx_word' id='word_1_12' title='bbox 493 282 667 330; x_wconf 84' lang='lat' dir='ltr'>poenale,</span> <span class='ocrx_word' id='word_1_13' title='bbox 698 281 801 329; x_wconf 91' lang='lat' dir='ltr'>quod</span> <span class='ocrx_word' id='word_1_14' title='bbox 830 280 982 317; x_wconf 78' lang='lat' dir='ltr'>incurrit</span> <span class='ocrx_word' id='word_1_15' title='bbox 1004 279 1085 327; x_wconf 86' lang='lat' dir='ltr'>ipse</span> <span class='ocrx_word' id='word_1_16' title='bbox 1105 278 1170 326; x_wconf 89' lang='lat' dir='ltr'>qui</span> <span class='ocrx_word' id='word_1_17' title='bbox 1190 283 1332 326; x_wconf 89' lang='lat' dir='ltr'>peccat.</span> <span class='ocrx_word' id='word_1_18' title='bbox 1363 278 1443 314; x_wconf 85' lang='lat' dir='ltr'>Hu-</span> 
     </span>
     <span class='ocr_line' id='line_1_5' title="bbox 385 329 1443 379; baseline -0.005 -9"><span class='ocrx_word' id='word_1_19' title='bbox 385 333 552 370; x_wconf 88' lang='lat' dir='ltr'>iusmodi</span> <span class='ocrx_word' id='word_1_20' title='bbox 580 333 680 370; x_wconf 83' lang='lat' dir='ltr'>enirn</span> <span class='ocrx_word' id='word_1_21' title='bbox 700 338 714 361; x_wconf 79' lang='grc' dir='ltr'>Υ</span> <span class='ocrx_word' id='word_1_22' title='bbox 739 335 1026 377; x_wconf 79' lang='lat' dir='ltr'>nocumentum,</span> <span class='ocrx_word' id='word_1_23' title='bbox 1055 330 1085 367; x_wconf 91' lang='lat' dir='ltr'>si</span> <span class='ocrx_word' id='word_1_24' title='bbox 1112 336 1181 379; x_wconf 86' lang='lat' dir='ltr'>per</span> <span class='ocrx_word' id='word_1_25' title='bbox 1208 329 1383 366; x_wconf 83' lang='lat' dir='ltr'>accidens</span> <span class='ocrx_word' id='word_1_26' title='bbox 1404 341 1443 366; x_wconf 90' lang='lat' dir='ltr'>se</span> 
     </span>
     <span class='ocr_line' id='line_1_6' title="bbox 385 381 1442 433; baseline -0.004 -11"><span class='ocrx_word' id='word_1_27' title='bbox 385 387 523 422; x_wconf 89' lang='lat' dir='ltr'>habeat</span> <span class='ocrx_word' id='word_1_28' title='bbox 550 386 599 422; x_wconf 88' lang='lat' dir='ltr'>ad</span> <span class='ocrx_word' id='word_1_29' title='bbox 627 390 753 422; x_wconf 84' lang='lat' dir='ltr'>actum</span> <span class='ocrx_word' id='word_1_30' title='bbox 781 384 942 433; x_wconf 81' lang='lat' dir='ltr'>peceati,-</span> <span class='ocrx_word' id='word_1_31' title='bbox 973 391 1009 419; x_wconf 86' lang='lat' dir='ltr'>et</span> <span class='ocrx_word' id='word_1_32' title='bbox 1036 390 1115 419; x_wconf 84' lang='lat' dir='ltr'>non</span> <span class='ocrx_word' id='word_1_33' title='bbox 1148 382 1194 419; x_wconf 90' lang='lat' dir='ltr'>sit</span> <span class='ocrx_word' id='word_1_34' title='bbox 1224 381 1442 430; x_wconf 84' lang='lat' dir='ltr'>praevisum</span> 
     </span>
     <span class='ocr_line' id='line_1_7' title="bbox 386 439 1444 485; baseline -0.004 -10"><span class='ocrx_word' id='word_1_35' title='bbox 386 448 457 475; x_wconf 90' lang='lat' dir='ltr'>nec</span> <span class='ocrx_word' id='word_1_36' title='bbox 484 439 683 485; x_wconf 85' lang='lat' dir='ltr'>intentum,</span> <span class='ocrx_word' id='word_1_37' title='bbox 705 450 782 474; x_wconf 91' lang='lat' dir='ltr'>non</span> <span class='ocrx_word' id='word_1_38' title='bbox 803 443 979 484; x_wconf 84' lang='lat' dir='ltr'>aggravat</span> <span class='ocrx_word' id='word_1_39' title='bbox 1006 442 1220 483; x_wconf 85' lang='lat' dir='ltr'>peccatum,</span> <span class='ocrx_word' id='word_1_40' title='bbox 1243 443 1368 483; x_wconf 89' lang='lat' dir='ltr'>neque</span> <span class='ocrx_word' id='word_1_41' title='bbox 1388 447 1444 472; x_wconf 89' lang='lat' dir='ltr'>se-</span> 
     </span>
     <span class='ocr_line' id='line_1_8' title="bbox 387 487 1444 539; baseline -0.004 -12"><span class='ocrx_word' id='word_1_42' title='bbox 387 490 512 539; x_wconf 92' lang='lat' dir='ltr'>quitur</span> <span class='ocrx_word' id='word_1_43' title='bbox 540 490 726 527; x_wconf 91' lang='lat' dir='ltr'>maiorem</span> <span class='ocrx_word' id='word_1_44' title='bbox 754 490 977 537; x_wconf 89' lang='lat' dir='ltr'>gravitatem</span> <span class='ocrx_word' id='word_1_45' title='bbox 1005 487 1171 535; x_wconf 88' lang='lat' dir='ltr'>peccati:</span> <span class='ocrx_word' id='word_1_46' title='bbox 1202 487 1297 524; x_wconf 84' lang='lat' dir='ltr'>sieut</span> <span class='ocrx_word' id='word_1_47' title='bbox 1323 487 1352 524; x_wconf 91' lang='lat' dir='ltr'>si</span> <span class='ocrx_word' id='word_1_48' title='bbox 1381 488 1444 524; x_wconf 90' lang='lat' dir='ltr'>ali-</span> 
     </span>
     <span class='ocr_line' id='line_1_9' title="bbox 386 539 1444 592; baseline -0.003 -13"><span class='ocrx_word' id='word_1_49' title='bbox 386 543 468 592; x_wconf 87' lang='lat' dir='ltr'>quis</span> <span class='ocrx_word' id='word_1_50' title='bbox 498 549 650 579; x_wconf 86' lang='lat' dir='ltr'>currens</span> <span class='ocrx_word' id='word_1_51' title='bbox 678 542 728 578; x_wconf 89' lang='lat' dir='ltr'>ad</span> <span class='ocrx_word' id='word_1_52' title='bbox 755 540 1022 587; x_wconf 84' lang='lat' dir='ltr'>occidendum,</span> <span class='ocrx_word' id='word_1_53' title='bbox 1050 539 1234 588; x_wconf 75' lang='lat' dir='ltr'>impingat</span> <span class='ocrx_word' id='word_1_54' title='bbox 1262 546 1298 576; x_wconf 88' lang='lat' dir='ltr'>et</span> <span class='ocrx_word' id='word_1_55' title='bbox 1321 541 1444 577; x_wconf 83' lang='lat' dir='ltr'>laedat</span> 
     </span>
     <span class='ocr_line' id='line_1_10' title="bbox 386 593 1442 643; baseline -0.003 -11"><span class='ocrx_word' id='word_1_56' title='bbox 386 596 455 632; x_wconf 89' lang='lat' dir='ltr'>sibi</span> <span class='ocrx_word' id='word_1_57' title='bbox 484 595 636 643; x_wconf 85' lang='lat' dir='ltr'>pedem.</span> <span class='ocrx_word' id='word_1_58' title='bbox 658 606 681 621; x_wconf 85' lang='grc'>-’</span> <span class='ocrx_word' id='word_1_59' title='bbox 712 593 752 630; x_wconf 88' lang='lat' dir='ltr'>Si</span> <span class='ocrx_word' id='word_1_60' title='bbox 779 600 872 630; x_wconf 87' lang='lat' dir='ltr'>vero</span> <span class='ocrx_word' id='word_1_61' title='bbox 901 593 974 629; x_wconf 82' lang='lat' dir='ltr'>tale</span> <span class='ocrx_word' id='word_1_62' title='bbox 1002 598 1278 630; x_wconf 73' lang='lat' dir='ltr'>nocumentum</span> <span class='ocrx_word' id='word_1_63' title='bbox 1306 602 1375 641; x_wconf 87' lang='lat' dir='ltr'>per</span> <span class='ocrx_word' id='word_1_64' title='bbox 1403 605 1442 629; x_wconf 91' lang='lat' dir='ltr'>se</span> 
     </span>
     <span class='ocr_line' id='line_1_11' title="bbox 386 645 1444 694; baseline -0.002 -10"><span class='ocrx_word' id='word_1_65' title='bbox 386 652 639 694; x_wconf 73' lang='lat' dir='ltr'>consequatur</span> <span class='ocrx_word' id='word_1_66' title='bbox 667 646 714 682; x_wconf 92' lang='lat' dir='ltr'>ad</span> <span class='ocrx_word' id='word_1_67' title='bbox 743 653 869 682; x_wconf 81' lang='lat' dir='ltr'>actum</span> <span class='ocrx_word' id='word_1_68' title='bbox 897 645 1053 694; x_wconf 82' lang='lat' dir='ltr'>peccati,</span> <span class='ocrx_word' id='word_1_69' title='bbox 1082 645 1168 682; x_wconf 83' lang='lat' dir='ltr'>licet</span> <span class='ocrx_word' id='word_1_70' title='bbox 1194 646 1288 682; x_wconf 82' lang='lat' dir='ltr'>forte</span> <span class='ocrx_word' id='word_1_71' title='bbox 1309 653 1381 682; x_wconf 82' lang='lat' dir='ltr'>nec</span> <span class='ocrx_word' id='word_1_72' title='bbox 1399 645 1444 682; x_wconf 88' lang='lat' dir='ltr'>sit</span> 
     </span>
     <span class='ocr_line' id='line_1_12' title="bbox 384 697 1444 748; baseline -0.001 -13"><span class='ocrx_word' id='word_1_73' title='bbox 384 699 603 748; x_wconf 76' lang='lat' dir='ltr'>praevisum¹</span> <span class='ocrx_word' id='word_1_74' title='bbox 632 703 703 734; x_wconf 84' lang='lat' dir='ltr'>nec</span> <span class='ocrx_word' id='word_1_75' title='bbox 731 698 933 746; x_wconf 82' lang='lat' dir='ltr'>intentum,-</span> <span class='ocrx_word' id='word_1_76' title='bbox 963 705 1052 735; x_wconf 86' lang='lat' dir='ltr'>tune</span> <span class='ocrx_word' id='word_1_77' title='bbox 1081 697 1204 734; x_wconf 87' lang='lat' dir='ltr'>maius</span> <span class='ocrx_word' id='word_1_78' title='bbox 1235 703 1444 734; x_wconf 81' lang='lat' dir='ltr'>nocumen-</span> 
     </span>
     <span class='ocr_line' id='line_1_13' title="bbox 384 750 1442 799; baseline -0.002 -11"><span class='ocrx_word' id='word_1_79' title='bbox 384 758 465 788; x_wconf 85' lang='lat' dir='ltr'>tum</span> <span class='ocrx_word' id='word_1_80' title='bbox 490 758 569 788; x_wconf 89' lang='lat' dir='ltr'>non</span> <span class='ocrx_word' id='word_1_81' title='bbox 589 751 675 787; x_wconf 87' lang='lat' dir='ltr'>facit</span> <span class='ocrx_word' id='word_1_82' title='bbox 702 751 852 799; x_wconf 74' lang='lat' dir='ltr'>gravius</span> <span class='ocrx_word' id='word_1_83' title='bbox 880 758 1097 799; x_wconf 62' lang='lat' dir='ltr'>peccatum,</span> <span class='ocrx_word' id='word_1_84' title='bbox 1127 750 1194 787; x_wconf 87' lang='lat' dir='ltr'>sed</span> <span class='ocrx_word' id='word_1_85' title='bbox 1215 758 1234 786; x_wconf 89' lang='lat' dir='ltr'>e</span> <span class='ocrx_word' id='word_1_86' title='bbox 1256 756 1442 787; x_wconf 87' lang='lat' dir='ltr'>converso</span> 
     </span>
     <span class='ocr_line' id='line_1_14' title="bbox 383 803 1442 852; baseline -0.002 -12"><span class='ocrx_word' id='word_1_87' title='bbox 383 803 533 851; x_wconf 78' lang='lat' dir='ltr'>gravius</span> <span class='ocrx_word' id='word_1_88' title='bbox 561 810 760 852; x_wconf 85' lang='lat' dir='ltr'>peceatum</span> <span class='ocrx_word' id='word_1_89' title='bbox 795 803 939 841; x_wconf 78' lang='lat' dir='ltr'>inducit</span> <span class='ocrx_word' id='word_1_90' title='bbox 970 803 1121 851; x_wconf 79' lang='lat' dir='ltr'>gravius</span> <span class='ocrx_word' id='word_1_91' title='bbox 1154 810 1442 839; x_wconf 82' lang='lat' dir='ltr'><strong>nocumentum.</strong></span> 
     </span>
     <span class='ocr_line' id='line_1_15' title="bbox 385 850 1443 907; baseline -0.003 -14"><span class='ocrx_word' id='word_1_92' title='bbox 385 856 649 907; x_wconf 8' lang='lat' dir='ltr'>Sicutpaliquis</span> <span class='ocrx_word' id='word_1_93' title='bbox 678 856 851 903; x_wconf 78' lang='lat' dir='ltr'>infidelis,</span> <span class='ocrx_word' id='word_1_94' title='bbox 883 856 946 905; x_wconf 88' lang='lat' dir='ltr'>qui</span> <span class='ocrx_word' id='word_1_95' title='bbox 971 850 1061 892; x_wconf 87' lang='lat' dir='ltr'>nihil</span> <span class='ocrx_word' id='word_1_96' title='bbox 1082 854 1225 892; x_wconf 79' lang='lat' dir='ltr'>audivit</span> <span class='ocrx_word' id='word_1_97' title='bbox 1245 855 1291 891; x_wconf 91' lang='lat' dir='ltr'>de</span> <span class='ocrx_word' id='word_1_98' title='bbox 1311 854 1443 903; x_wconf 86' lang='lat' dir='ltr'>poenis</span> 
     </span>
     <span class='ocr_line' id='line_1_16' title="bbox 383 907 1442 958; baseline -0.003 -13"><span class='ocrx_word' id='word_1_99' title='bbox 383 908 528 956; x_wconf 84' lang='lat' dir='ltr'>inferni,</span> <span class='ocrx_word' id='word_1_100' title='bbox 549 909 762 957; x_wconf 72' lang='lat' dir='ltr'>graviorem</span> <span class='ocrx_word' id='word_1_101' title='bbox 783 915 950 958; x_wconf 83' lang='lat' dir='ltr'>poenam</span> <span class='ocrx_word' id='word_1_102' title='bbox 970 909 1009 945; x_wconf 89' lang='lat' dir='ltr'>in</span> <span class='ocrx_word' id='word_1_103' title='bbox 1028 907 1174 944; x_wconf 90' lang='lat' dir='ltr'>inferno</span> <span class='ocrx_word' id='word_1_104' title='bbox 1194 907 1354 955; x_wconf 80' lang='lat' dir='ltr'>patietur</span> <span class='ocrx_word' id='word_1_105' title='bbox 1372 919 1442 956; x_wconf 88' lang='lat' dir='ltr'>pro</span> 
     </span>
     <span class='ocr_line' id='line_1_17' title="bbox 384 960 1443 1010; baseline -0.003 -12"><span class='ocrx_word' id='word_1_106' title='bbox 384 968 540 1010; x_wconf 87' lang='lat' dir='ltr'>peccato</span> <span class='ocrx_word' id='word_1_107' title='bbox 568 961 763 999; x_wconf 79' lang='lat' dir='ltr'>homicidii</span> <span class='ocrx_word' id='word_1_108' title='bbox 789 966 904 1010; x_wconf 86' lang='lat' dir='ltr'>quam</span> <span class='ocrx_word' id='word_1_109' title='bbox 935 968 1005 1009; x_wconf 88' lang='lat' dir='ltr'>pro</span> <span class='ocrx_word' id='word_1_110' title='bbox 1034 967 1192 1009; x_wconf 84' lang='lat' dir='ltr'>peccato</span> <span class='ocrx_word' id='word_1_111' title='bbox 1221 960 1325 996; x_wconf 79' lang='lat' dir='ltr'>furti:</span> <span class='ocrx_word' id='word_1_112' title='bbox 1355 960 1443 1007; x_wconf 88' lang='lat' dir='ltr'>quia</span> 
     </span>
     <span class='ocr_line' id='line_1_18' title="bbox 385 1012 1444 1061; baseline -0.002 -10"><span class='ocrx_word' id='word_1_113' title='bbox 385 1014 486 1051; x_wconf 91' lang='lat' dir='ltr'>enim</span> <span class='ocrx_word' id='word_1_114' title='bbox 514 1015 588 1051; x_wconf 89' lang='lat' dir='ltr'>hoc</span> <span class='ocrx_word' id='word_1_115' title='bbox 616 1027 687 1051; x_wconf 92' lang='lat' dir='ltr'>nec</span> <span class='ocrx_word' id='word_1_116' title='bbox 706 1014 864 1051; x_wconf 86' lang='lat' dir='ltr'>intendit</span> <span class='ocrx_word' id='word_1_117' title='bbox 889 1025 960 1050; x_wconf 92' lang='lat' dir='ltr'>nec</span> <span class='ocrx_word' id='word_1_118' title='bbox 984 1012 1192 1061; x_wconf 79' lang='lat' dir='ltr'>praevidet,</span> <span class='ocrx_word' id='word_1_119' title='bbox 1213 1018 1291 1049; x_wconf 84' lang='lat' dir='ltr'>non</span> <span class='ocrx_word' id='word_1_120' title='bbox 1314 1019 1444 1060; x_wconf 85' lang='lat' dir='ltr'>aggra-</span> 
     </span>
     <span class='ocr_line' id='line_1_19' title="bbox 383 1065 1442 1116; baseline -0.003 -12"><span class='ocrx_word' id='word_1_121' title='bbox 383 1075 493 1105; x_wconf 85' lang='lat' dir='ltr'>vatur</span> <span class='ocrx_word' id='word_1_122' title='bbox 523 1079 566 1103; x_wconf 85' lang='lat' dir='ltr'>ex</span> <span class='ocrx_word' id='word_1_123' title='bbox 593 1068 668 1104; x_wconf 92' lang='lat' dir='ltr'>hoc</span> <span class='ocrx_word' id='word_1_124' title='bbox 695 1074 894 1116; x_wconf 91' lang='lat' dir='ltr'>peccatum</span> <span class='ocrx_word' id='word_1_125' title='bbox 924 1065 1039 1112; x_wconf 86' lang='lat' dir='ltr'>(sicut</span> <span class='ocrx_word' id='word_1_126' title='bbox 1067 1065 1245 1113; x_wconf 89' lang='lat' dir='ltr'>contingit</span> <span class='ocrx_word' id='word_1_127' title='bbox 1274 1065 1372 1102; x_wconf 90' lang='lat' dir='ltr'>circa</span> <span class='ocrx_word' id='word_1_128' title='bbox 1399 1065 1442 1102; x_wconf 90' lang='lat' dir='ltr'>fi-</span> 
     </span>
     <span class='ocr_line' id='line_1_20' title="bbox 385 1117 1441 1168; baseline -0.002 -12"><span class='ocrx_word' id='word_1_129' title='bbox 385 1120 521 1166; x_wconf 89' lang='lat' dir='ltr'>delem,</span> <span class='ocrx_word' id='word_1_130' title='bbox 551 1120 616 1167; x_wconf 93' lang='lat' dir='ltr'>qui</span> <span class='ocrx_word' id='word_1_131' title='bbox 646 1131 689 1155; x_wconf 90' lang='lat' dir='ltr'>ex</span> <span class='ocrx_word' id='word_1_132' title='bbox 718 1120 791 1156; x_wconf 92' lang='lat' dir='ltr'>hoc</span> <span class='ocrx_word' id='word_1_133' title='bbox 819 1119 901 1168; x_wconf 90' lang='lat' dir='ltr'>ipso</span> <span class='ocrx_word' id='word_1_134' title='bbox 929 1118 1081 1155; x_wconf 86' lang='lat' dir='ltr'>videtur</span> <span class='ocrx_word' id='word_1_135' title='bbox 1098 1130 1256 1166; x_wconf 90' lang='lat' dir='ltr'>peccare</span> <span class='ocrx_word' id='word_1_136' title='bbox 1278 1117 1441 1166; x_wconf 88' lang='lat' dir='ltr'>gravius,</span> 
     </span>
     <span class='ocr_line' id='line_1_21' title="bbox 383 1170 1443 1221; baseline -0.002 -12"><span class='ocrx_word' id='word_1_137' title='bbox 383 1174 487 1221; x_wconf 92' lang='lat' dir='ltr'>quod</span> <span class='ocrx_word' id='word_1_138' title='bbox 516 1172 680 1208; x_wconf 90' lang='lat' dir='ltr'>maiores</span> <span class='ocrx_word' id='word_1_139' title='bbox 707 1183 853 1220; x_wconf 91' lang='lat' dir='ltr'>poenas</span> <span class='ocrx_word' id='word_1_140' title='bbox 882 1170 1090 1207; x_wconf 87' lang='lat' dir='ltr'>contemnit</span> <span class='ocrx_word' id='word_1_141' title='bbox 1120 1178 1162 1207; x_wconf 92' lang='lat' dir='ltr'>ut</span> <span class='ocrx_word' id='word_1_142' title='bbox 1189 1171 1343 1219; x_wconf 89' lang='lat' dir='ltr'>impleat</span> <span class='ocrx_word' id='word_1_143' title='bbox 1374 1183 1443 1207; x_wconf 90' lang='lat' dir='ltr'>vo-</span> 
     </span>
     <span class='ocr_line' id='line_1_22' title="bbox 383 1223 1443 1273; baseline -0.002 -12"><span class='ocrx_word' id='word_1_144' title='bbox 383 1226 564 1262; x_wconf 90' lang='lat' dir='ltr'>luntatem</span> <span class='ocrx_word' id='word_1_145' title='bbox 593 1224 766 1273; x_wconf 84' lang='lat' dir='ltr'>peccati),</span> <span class='ocrx_word' id='word_1_146' title='bbox 799 1224 866 1260; x_wconf 93' lang='lat' dir='ltr'>sed</span> <span class='ocrx_word' id='word_1_147' title='bbox 894 1223 1056 1271; x_wconf 88' lang='lat' dir='ltr'>gravitas</span> <span class='ocrx_word' id='word_1_148' title='bbox 1084 1223 1304 1260; x_wconf 87' lang='lat' dir='ltr'>huiusmodi</span> <span class='ocrx_word' id='word_1_149' title='bbox 1328 1235 1443 1260; x_wconf 90' lang='lat' dir='ltr'>nocu-</span> 
     </span>
     <span class='ocr_line' id='line_1_23' title="bbox 383 1275 1326 1324; baseline -0.002 -10"><span class='ocrx_word' id='word_1_150' title='bbox 383 1277 501 1314; x_wconf 90' lang='lat' dir='ltr'>menti</span> <span class='ocrx_word' id='word_1_151' title='bbox 530 1278 654 1314; x_wconf 91' lang='lat' dir='ltr'>solum</span> <span class='ocrx_word' id='word_1_152' title='bbox 686 1284 859 1313; x_wconf 87' lang='lat' dir='ltr'>causatur</span> <span class='ocrx_word' id='word_1_153' title='bbox 889 1288 933 1313; x_wconf 88' lang='lat' dir='ltr'>ex</span> <span class='ocrx_word' id='word_1_154' title='bbox 961 1275 1142 1324; x_wconf 88' lang='lat' dir='ltr'>gravitate</span> <span class='ocrx_word' id='word_1_155' title='bbox 1170 1275 1326 1324; x_wconf 82' lang='lat' dir='ltr'>peceati.</span> 
     </span>
    </p>

    <p class='ocr_par' dir='ltr' id='par_1_5' title="bbox 380 1328 1444 1578">
     <span class='ocr_line' id='line_1_24' title="bbox 436 1328 1444 1377; baseline -0.001 -11"><span class='ocrx_word' id='word_1_156' title='bbox 436 1332 494 1366; x_wconf 84' lang='lat' dir='ltr'>An</span> <span class='ocrx_word' id='word_1_157' title='bbox 514 1341 650 1366; x_wconf 83' lang='lat' dir='ltr'>PRIMUM</span> <span class='ocrx_word' id='word_1_158' title='bbox 670 1341 766 1366; x_wconf 82' lang='lat' dir='ltr'>ERGO</span> <span class='ocrx_word' id='word_1_159' title='bbox 787 1341 969 1366; x_wconf 82' lang='lat' dir='ltr'><strong>DICENDUM</strong></span> <span class='ocrx_word' id='word_1_160' title='bbox 993 1328 1114 1377; x_wconf 88' lang='lat' dir='ltr'>quod,</span> <span class='ocrx_word' id='word_1_161' title='bbox 1136 1329 1230 1365; x_wconf 91' lang='lat' dir='ltr'>sicut</span> <span class='ocrx_word' id='word_1_162' title='bbox 1250 1328 1363 1365; x_wconf 87' lang='lat' dir='ltr'>etiam</span> <span class='ocrx_word' id='word_1_163' title='bbox 1384 1341 1444 1366; x_wconf 92' lang='lat' dir='ltr'>su-</span> 
     </span>
     <span class='ocr_line' id='line_1_25' title="bbox 381 1379 1444 1431; baseline -0.001 -12"><span class='ocrx_word' id='word_1_164' title='bbox 381 1395 451 1431; x_wconf 94' lang='lat' dir='ltr'>pra</span> <span class='ocrx_word' id='word_1_165' title='bbox 469 1382 489 1404; x_wconf 64' lang='lat'>²⁸</span> <span class='ocrx_word' id='word_1_166' title='bbox 509 1383 651 1419; x_wconf 88' lang='lat' dir='ltr'>dictum</span> <span class='ocrx_word' id='word_1_167' title='bbox 672 1390 739 1430; x_wconf 85' lang='lat' dir='ltr'>est,</span> <span class='ocrx_word' id='word_1_168' title='bbox 761 1386 847 1419; x_wconf 85' lang='lat' dir='ltr'>c&#39;um</span> <span class='ocrx_word' id='word_1_169' title='bbox 869 1381 916 1419; x_wconf 91' lang='lat' dir='ltr'>de</span> <span class='ocrx_word' id='word_1_170' title='bbox 937 1379 1104 1419; x_wconf 86' lang='lat' dir='ltr'>bonitate</span> <span class='ocrx_word' id='word_1_171' title='bbox 1125 1389 1160 1418; x_wconf 90' lang='lat' dir='ltr'>et</span> <span class='ocrx_word' id='word_1_172' title='bbox 1178 1381 1320 1418; x_wconf 90' lang='lat' dir='ltr'>malitia</span> <span class='ocrx_word' id='word_1_173' title='bbox 1346 1389 1444 1418; x_wconf 82' lang='lat' dir='ltr'>exte-·</span> 
     </span>
     <span class='ocr_line' id='line_1_26' title="bbox 382 1434 1444 1483; baseline -0.001 -11"><span class='ocrx_word' id='word_1_174' title='bbox 382 1436 526 1472; x_wconf 88' lang='lat' dir='ltr'>riorum</span> <span class='ocrx_word' id='word_1_175' title='bbox 554 1442 708 1472; x_wconf 85' lang='lat' dir='ltr'>actuum</span> <span class='ocrx_word' id='word_1_176' title='bbox 739 1442 925 1483; x_wconf 87' lang='lat' dir='ltr'>ageretur,</span> <span class='ocrx_word' id='word_1_177' title='bbox 957 1442 1115 1472; x_wconf 88' lang='lat' dir='ltr'>eventus</span> <span class='ocrx_word' id='word_1_178' title='bbox 1141 1446 1316 1483; x_wconf 90' lang='lat' dir='ltr'>sequens,</span> <span class='ocrx_word' id='word_1_179' title='bbox 1346 1434 1376 1471; x_wconf 92' lang='lat' dir='ltr'>si</span> <span class='ocrx_word' id='word_1_180' title='bbox 1400 1434 1444 1472; x_wconf 90' lang='lat' dir='ltr'>sit</span> 
     </span>
     <span class='ocr_line' id='line_1_27' title="bbox 380 1487 1443 1537; baseline 0.001 -13"><span class='ocrx_word' id='word_1_181' title='bbox 380 1488 579 1537; x_wconf 90' lang='lat' dir='ltr'>praevisus</span> <span class='ocrx_word' id='word_1_182' title='bbox 608 1495 644 1524; x_wconf 92' lang='lat' dir='ltr'>et</span> <span class='ocrx_word' id='word_1_183' title='bbox 668 1488 844 1535; x_wconf 89' lang='lat' dir='ltr'>intentus,</span> <span class='ocrx_word' id='word_1_184' title='bbox 866 1487 968 1525; x_wconf 90' lang='lat' dir='ltr'>addit</span> <span class='ocrx_word' id='word_1_185' title='bbox 987 1489 1035 1525; x_wconf 91' lang='lat' dir='ltr'>ad</span> <span class='ocrx_word' id='word_1_186' title='bbox 1055 1487 1344 1524; x_wconf 79' lang='lat' dir='ltr'>bonitatemvel</span> <span class='ocrx_word' id='word_1_187' title='bbox 1364 1500 1443 1525; x_wconf 85' lang='lat' dir='ltr'>ma-</span> 
     </span>
     <span class='ocr_line' id='line_1_28' title="bbox 381 1541 642 1578; baseline -0.004 0"><span class='ocrx_word' id='word_1_188' title='bbox 381 1541 497 1578; x_wconf 88' lang='lat' dir='ltr'>litiam</span> <span class='ocrx_word' id='word_1_189' title='bbox 527 1549 642 1578; x_wconf 86' lang='lat' dir='ltr'>actus.</span> 
     </span>
    </p>

    <p class='ocr_par' dir='ltr' id='par_1_6' title="bbox 380 1593 1444 1748">
     <span class='ocr_line' id='line_1_29' title="bbox 433 1593 1443 1642; baseline -0.002 -11"><span class='ocrx_word' id='word_1_190' title='bbox 433 1596 492 1630; x_wconf 82' lang='lat' dir='ltr'>AD</span> <span class='ocrx_word' id='word_1_191' title='bbox 508 1606 697 1631; x_wconf 77' lang='lat' dir='ltr'><strong>SECUNDUM</strong></span> <span class='ocrx_word' id='word_1_192' title='bbox 713 1606 895 1631; x_wconf 78' lang='lat' dir='ltr'>mei-:NDUM</span> <span class='ocrx_word' id='word_1_193' title='bbox 910 1594 1028 1642; x_wconf 89' lang='lat' dir='ltr'>quod,</span> <span class='ocrx_word' id='word_1_194' title='bbox 1040 1593 1217 1642; x_wconf 90' lang='lat' dir='ltr'>quamvis</span> <span class='ocrx_word' id='word_1_195' title='bbox 1233 1605 1443 1630; x_wconf 84' lang='lat' dir='ltr'>nocumen-</span> 
     </span>
     <span class='ocr_line' id='line_1_30' title="bbox 380 1646 1442 1695; baseline -0.001 -12"><span class='ocrx_word' id='word_1_196' title='bbox 380 1655 462 1683; x_wconf 91' lang='lat' dir='ltr'>tum</span> <span class='ocrx_word' id='word_1_197' title='bbox 483 1655 661 1694; x_wconf 87' lang='lat' dir='ltr'>aggravet</span> <span class='ocrx_word' id='word_1_198' title='bbox 679 1654 892 1695; x_wconf 91' lang='lat' dir='ltr'>peccatum,</span> <span class='ocrx_word' id='word_1_199' title='bbox 909 1659 989 1683; x_wconf 87' lang='lat' dir='ltr'>non</span> <span class='ocrx_word' id='word_1_200' title='bbox 1002 1654 1133 1683; x_wconf 89' lang='lat' dir='ltr'>tamen</span> <span class='ocrx_word' id='word_1_201' title='bbox 1152 1646 1319 1695; x_wconf 88' lang='lat' dir='ltr'>sequitur</span> <span class='ocrx_word' id='word_1_202' title='bbox 1338 1646 1442 1694; x_wconf 93' lang='lat' dir='ltr'>quod</span> 
     </span>
     <span class='ocr_line' id='line_1_31' title="bbox 381 1698 1444 1748; baseline -0.001 -12"><span class='ocrx_word' id='word_1_203' title='bbox 381 1711 425 1735; x_wconf 87' lang='lat' dir='ltr'>ex</span> <span class='ocrx_word' id='word_1_204' title='bbox 456 1701 537 1736; x_wconf 93' lang='lat' dir='ltr'>solo</span> <span class='ocrx_word' id='word_1_205' title='bbox 568 1707 799 1736; x_wconf 90' lang='lat' dir='ltr'>nocumento</span> <span class='ocrx_word' id='word_1_206' title='bbox 828 1707 1028 1748; x_wconf 88' lang='lat' dir='ltr'>peccatum</span> <span class='ocrx_word' id='word_1_207' title='bbox 1058 1706 1302 1747; x_wconf 88' lang='lat' dir='ltr'>aggravetur:</span> <span class='ocrx_word' id='word_1_208' title='bbox 1337 1698 1444 1747; x_wconf 90' lang='lat' dir='ltr'>quin-</span> 
     </span>
    </p>
   </div>
   <div class='ocr_carea' id='block_1_5' title="bbox 432 1804 1102 1872">
    <p class='ocr_par' dir='ltr' id='par_1_7' title="bbox 432 1804 1102 1872">
     <span class='ocr_line' id='line_1_32' title="bbox 432 1804 764 1838; baseline -0.003 -9"><span class='ocrx_word' id='word_1_209' title='bbox 432 1804 458 1838; x_wconf 85' lang='grc' dir='ltr'>γ)</span> <span class='ocrx_word' id='word_1_210' title='bbox 479 1805 556 1829; x_wconf 83' lang='lat' dir='ltr'>enim.</span> <span class='ocrx_word' id='word_1_211' title='bbox 575 1818 594 1823; x_wconf 91' lang='lat'>-</span> <span class='ocrx_word' id='word_1_212' title='bbox 611 1807 699 1828; x_wconf 75' lang='lat' dir='ltr'>autem</span> <span class='ocrx_word' id='word_1_213' title='bbox 719 1805 764 1828; x_wconf 83' lang='lat' dir='ltr'>Pa.</span> 
     </span>
     <span class='ocr_line' id='line_1_33' title="bbox 432 1839 1102 1872; baseline 0 -9"><span class='ocrx_word' id='word_1_214' title='bbox 432 1839 456 1872; x_wconf 83' lang='grc' dir='ltr'>δ)</span> <span class='ocrx_word' id='word_1_215' title='bbox 476 1840 598 1871; x_wconf 78' lang='lat' dir='ltr'>seipsum.</span> <span class='ocrx_word' id='word_1_216' title='bbox 615 1853 635 1858; x_wconf 96' lang='lat'><em>-</em></span> <span class='ocrx_word' id='word_1_217' title='bbox 653 1839 738 1871; x_wconf 84' lang='lat' dir='ltr'>ipsum</span> <span class='ocrx_word' id='word_1_218' title='bbox 758 1839 1014 1872; x_wconf 84' lang='lat' dir='ltr'>PACDEFGleBH</span> <span class='ocrx_word' id='word_1_219' title='bbox 1034 1843 1059 1864; x_wconf 90' lang='lat' dir='ltr'>et</span> <span class='ocrx_word' id='word_1_220' title='bbox 1078 1846 1102 1864; x_wconf 85' lang='lat' dir='ltr'>a.</span> 
     </span>
    </p>
   </div>
   <div class='ocr_carea' id='block_1_6' title="bbox 1014 194 1918 248">
    <p class='ocr_par' dir='ltr' id='par_1_8' title="bbox 1014 194 1918 248">
     <span class='ocr_line' id='line_1_34' title="bbox 1014 194 1918 248; baseline 0 -10"><span class='ocrx_word' id='word_1_221' title='bbox 1014 201 1278 248; x_wconf 75' lang='lat' dir='ltr'>QUAEs‘rlo</span> <span class='ocrx_word' id='word_1_222' title='bbox 1308 200 1480 246; x_wconf 81' lang='lat' dir='ltr'>Lxxm,</span> <span class='ocrx_word' id='word_1_223' title='bbox 1511 194 1805 238; x_wconf 72' lang='lat' dir='ltr'>ARTlC-ULUS</span> <span class='ocrx_word' id='word_1_224' title='bbox 1832 194 1918 238; x_wconf 81' lang='lat' dir='ltr'>v&#39;111</span> 
     </span>
    </p>
   </div>
   <div class='ocr_carea' id='block_1_7' title="bbox 1494 277 2556 1748">
    <p class='ocr_par' dir='ltr' id='par_1_9' title="bbox 1494 277 2556 1221">
     <span class='ocr_line' id='line_1_35' title="bbox 1496 277 2555 330; baseline 0.005 -16"><span class='ocrx_word' id='word_1_225' title='bbox 1496 277 1618 314; x_wconf 80' lang='lat' dir='ltr'>immo</span> <span class='ocrx_word' id='word_1_226' title='bbox 1645 282 1846 327; x_wconf 76' lang='lat' dir='ltr'>peccatum</span> <span class='ocrx_word' id='word_1_227' title='bbox 1865 284 1933 327; x_wconf 79' lang='lat' dir='ltr'>per</span> <span class='ocrx_word' id='word_1_228' title='bbox 1956 290 1996 328; x_wconf 79' lang='lat' dir='ltr'>se</span> <span class='ocrx_word' id='word_1_229' title='bbox 2016 288 2071 317; x_wconf 90' lang='lat' dir='ltr'>est</span> <span class='ocrx_word' id='word_1_230' title='bbox 2098 281 2250 328; x_wconf 80' lang='lat' dir='ltr'>gravius</span> <span class='ocrx_word' id='word_1_231' title='bbox 2278 286 2433 330; x_wconf 71' lang='lat' dir='ltr'>propter</span> <span class='ocrx_word' id='word_1_232' title='bbox 2456 281 2555 319; x_wconf 89' lang='lat' dir='ltr'>inor-</span> 
     </span>
     <span class='ocr_line' id='line_1_36' title="bbox 1498 330 2555 383; baseline 0.005 -16"><span class='ocrx_word' id='word_1_233' title='bbox 1498 330 1745 378; x_wconf 82' lang='lat' dir='ltr'>dinationem,-</span> <span class='ocrx_word' id='word_1_234' title='bbox 1764 338 1806 367; x_wconf 83' lang='lat' dir='ltr'>ut</span> <span class='ocrx_word' id='word_1_235' title='bbox 1825 338 1941 380; x_wconf 84' lang='lat' dir='ltr'>supra</span> <span class='ocrx_word' id='word_1_236' title='bbox 1958 332 2099 369; x_wconf 77' lang='lat' dir='ltr'>dietum</span> <span class='ocrx_word' id='word_1_237' title='bbox 2121 340 2175 370; x_wconf 79' lang='lat' dir='ltr'>est</span> <span class='ocrx_word' id='word_1_238' title='bbox 2190 335 2221 371; x_wconf 85' lang='grc'>*.</span> <span class='ocrx_word' id='word_1_239' title='bbox 2242 334 2354 371; x_wconf 80' lang='lat' dir='ltr'>Unde</span> <span class='ocrx_word' id='word_1_240' title='bbox 2374 341 2410 371; x_wconf 81' lang='lat' dir='ltr'>et</span> <span class='ocrx_word' id='word_1_241' title='bbox 2429 334 2555 383; x_wconf 77' lang='lat' dir='ltr'>ipsum</span> 
     </span>
     <span class='ocr_line' id='line_1_37' title="bbox 1494 385 2556 434; baseline 0.004 -14"><span class='ocrx_word' id='word_1_242' title='bbox 1494 388 1770 420; x_wconf 75' lang='lat' dir='ltr'>nocumentum</span> <span class='ocrx_word' id='word_1_243' title='bbox 1795 388 1974 431; x_wconf 79' lang='lat' dir='ltr'>aggravat</span> <span class='ocrx_word' id='word_1_244' title='bbox 1992 388 2204 432; x_wconf 72' lang='lat' dir='ltr'>peccatum,</span> <span class='ocrx_word' id='word_1_245' title='bbox 2225 385 2449 434; x_wconf 77' lang='lat' dir='ltr'>inquantum</span> <span class='ocrx_word' id='word_1_246' title='bbox 2469 387 2556 424; x_wconf 83' lang='lat' dir='ltr'>facit</span> 
     </span>
     <span class='ocr_line' id='line_1_38' title="bbox 1496 436 2555 488; baseline 0.004 -16"><span class='ocrx_word' id='word_1_247' title='bbox 1496 440 1621 473; x_wconf 85' lang='lat' dir='ltr'>actum</span> <span class='ocrx_word' id='word_1_248' title='bbox 1648 442 1730 473; x_wconf 87' lang='lat' dir='ltr'>e&#39;sse</span> <span class='ocrx_word' id='word_1_249' title='bbox 1759 436 1879 484; x_wconf 88' lang='lat' dir='ltr'>magis</span> <span class='ocrx_word' id='word_1_250' title='bbox 1907 436 2176 474; x_wconf 78' lang='lat' dir='ltr'>inordinatum.-</span> <span class='ocrx_word' id='word_1_251' title='bbox 2204 438 2315 475; x_wconf 82' lang='lat' dir='ltr'>Unde</span> <span class='ocrx_word' id='word_1_252' title='bbox 2334 444 2413 476; x_wconf 79' lang='lat' dir='ltr'>non</span> <span class='ocrx_word' id='word_1_253' title='bbox 2432 440 2555 488; x_wconf 83' lang='lat' dir='ltr'>sequi-</span> 
     </span>
     <span class='ocr_line' id='line_1_39' title="bbox 1496 489 2554 537; baseline 0.004 -12"><span class='ocrx_word' id='word_1_254' title='bbox 1496 494 1555 525; x_wconf 87' lang='lat' dir='ltr'>tur</span> <span class='ocrx_word' id='word_1_255' title='bbox 1583 489 1701 537; x_wconf 83' lang='lat' dir='ltr'>quod,-</span> <span class='ocrx_word' id='word_1_256' title='bbox 1725 489 1754 525; x_wconf 88' lang='lat' dir='ltr'>si</span> <span class='ocrx_word' id='word_1_257' title='bbox 1774 492 2049 526; x_wconf 56' lang='lat' dir='ltr'>nocumentum*</span> <span class='ocrx_word' id='word_1_258' title='bbox 2072 490 2236 526; x_wconf 68' lang='lat' dir='ltr'>maxime</span> <span class='ocrx_word' id='word_1_259' title='bbox 2262 491 2400 528; x_wconf 77' lang='lat' dir='ltr'>habeat</span> <span class='ocrx_word' id='word_1_260' title='bbox 2426 491 2554 528; x_wconf 88' lang='lat' dir='ltr'>locum</span> 
     </span>
     <span class='ocr_line' id='line_1_40' title="bbox 1495 541 2554 593; baseline 0.003 -15"><span class='ocrx_word' id='word_1_261' title='bbox 1495 541 1534 578; x_wconf 91' lang='lat' dir='ltr'>in</span> <span class='ocrx_word' id='word_1_262' title='bbox 1566 541 1729 590; x_wconf 82' lang='lat' dir='ltr'>peccatis</span> <span class='ocrx_word' id='word_1_263' title='bbox 1764 550 1862 590; x_wconf 85' lang='lat' dir='ltr'>quae</span> <span class='ocrx_word' id='word_1_264' title='bbox 1897 547 1984 579; x_wconf 73' lang='lat' dir='ltr'>sunt</span> <span class='ocrx_word' id='word_1_265' title='bbox 2017 546 2146 578; x_wconf 87' lang='lat' dir='ltr'>contra</span> <span class='ocrx_word' id='word_1_266' title='bbox 2178 542 2415 591; x_wconf 62' lang='lat' dir='ltr'>proximum,</span> <span class='ocrx_word' id='word_1_267' title='bbox 2449 545 2554 593; x_wconf 75' lang='lat' dir='ltr'>quod</span> 
     </span>
     <span class='ocr_line' id='line_1_41' title="bbox 1496 594 2555 643; baseline 0.003 -13"><span class='ocrx_word' id='word_1_268' title='bbox 1496 594 1557 630; x_wconf 89' lang='lat' dir='ltr'>illa</span> <span class='ocrx_word' id='word_1_269' title='bbox 1584 598 1740 642; x_wconf 77' lang='lat' dir='ltr'>peecata</span> <span class='ocrx_word' id='word_1_270' title='bbox 1771 597 1858 632; x_wconf 85' lang='lat' dir='ltr'>sunt</span> <span class='ocrx_word' id='word_1_271' title='bbox 1889 594 2129 642; x_wconf 67' lang='lat' dir='ltr'>gravissima:</span> <span class='ocrx_word' id='word_1_272' title='bbox 2160 594 2248 643; x_wconf 86' lang='lat' dir='ltr'>quia</span> <span class='ocrx_word' id='word_1_273' title='bbox 2279 596 2398 632; x_wconf 70' lang='lat' dir='ltr'>multo</span> <span class='ocrx_word' id='word_1_274' title='bbox 2432 595 2555 633; x_wconf 73' lang='lat' dir='ltr'>maidt</span> 
     </span>
     <span class='ocr_line' id='line_1_42' title="bbox 1496 646 2554 696; baseline 0.003 -14"><span class='ocrx_word' id='word_1_275' title='bbox 1496 646 1722 683; x_wconf 78' lang='lat' dir='ltr'>inordinatio</span> <span class='ocrx_word' id='word_1_276' title='bbox 1748 647 1938 684; x_wconf 77' lang='lat' dir='ltr'>invenitur</span> <span class='ocrx_word' id='word_1_277' title='bbox 1955 648 1994 684; x_wconf 92' lang='lat' dir='ltr'>in</span> <span class='ocrx_word' id='word_1_278' title='bbox 2012 647 2176 696; x_wconf 75' lang='lat' dir='ltr'>peccatis</span> <span class='ocrx_word' id='word_1_279' title='bbox 2196 658 2296 695; x_wconf 84' lang='lat' dir='ltr'>quae</span> <span class='ocrx_word' id='word_1_280' title='bbox 2314 654 2401 684; x_wconf 88' lang='lat' dir='ltr'>sunt</span> <span class='ocrx_word' id='word_1_281' title='bbox 2424 651 2554 686; x_wconf 68' lang='lat' dir='ltr'>eontra</span> 
     </span>
     <span class='ocr_line' id='line_1_43' title="bbox 1496 699 2554 749; baseline 0.003 -15"><span class='ocrx_word' id='word_1_282' title='bbox 1496 700 1635 746; x_wconf 77' lang='lat' dir='ltr'>Deum,</span> <span class='ocrx_word' id='word_1_283' title='bbox 1662 702 1699 735; x_wconf 82' lang='lat' dir='ltr'>et</span> <span class='ocrx_word' id='word_1_284' title='bbox 1726 699 1764 735; x_wconf 87' lang='lat' dir='ltr'>in</span> <span class='ocrx_word' id='word_1_285' title='bbox 1788 699 2017 747; x_wconf 80' lang='lat' dir='ltr'>quibusdam</span> <span class='ocrx_word' id='word_1_286' title='bbox 2043 705 2174 737; x_wconf 83' lang='lat' dir='ltr'>eorum</span> <span class='ocrx_word' id='word_1_287' title='bbox 2201 711 2299 749; x_wconf 88' lang='lat' dir='ltr'>quae</span> <span class='ocrx_word' id='word_1_288' title='bbox 2319 703 2405 736; x_wconf 74' lang='lat' dir='ltr'>sant</span> <span class='ocrx_word' id='word_1_289' title='bbox 2424 704 2554 738; x_wconf 68' lang='lat' dir='ltr'>eontra</span> 
     </span>
     <span class='ocr_line' id='line_1_44' title="bbox 1496 749 2552 802; baseline 0.003 -16"><span class='ocrx_word' id='word_1_290' title='bbox 1496 750 1663 799; x_wconf 81' lang='lat' dir='ltr'>seipsum</span> <span class='ocrx_word' id='word_1_291' title='bbox 1683 749 1707 787; x_wconf 70' lang='grc' dir='ltr'>δ.</span> <span class='ocrx_word' id='word_1_292' title='bbox 1728 766 1752 778; x_wconf 69' lang='lat'><em>-</em></span> <span class='ocrx_word' id='word_1_293' title='bbox 1773 752 1822 788; x_wconf 81' lang='lat' dir='ltr'>Et</span> <span class='ocrx_word' id='word_1_294' title='bbox 1849 756 1977 789; x_wconf 80' lang='lat' dir='ltr'>tamen</span> <span class='ocrx_word' id='word_1_295' title='bbox 2005 760 2129 802; x_wconf 89' lang='lat' dir='ltr'>potest</span> <span class='ocrx_word' id='word_1_296' title='bbox 2149 752 2220 789; x_wconf 83' lang='lat' dir='ltr'>dic-&#39;i</span> <span class='ocrx_word' id='word_1_297' title='bbox 2240 753 2357 800; x_wconf 89' lang='lat' dir='ltr'>quod,-</span> <span class='ocrx_word' id='word_1_298' title='bbox 2382 752 2449 789; x_wconf 75' lang='lat' dir='ltr'>etsi</span> <span class='ocrx_word' id='word_1_299' title='bbox 2468 753 2552 789; x_wconf 79' lang='lat' dir='ltr'>De&#39;o</span> 
     </span>
     <span class='ocr_line' id='line_1_45' title="bbox 1496 803 2551 853; baseline 0.003 -14"><span class='ocrx_word' id='word_1_300' title='bbox 1496 804 1619 839; x_wconf 83' lang='lat' dir='ltr'>nullus</span> <span class='ocrx_word' id='word_1_301' title='bbox 1635 803 1754 851; x_wconf 87' lang='lat' dir='ltr'>possit</span> <span class='ocrx_word' id='word_1_302' title='bbox 1772 807 1913 840; x_wconf 83' lang='lat' dir='ltr'>nocere·</span> <span class='ocrx_word' id='word_1_303' title='bbox 1927 809 2110 853; x_wconf 76' lang='lat' dir='ltr'>quantum</span> <span class='ocrx_word' id='word_1_304' title='bbox 2130 805 2179 842; x_wconf 81' lang='lat' dir='ltr'>ad</span> <span class='ocrx_word' id='word_1_305' title='bbox 2195 805 2274 842; x_wconf 91' lang='lat' dir='ltr'>eius</span> <span class='ocrx_word' id='word_1_306' title='bbox 2294 805 2551 852; x_wconf 69' lang='lat' dir='ltr'>substantiam,</span> 
     </span>
     <span class='ocr_line' id='line_1_46' title="bbox 1495 857 2553 905; baseline 0.002 -13"><span class='ocrx_word' id='word_1_307' title='bbox 1495 862 1619 904; x_wconf 90' lang='lat' dir='ltr'>potest</span> <span class='ocrx_word' id='word_1_308' title='bbox 1646 863 1775 892; x_wconf 92' lang='lat' dir='ltr'>tamen</span> <span class='ocrx_word' id='word_1_309' title='bbox 1795 864 2070 895; x_wconf 80' lang='lat' dir='ltr'>nocumentum</span> <span class='ocrx_word' id='word_1_310' title='bbox 2100 861 2283 895; x_wconf 77' lang='lat' dir='ltr'>attentare</span> <span class='ocrx_word' id='word_1_311' title='bbox 2303 858 2341 894; x_wconf 87' lang='lat' dir='ltr'>in</span> <span class='ocrx_word' id='word_1_312' title='bbox 2367 857 2426 894; x_wconf 82' lang='lat' dir='ltr'>his</span> <span class='ocrx_word' id='word_1_313' title='bbox 2454 860 2553 905; x_wconf 78' lang='lat' dir='ltr'>quae</span> 
     </span>
     <span class='ocr_line' id='line_1_47' title="bbox 1495 908 2552 958; baseline 0.003 -14"><span class='ocrx_word' id='word_1_314' title='bbox 1495 908 1567 945; x_wconf 84' lang='lat' dir='ltr'>Dei</span> <span class='ocrx_word' id='word_1_315' title='bbox 1588 915 1689 945; x_wconf 90' lang='lat' dir='ltr'>sunt:</span> <span class='ocrx_word' id='word_1_316' title='bbox 1718 908 1813 945; x_wconf 90' lang='lat' dir='ltr'>sicut</span> <span class='ocrx_word' id='word_1_317' title='bbox 1834 908 2055 958; x_wconf 68' lang='lat' dir='ltr'>extirpando</span> <span class='ocrx_word' id='word_1_318' title='bbox 2075 910 2206 956; x_wconf 84' lang='lat' dir='ltr'>fidem,</span> <span class='ocrx_word' id='word_1_319' title='bbox 2233 911 2413 947; x_wconf 79' lang='lat' dir='ltr'>violando</span> <span class='ocrx_word' id='word_1_320' title='bbox 2434 913 2552 957; x_wconf 71' lang='lat' dir='ltr'>sacra,</span> 
     </span>
     <span class='ocr_line' id='line_1_48' title="bbox 1496 962 2554 1011; baseline 0.003 -14"><span class='ocrx_word' id='word_1_321' title='bbox 1496 965 1593 1009; x_wconf 81' lang='lat' dir='ltr'>quae</span> <span class='ocrx_word' id='word_1_322' title='bbox 1622 968 1708 997; x_wconf 92' lang='lat' dir='ltr'>sunt</span> <span class='ocrx_word' id='word_1_323' title='bbox 1734 964 1890 1009; x_wconf 73' lang='lat' dir='ltr'>peecata</span> <span class='ocrx_word' id='word_1_324' title='bbox 1918 962 2150 1009; x_wconf 79' lang='lat' dir='ltr'>gravissima.</span> <span class='ocrx_word' id='word_1_325' title='bbox 2182 963 2261 1000; x_wconf 83' lang='lat' dir='ltr'>Sibi</span> <span class='ocrx_word' id='word_1_326' title='bbox 2286 963 2401 1000; x_wconf 74' lang='lat' dir='ltr'>etiam</span> <span class='ocrx_word' id='word_1_327' title='bbox 2419 962 2554 1011; x_wconf 85' lang='lat' dir='ltr'>aliquis</span> 
     </span>
     <span class='ocr_line' id='line_1_49' title="bbox 1496 1013 2554 1062; baseline 0.003 -12"><span class='ocrx_word' id='word_1_328' title='bbox 1496 1014 1728 1062; x_wconf 82' lang='lat' dir='ltr'>quandoque</span> <span class='ocrx_word' id='word_1_329' title='bbox 1755 1013 1916 1050; x_wconf 82' lang='lat' dir='ltr'>scienter</span> <span class='ocrx_word' id='word_1_330' title='bbox 1942 1021 1979 1050; x_wconf 90' lang='lat' dir='ltr'>et</span> <span class='ocrx_word' id='word_1_331' title='bbox 1995 1015 2168 1052; x_wconf 64' lang='lat' dir='ltr'>volenter</span> <span class='ocrx_word' id='word_1_332' title='bbox 2181 1020 2193 1037; x_wconf 79' lang='lat'>⁸</span> <span class='ocrx_word' id='word_1_333' title='bbox 2212 1015 2322 1052; x_wconf 80' lang='lat' dir='ltr'>infert</span> <span class='ocrx_word' id='word_1_334' title='bbox 2344 1020 2554 1053; x_wconf 75' lang='lat' dir='ltr'>nocumen-</span> 
     </span>
     <span class='ocr_line' id='line_1_50' title="bbox 1495 1066 2553 1115; baseline 0.003 -13"><span class='ocrx_word' id='word_1_335' title='bbox 1495 1074 1597 1113; x_wconf 86' lang='lat' dir='ltr'>tum,</span> <span class='ocrx_word' id='word_1_336' title='bbox 1628 1066 1722 1103; x_wconf 91' lang='lat' dir='ltr'>sicut</span> <span class='ocrx_word' id='word_1_337' title='bbox 1749 1074 1852 1115; x_wconf 88' lang='lat' dir='ltr'>patet</span> <span class='ocrx_word' id='word_1_338' title='bbox 1885 1066 1923 1103; x_wconf 93' lang='lat' dir='ltr'>in</span> <span class='ocrx_word' id='word_1_339' title='bbox 1956 1066 2013 1103; x_wconf 92' lang='lat' dir='ltr'>his</span> <span class='ocrx_word' id='word_1_340' title='bbox 2042 1068 2106 1115; x_wconf 91' lang='lat' dir='ltr'>qui</span> <span class='ocrx_word' id='word_1_341' title='bbox 2135 1079 2175 1104; x_wconf 88' lang='lat' dir='ltr'>se</span> <span class='ocrx_word' id='word_1_342' title='bbox 2202 1068 2438 1105; x_wconf 89' lang='lat' dir='ltr'>interimunt:</span> <span class='ocrx_word' id='word_1_343' title='bbox 2469 1068 2553 1105; x_wconf 90' lang='lat' dir='ltr'>licet</span> 
     </span>
     <span class='ocr_line' id='line_1_51' title="bbox 1495 1119 2552 1170; baseline 0.003 -15"><span class='ocrx_word' id='word_1_344' title='bbox 1495 1119 1656 1156; x_wconf 90' lang='lat' dir='ltr'>finaliter</span> <span class='ocrx_word' id='word_1_345' title='bbox 1670 1120 1745 1155; x_wconf 90' lang='lat' dir='ltr'>hoc</span> <span class='ocrx_word' id='word_1_346' title='bbox 1765 1119 1926 1156; x_wconf 89' lang='lat' dir='ltr'>referant</span> <span class='ocrx_word' id='word_1_347' title='bbox 1946 1119 1994 1156; x_wconf 91' lang='lat' dir='ltr'>ad</span> <span class='ocrx_word' id='word_1_348' title='bbox 2014 1119 2168 1168; x_wconf 86' lang='lat' dir='ltr'>aliquod</span> <span class='ocrx_word' id='word_1_349' title='bbox 2188 1121 2334 1157; x_wconf 88' lang='lat' dir='ltr'>bonurn</span> <span class='ocrx_word' id='word_1_350' title='bbox 2354 1133 2552 1170; x_wconf 89' lang='lat' dir='ltr'>apparens,</span> 
     </span>
     <span class='ocr_line' id='line_1_52' title="bbox 1495 1171 2551 1221; baseline 0.003 -14"><span class='ocrx_word' id='word_1_351' title='bbox 1495 1179 1586 1221; x_wconf 92' lang='lat' dir='ltr'>puta</span> <span class='ocrx_word' id='word_1_352' title='bbox 1615 1171 1663 1208; x_wconf 92' lang='lat' dir='ltr'>ad</span> <span class='ocrx_word' id='word_1_353' title='bbox 1690 1172 1768 1215; x_wconf 65' lang='lat' dir='ltr'>hoc&gt;</span> <span class='ocrx_word' id='word_1_354' title='bbox 1793 1172 1898 1220; x_wconf 92' lang='lat' dir='ltr'>quod</span> <span class='ocrx_word' id='word_1_355' title='bbox 1922 1171 2127 1209; x_wconf 90' lang='lat' dir='ltr'>liberentur</span> <span class='ocrx_word' id='word_1_356' title='bbox 2147 1173 2194 1209; x_wconf 93' lang='lat' dir='ltr'>ab</span> <span class='ocrx_word' id='word_1_357' title='bbox 2223 1173 2347 1221; x_wconf 90' lang='lat' dir='ltr'>aliqua</span> <span class='ocrx_word' id='word_1_358' title='bbox 2370 1173 2551 1221; x_wconf 88' lang='lat' dir='ltr'>angustia.</span> 
     </span>
    </p>

    <p class='ocr_par' dir='ltr' id='par_1_10' title="bbox 1496 1225 2555 1748">
     <span class='ocr_line' id='line_1_53' title="bbox 1549 1225 2554 1273; baseline 0.002 -13"><span class='ocrx_word' id='word_1_359' title='bbox 1549 1226 1607 1261; x_wconf 82' lang='lat' dir='ltr'>An</span> <span class='ocrx_word' id='word_1_360' title='bbox 1639 1236 1798 1261; x_wconf 79' lang='lat' dir='ltr'>TERTiuM</span> <span class='ocrx_word' id='word_1_361' title='bbox 1832 1236 2014 1262; x_wconf 62' lang='lat' dir='ltr'>monimum</span> <span class='ocrx_word' id='word_1_362' title='bbox 2043 1225 2147 1273; x_wconf 94' lang='lat' dir='ltr'>quod</span> <span class='ocrx_word' id='word_1_363' title='bbox 2175 1225 2236 1262; x_wconf 93' lang='lat' dir='ltr'>illa</span> <span class='ocrx_word' id='word_1_364' title='bbox 2265 1225 2358 1262; x_wconf 92' lang='lat' dir='ltr'>ratio</span> <span class='ocrx_word' id='word_1_365' title='bbox 2387 1238 2465 1263; x_wconf 92' lang='lat' dir='ltr'>non</span> <span class='ocrx_word' id='word_1_366' title='bbox 2497 1238 2554 1262; x_wconf 89' lang='lat' dir='ltr'>se-</span> 
     </span>
     <span class='ocr_line' id='line_1_54' title="bbox 1496 1277 2554 1327; baseline 0.002 -14"><span class='ocrx_word' id='word_1_367' title='bbox 1496 1277 1633 1326; x_wconf 86' lang='lat' dir='ltr'>quitur,</span> <span class='ocrx_word' id='word_1_368' title='bbox 1661 1279 1816 1326; x_wconf 81' lang='lat' dir='ltr'>propter</span> <span class='ocrx_word' id='word_1_369' title='bbox 1845 1278 1933 1314; x_wconf 92' lang='lat' dir='ltr'>duo.</span> <span class='ocrx_word' id='word_1_370' title='bbox 1964 1277 2093 1314; x_wconf 90' lang='lat' dir='ltr'>Primo</span> <span class='ocrx_word' id='word_1_371' title='bbox 2122 1277 2289 1325; x_wconf 89' lang='lat' dir='ltr'>quidem,</span> <span class='ocrx_word' id='word_1_372' title='bbox 2320 1278 2408 1327; x_wconf 89' lang='lat' dir='ltr'>quia</span> <span class='ocrx_word' id='word_1_373' title='bbox 2431 1278 2554 1315; x_wconf 91' lang='lat' dir='ltr'>homi-</span> 
     </span>
     <span class='ocr_line' id='line_1_55' title="bbox 1497 1329 2554 1379; baseline 0 -12"><span class='ocrx_word' id='word_1_374' title='bbox 1497 1330 1579 1367; x_wconf 88' lang='lat' dir='ltr'>cida</span> <span class='ocrx_word' id='word_1_375' title='bbox 1611 1329 1769 1366; x_wconf 88' lang='lat' dir='ltr'>intendit</span> <span class='ocrx_word' id='word_1_376' title='bbox 1799 1330 1936 1366; x_wconf 89' lang='lat' dir='ltr'>directe</span> <span class='ocrx_word' id='word_1_377' title='bbox 1965 1337 2242 1367; x_wconf 88' lang='lat' dir='ltr'>nocumentum</span> <span class='ocrx_word' id='word_1_378' title='bbox 2270 1330 2451 1379; x_wconf 87' lang='lat' dir='ltr'>proximi:</span> <span class='ocrx_word' id='word_1_379' title='bbox 2480 1331 2554 1368; x_wconf 87' lang='lat' dir='ltr'>for·</span> 
     </span>
     <span class='ocr_line' id='line_1_56' title="bbox 1496 1382 2551 1431; baseline 0.001 -12"><span class='ocrx_word' id='word_1_380' title='bbox 1496 1382 1641 1420; x_wconf 88' lang='lat' dir='ltr'>nicator</span> <span class='ocrx_word' id='word_1_381' title='bbox 1669 1390 1796 1419; x_wconf 92' lang='lat' dir='ltr'>autem</span> <span class='ocrx_word' id='word_1_382' title='bbox 1817 1382 1879 1431; x_wconf 89' lang='lat' dir='ltr'>qui</span> <span class='ocrx_word' id='word_1_383' title='bbox 1898 1385 2084 1431; x_wconf 84' lang='lat' dir='ltr'>provocat</span> <span class='ocrx_word' id='word_1_384' title='bbox 2102 1383 2313 1431; x_wconf 90' lang='lat' dir='ltr'>mulierem,</span> <span class='ocrx_word' id='word_1_385' title='bbox 2334 1395 2414 1420; x_wconf 92' lang='lat' dir='ltr'>non</span> <span class='ocrx_word' id='word_1_386' title='bbox 2431 1383 2551 1420; x_wconf 90' lang='lat' dir='ltr'>inten-</span> 
     </span>
     <span class='ocr_line' id='line_1_57' title="bbox 1497 1435 2551 1484; baseline 0 -11"><span class='ocrx_word' id='word_1_387' title='bbox 1497 1435 1550 1473; x_wconf 93' lang='lat' dir='ltr'>dit</span> <span class='ocrx_word' id='word_1_388' title='bbox 1577 1443 1864 1482; x_wconf 85' lang='lat' dir='ltr'>nocumentum,</span> <span class='ocrx_word' id='word_1_389' title='bbox 1895 1435 1962 1472; x_wconf 91' lang='lat' dir='ltr'>sed</span> <span class='ocrx_word' id='word_1_390' title='bbox 1991 1435 2292 1473; x_wconf 91' lang='lat' dir='ltr'>delectationem.</span> <span class='ocrx_word' id='word_1_391' title='bbox 2313 1457 2337 1463; x_wconf 99' lang='lat'>-</span> <span class='ocrx_word' id='word_1_392' title='bbox 2359 1435 2551 1484; x_wconf 87' lang='lat' dir='ltr'>Secundo,</span> 
     </span>
     <span class='ocr_line' id='line_1_58' title="bbox 1497 1487 2552 1537; baseline 0 -12"><span class='ocrx_word' id='word_1_393' title='bbox 1497 1487 1586 1536; x_wconf 92' lang='lat' dir='ltr'>quia</span> <span class='ocrx_word' id='word_1_394' title='bbox 1613 1488 1804 1526; x_wconf 90' lang='lat' dir='ltr'>homicida</span> <span class='ocrx_word' id='word_1_395' title='bbox 1833 1495 1888 1524; x_wconf 89' lang='lat' dir='ltr'>est</span> <span class='ocrx_word' id='word_1_396' title='bbox 1915 1500 1984 1537; x_wconf 91' lang='lat' dir='ltr'>per</span> <span class='ocrx_word' id='word_1_397' title='bbox 2002 1500 2041 1525; x_wconf 91' lang='lat' dir='ltr'>se</span> <span class='ocrx_word' id='word_1_398' title='bbox 2063 1496 2098 1525; x_wconf 92' lang='lat' dir='ltr'>et</span> <span class='ocrx_word' id='word_1_399' title='bbox 2118 1488 2309 1526; x_wconf 89' lang='lat' dir='ltr'>sufficiens</span> <span class='ocrx_word' id='word_1_400' title='bbox 2339 1501 2453 1526; x_wconf 90' lang='lat' dir='ltr'>causa</span> <span class='ocrx_word' id='word_1_401' title='bbox 2472 1500 2552 1525; x_wconf 91' lang='lat' dir='ltr'>cor-</span> 
     </span>
     <span class='ocr_line' id='line_1_59' title="bbox 1497 1541 2555 1590; baseline 0.001 -13"><span class='ocrx_word' id='word_1_402' title='bbox 1497 1541 1636 1590; x_wconf 84' lang='lat' dir='ltr'>poralis</span> <span class='ocrx_word' id='word_1_403' title='bbox 1670 1541 1824 1577; x_wconf 90' lang='lat' dir='ltr'>mortis:</span> <span class='ocrx_word' id='word_1_404' title='bbox 1864 1541 2064 1590; x_wconf 86' lang='lat' dir='ltr'>spiritualis</span> <span class='ocrx_word' id='word_1_405' title='bbox 2099 1548 2225 1578; x_wconf 87' lang='lat' dir='ltr'>autem</span> <span class='ocrx_word' id='word_1_406' title='bbox 2261 1541 2392 1578; x_wconf 90' lang='lat' dir='ltr'>mortis</span> <span class='ocrx_word' id='word_1_407' title='bbox 2429 1542 2555 1588; x_wconf 79' lang='lat' dir='ltr'>nullus</span> 
     </span>
     <span class='ocr_line' id='line_1_60' title="bbox 1497 1593 2553 1644; baseline 0.001 -14"><span class='ocrx_word' id='word_1_408' title='bbox 1497 1601 1621 1642; x_wconf 88' lang='lat' dir='ltr'>potest</span> <span class='ocrx_word' id='word_1_409' title='bbox 1640 1606 1722 1631; x_wconf 86' lang='lat' dir='ltr'>esse</span> <span class='ocrx_word' id='word_1_410' title='bbox 1751 1594 1855 1630; x_wconf 89' lang='lat' dir='ltr'>alteri</span> <span class='ocrx_word' id='word_1_411' title='bbox 1884 1606 1996 1630; x_wconf 87' lang='lat' dir='ltr'>causa</span> <span class='ocrx_word' id='word_1_412' title='bbox 2023 1603 2092 1643; x_wconf 89' lang='lat' dir='ltr'>per</span> <span class='ocrx_word' id='word_1_413' title='bbox 2111 1602 2208 1631; x_wconf 81' lang='lat' dir='ltr'>sect</span> <span class='ocrx_word' id='word_1_414' title='bbox 2227 1594 2439 1640; x_wconf 59' lang='lat' dir='ltr'>sufficiens?⁴</span> <span class='ocrx_word' id='word_1_415' title='bbox 2465 1593 2553 1644; x_wconf 54' lang='lat' dir='ltr'>dffl&#39;a</span> 
     </span>
     <span class='ocr_line' id='line_1_61' title="bbox 1497 1640 2555 1696; baseline 0.002 -13"><span class='ocrx_word' id='word_1_416' title='bbox 1497 1647 1620 1684; x_wconf 91' lang='lat' dir='ltr'>nullus</span> <span class='ocrx_word' id='word_1_417' title='bbox 1640 1646 1877 1695; x_wconf 85' lang='lat' dir='ltr'>spiritualiter</span> <span class='ocrx_word' id='word_1_418' title='bbox 1905 1646 2064 1684; x_wconf 89' lang='lat' dir='ltr'>moritur</span> <span class='ocrx_word' id='word_1_419' title='bbox 2092 1647 2162 1684; x_wconf 91' lang='lat' dir='ltr'>nisi</span> <span class='ocrx_word' id='word_1_420' title='bbox 2186 1647 2340 1696; x_wconf 85' lang='lat' dir='ltr'>propria</span> <span class='ocrx_word' id='word_1_421' title='bbox 2359 1640 2555 1685; x_wconf 54' lang='lat' dir='ltr'>Uolum</span> 
     </span>
     <span class='ocr_line' id='line_1_62' title="bbox 1496 1699 1705 1748; baseline 0 -12"><span class='ocrx_word' id='word_1_422' title='bbox 1496 1699 1705 1748; x_wconf 87' lang='lat' dir='ltr'>peccando.</span> 
     </span>
    </p>
   </div>
   <div class='ocr_carea' id='block_1_8' title="bbox 1549 1805 2064 1838">
    <p class='ocr_par' dir='ltr' id='par_1_11' title="bbox 1549 1805 2064 1838">
     <span class='ocr_line' id='line_1_63' title="bbox 1549 1805 2064 1838; baseline -0.002 -9"><span class='ocrx_word' id='word_1_423' title='bbox 1549 1805 1571 1838; x_wconf 86' lang='grc' dir='ltr'>ε)</span> <span class='ocrx_word' id='word_1_424' title='bbox 1592 1806 1717 1830; x_wconf 83' lang='lat' dir='ltr'>volenter.</span> <span class='ocrx_word' id='word_1_425' title='bbox 1735 1818 1754 1824; x_wconf 92' lang='lat'><em>-</em></span> <span class='ocrx_word' id='word_1_426' title='bbox 1773 1806 1900 1830; x_wconf 84' lang='lat' dir='ltr'>violenter</span> <span class='ocrx_word' id='word_1_427' title='bbox 1919 1805 1976 1829; x_wconf 87' lang='lat' dir='ltr'>PsD</span> <span class='ocrx_word' id='word_1_428' title='bbox 1996 1809 2021 1829; x_wconf 85' lang='lat' dir='ltr'>et</span> <span class='ocrx_word' id='word_1_429' title='bbox 2038 1812 2064 1829; x_wconf 81' lang='lat' dir='ltr'>a.</span> 
     </span>
    </p>
   </div>
   <div class='ocr_carea' id='block_1_9' title="bbox 356 1890 1880 1944">
    <p class='ocr_par' dir='ltr' id='par_1_12' title="bbox 356 1890 1880 1944">
     <span class='ocr_line' id='line_1_64' title="bbox 356 1890 1880 1944; baseline 0.001 -3"><span class='ocrx_word' id='word_1_430' title='bbox 356 1915 374 1927; x_wconf 83' lang='lat'><strong>·</strong></span> <span class='ocrx_word' id='word_1_431' title='bbox 1051 1909 1384 1942; x_wconf 62' lang='lat' dir='ltr'>commentam-ia.</span> <span class='ocrx_word' id='word_1_432' title='bbox 1406 1908 1656 1944; x_wconf 77' lang='lat' dir='ltr'>Cardinalis</span> <span class='ocrx_word' id='word_1_433' title='bbox 1679 1890 1880 1944; x_wconf 72' lang='lat' dir='ltr'>Caietam·</span> 
     </span>
    </p>
   </div>
   <div class='ocr_carea' id='block_1_10' title="bbox 377 1983 1444 3562">
    <p class='ocr_par' dir='ltr' id='par_1_13' title="bbox 379 1983 1444 2420">
     <span class='ocr_line' id='line_1_65' title="bbox 393 1983 1443 2025; baseline 0 -11"><span class='ocrx_word' id='word_1_434' title='bbox 393 1987 401 1992; x_wconf 82' lang='lat'><strong>‘</strong></span> <span class='ocrx_word' id='word_1_435' title='bbox 411 1995 430 2015; x_wconf 77' lang='lat' dir='ltr'>N</span> <span class='ocrx_word' id='word_1_436' title='bbox 446 1983 577 2014; x_wconf 90' lang='lat' dir='ltr'>articulo</span> <span class='ocrx_word' id='word_1_437' title='bbox 590 1989 702 2014; x_wconf 86' lang='lat' dir='ltr'>octavo</span> <span class='ocrx_word' id='word_1_438' title='bbox 716 1983 857 2013; x_wconf 90' lang='lat' dir='ltr'>eiusdem</span> <span class='ocrx_word' id='word_1_439' title='bbox 868 1983 1225 2025; x_wconf 83' lang='lat' dir='ltr'>septuagesimaetertiae</span> <span class='ocrx_word' id='word_1_440' title='bbox 1238 1984 1443 2024; x_wconf 86' lang='lat' dir='ltr'>quaestionis,</span> 
     </span>
     <span class='ocr_line' id='line_1_66' title="bbox 383 1993 1443 2068; baseline 0.001 -11"><span class='ocrx_word' id='word_1_441' title='bbox 383 1993 546 2059; x_wconf 81' lang='lat' dir='ltr'>Idubium</span> <span class='ocrx_word' id='word_1_442' title='bbox 565 2027 700 2058; x_wconf 91' lang='lat' dir='ltr'>occurrit</span> <span class='ocrx_word' id='word_1_443' title='bbox 721 2037 757 2057; x_wconf 88' lang='lat' dir='ltr'>ex</span> <span class='ocrx_word' id='word_1_444' title='bbox 773 2027 881 2057; x_wconf 85' lang='lat' dir='ltr'>multis</span> <span class='ocrx_word' id='word_1_445' title='bbox 904 2027 984 2058; x_wconf 90' lang='lat' dir='ltr'>inter</span> <span class='ocrx_word' id='word_1_446' title='bbox 1004 2028 1246 2068; x_wconf 82' lang='lat' dir='ltr'>responsionem</span> <span class='ocrx_word' id='word_1_447' title='bbox 1262 2028 1301 2058; x_wconf 85' lang='lat' dir='ltr'>ad</span> <span class='ocrx_word' id='word_1_448' title='bbox 1315 2028 1443 2059; x_wconf 89' lang='lat' dir='ltr'>tertium</span> 
     </span>
     <span class='ocr_line' id='line_1_67' title="bbox 381 2071 1442 2112; baseline -0.002 -8"><span class='ocrx_word' id='word_1_449' title='bbox 381 2080 411 2104; x_wconf 90' lang='lat' dir='ltr'>et</span> <span class='ocrx_word' id='word_1_450' title='bbox 433 2073 576 2103; x_wconf 87' lang='lat' dir='ltr'>membra</span> <span class='ocrx_word' id='word_1_451' title='bbox 600 2071 810 2102; x_wconf 88' lang='lat' dir='ltr'>distinctionis</span> <span class='ocrx_word' id='word_1_452' title='bbox 833 2071 866 2101; x_wconf 91' lang='lat' dir='ltr'>in</span> <span class='ocrx_word' id='word_1_453' title='bbox 891 2081 1024 2112; x_wconf 89' lang='lat' dir='ltr'>corpore</span> <span class='ocrx_word' id='word_1_454' title='bbox 1047 2071 1178 2102; x_wconf 80' lang='lat' dir='ltr'>articuli.</span> <span class='ocrx_word' id='word_1_455' title='bbox 1200 2072 1385 2108; x_wconf 89' lang='lat' dir='ltr'>Procurans,</span> <span class='ocrx_word' id='word_1_456' title='bbox 1409 2072 1442 2102; x_wconf 92' lang='lat' dir='ltr'>in</span> 
     </span>
     <span class='ocr_line' id='line_1_68' title="bbox 380 2114 1443 2158; baseline -0.001 -11"><span class='ocrx_word' id='word_1_457' title='bbox 380 2116 500 2158; x_wconf 90' lang='lat' dir='ltr'>primis,</span> <span class='ocrx_word' id='word_1_458' title='bbox 526 2125 718 2146; x_wconf 89' lang='lat' dir='ltr'>consensum</span> <span class='ocrx_word' id='word_1_459' title='bbox 737 2114 969 2152; x_wconf 86' lang='lat' dir='ltr'>fornicationis,</span> <span class='ocrx_word' id='word_1_460' title='bbox 994 2116 1036 2146; x_wconf 91' lang='lat' dir='ltr'>ita</span> <span class='ocrx_word' id='word_1_461' title='bbox 1055 2115 1188 2146; x_wconf 90' lang='lat' dir='ltr'>intendit</span> <span class='ocrx_word' id='word_1_462' title='bbox 1212 2123 1443 2147; x_wconf 88' lang='lat' dir='ltr'>nocumentum</span> 
     </span>
     <span class='ocr_line' id='line_1_69' title="bbox 380 2159 1442 2200; baseline -0.001 -9"><span class='ocrx_word' id='word_1_463' title='bbox 380 2161 460 2191; x_wconf 90' lang='lat' dir='ltr'>sicut</span> <span class='ocrx_word' id='word_1_464' title='bbox 479 2160 539 2190; x_wconf 89' lang='lat' dir='ltr'>fur.</span> <span class='ocrx_word' id='word_1_465' title='bbox 565 2159 649 2196; x_wconf 91' lang='lat' dir='ltr'>Quia</span> <span class='ocrx_word' id='word_1_466' title='bbox 673 2165 727 2190; x_wconf 87' lang='lat' dir='ltr'>aut</span> <span class='ocrx_word' id='word_1_467' title='bbox 743 2165 789 2189; x_wconf 89' lang='lat' dir='ltr'>est</span> <span class='ocrx_word' id='word_1_468' title='bbox 805 2169 909 2189; x_wconf 89' lang='lat' dir='ltr'>sermo</span> <span class='ocrx_word' id='word_1_469' title='bbox 934 2159 972 2190; x_wconf 91' lang='lat' dir='ltr'>de</span> <span class='ocrx_word' id='word_1_470' title='bbox 990 2169 1045 2200; x_wconf 89' lang='lat' dir='ltr'>per</span> <span class='ocrx_word' id='word_1_471' title='bbox 1061 2169 1092 2190; x_wconf 87' lang='lat' dir='ltr'>se</span> <span class='ocrx_word' id='word_1_472' title='bbox 1109 2159 1212 2200; x_wconf 90' lang='lat' dir='ltr'>primo</span> <span class='ocrx_word' id='word_1_473' title='bbox 1237 2160 1358 2190; x_wconf 92' lang='lat' dir='ltr'>intento</span> <span class='ocrx_word' id='word_1_474' title='bbox 1374 2167 1442 2191; x_wconf 89' lang='lat' dir='ltr'>tan-</span> 
     </span>
     <span class='ocr_line' id='line_1_70' title="bbox 379 2203 1442 2244; baseline -0.002 -8"><span class='ocrx_word' id='word_1_475' title='bbox 379 2212 463 2241; x_wconf 91' lang='lat' dir='ltr'>tum;</span> <span class='ocrx_word' id='word_1_476' title='bbox 484 2210 538 2234; x_wconf 84' lang='lat' dir='ltr'>aut</span> <span class='ocrx_word' id='word_1_477' title='bbox 554 2203 592 2233; x_wconf 91' lang='lat' dir='ltr'>de</span> <span class='ocrx_word' id='word_1_478' title='bbox 608 2203 712 2243; x_wconf 90' lang='lat' dir='ltr'>primo</span> <span class='ocrx_word' id='word_1_479' title='bbox 729 2209 759 2233; x_wconf 91' lang='lat' dir='ltr'>et</span> <span class='ocrx_word' id='word_1_480' title='bbox 775 2203 951 2233; x_wconf 91' lang='lat' dir='ltr'>necessario</span> <span class='ocrx_word' id='word_1_481' title='bbox 976 2210 1199 2244; x_wconf 87' lang='lat' dir='ltr'>consequente.</span> <span class='ocrx_word' id='word_1_482' title='bbox 1225 2204 1257 2234; x_wconf 91' lang='lat' dir='ltr'>Si</span> <span class='ocrx_word' id='word_1_483' title='bbox 1277 2204 1315 2234; x_wconf 91' lang='lat' dir='ltr'>de</span> <span class='ocrx_word' id='word_1_484' title='bbox 1335 2214 1390 2244; x_wconf 91' lang='lat' dir='ltr'>per</span> <span class='ocrx_word' id='word_1_485' title='bbox 1409 2212 1442 2234; x_wconf 90' lang='lat' dir='ltr'>se</span> 
     </span>
     <span class='ocr_line' id='line_1_71' title="bbox 379 2246 1443 2289; baseline -0.001 -10"><span class='ocrx_word' id='word_1_486' title='bbox 379 2249 484 2289; x_wconf 91' lang='lat' dir='ltr'>primo</span> <span class='ocrx_word' id='word_1_487' title='bbox 507 2253 646 2283; x_wconf 87' lang='lat' dir='ltr'>tanturn,</span> <span class='ocrx_word' id='word_1_488' title='bbox 671 2247 766 2277; x_wconf 88' lang='lat' dir='ltr'>etiam</span> <span class='ocrx_word' id='word_1_489' title='bbox 790 2246 840 2277; x_wconf 84' lang='lat' dir='ltr'>fur</span> <span class='ocrx_word' id='word_1_490' title='bbox 866 2257 931 2277; x_wconf 90' lang='lat' dir='ltr'>non</span> <span class='ocrx_word' id='word_1_491' title='bbox 954 2247 1088 2278; x_wconf 89' lang='lat' dir='ltr'>intendit</span> <span class='ocrx_word' id='word_1_492' title='bbox 1115 2249 1361 2287; x_wconf 84' lang='lat' dir='ltr'>nocumentum,</span> <span class='ocrx_word' id='word_1_493' title='bbox 1388 2248 1443 2278; x_wconf 89' lang='lat' dir='ltr'>sed</span> 
     </span>
     <span class='ocr_line' id='line_1_72' title="bbox 380 2291 1443 2327; baseline 0 -4"><span class='ocrx_word' id='word_1_494' title='bbox 380 2292 505 2324; x_wconf 78' lang='lat' dir='ltr'>utilitati</span> <span class='ocrx_word' id='word_1_495' title='bbox 528 2301 603 2322; x_wconf 89' lang='lat' dir='ltr'>suae</span> <span class='ocrx_word' id='word_1_496' title='bbox 627 2291 800 2327; x_wconf 86' lang='lat' dir='ltr'>consulere,</span> <span class='ocrx_word' id='word_1_497' title='bbox 825 2291 906 2322; x_wconf 87' lang='lat' dir='ltr'>sicut</span> <span class='ocrx_word' id='word_1_498' title='bbox 928 2291 980 2322; x_wconf 90' lang='lat' dir='ltr'>ille</span> <span class='ocrx_word' id='word_1_499' title='bbox 1006 2291 1213 2322; x_wconf 87' lang='lat' dir='ltr'>delectationi.</span> <span class='ocrx_word' id='word_1_500' title='bbox 1238 2291 1270 2322; x_wconf 91' lang='lat' dir='ltr'>Si</span> <span class='ocrx_word' id='word_1_501' title='bbox 1295 2292 1333 2322; x_wconf 87' lang='lat' dir='ltr'>de</span> <span class='ocrx_word' id='word_1_502' title='bbox 1355 2299 1443 2323; x_wconf 88' lang='lat' dir='ltr'>utro-</span> 
     </span>
     <span class='ocr_line' id='line_1_73' title="bbox 380 2335 1444 2378; baseline -0.001 -11"><span class='ocrx_word' id='word_1_503' title='bbox 380 2347 452 2378; x_wconf 88' lang='lat' dir='ltr'>que,</span> <span class='ocrx_word' id='word_1_504' title='bbox 475 2335 679 2366; x_wconf 89' lang='lat' dir='ltr'>manifestum</span> <span class='ocrx_word' id='word_1_505' title='bbox 699 2341 744 2365; x_wconf 90' lang='lat' dir='ltr'>est</span> <span class='ocrx_word' id='word_1_506' title='bbox 761 2335 849 2376; x_wconf 93' lang='lat' dir='ltr'>quod</span> <span class='ocrx_word' id='word_1_507' title='bbox 873 2335 1007 2365; x_wconf 86' lang='lat' dir='ltr'>suadens</span> <span class='ocrx_word' id='word_1_508' title='bbox 1027 2335 1120 2366; x_wconf 86' lang='lat' dir='ltr'>alicui</span> <span class='ocrx_word' id='word_1_509' title='bbox 1137 2335 1293 2372; x_wconf 89' lang='lat' dir='ltr'>fornicari,</span> <span class='ocrx_word' id='word_1_510' title='bbox 1310 2336 1444 2367; x_wconf 86' lang='lat' dir='ltr'>intendit</span> 
     </span>
     <span class='ocr_line' id='line_1_74' title="bbox 380 2379 1308 2420; baseline -0.002 -8"><span class='ocrx_word' id='word_1_511' title='bbox 380 2386 609 2420; x_wconf 87' lang='lat' dir='ltr'>consequenter</span> <span class='ocrx_word' id='word_1_512' title='bbox 632 2386 865 2410; x_wconf 89' lang='lat' dir='ltr'>nocumentum</span> <span class='ocrx_word' id='word_1_513' title='bbox 888 2379 1057 2419; x_wconf 86' lang='lat' dir='ltr'>spiritualis</span> <span class='ocrx_word' id='word_1_514' title='bbox 1080 2380 1191 2410; x_wconf 90' lang='lat' dir='ltr'>mortis</span> <span class='ocrx_word' id='word_1_515' title='bbox 1215 2380 1308 2410; x_wconf 87' lang='lat' dir='ltr'>illius.</span> 
     </span>
    </p>

    <p class='ocr_par' dir='ltr' id='par_1_14' title="bbox 377 2423 1443 2684">
     <span class='ocr_line' id='line_1_75' title="bbox 434 2423 1442 2464; baseline 0.001 -11"><span class='ocrx_word' id='word_1_516' title='bbox 434 2425 508 2454; x_wconf 91' lang='lat' dir='ltr'>Non</span> <span class='ocrx_word' id='word_1_517' title='bbox 519 2429 632 2464; x_wconf 91' lang='lat' dir='ltr'>potest,</span> <span class='ocrx_word' id='word_1_518' title='bbox 645 2423 767 2459; x_wconf 89' lang='lat' dir='ltr'>deinde,</span> <span class='ocrx_word' id='word_1_519' title='bbox 781 2423 886 2463; x_wconf 88' lang='lat' dir='ltr'>negari</span> <span class='ocrx_word' id='word_1_520' title='bbox 899 2423 976 2464; x_wconf 91' lang='lat' dir='ltr'>quin</span> <span class='ocrx_word' id='word_1_521' title='bbox 989 2431 1219 2454; x_wconf 86' lang='lat' dir='ltr'>nocumentum</span> <span class='ocrx_word' id='word_1_522' title='bbox 1231 2424 1292 2454; x_wconf 88' lang='lat' dir='ltr'>tale</span> <span class='ocrx_word' id='word_1_523' title='bbox 1305 2423 1344 2455; x_wconf 92' lang='lat' dir='ltr'>sit</span> <span class='ocrx_word' id='word_1_524' title='bbox 1355 2434 1442 2464; x_wconf 85' lang='lat' dir='ltr'>prae-</span> 
     </span>
     <span class='ocr_line' id='line_1_76' title="bbox 378 2466 1442 2507; baseline -0.001 -8"><span class='ocrx_word' id='word_1_525' title='bbox 378 2469 483 2499; x_wconf 88' lang='lat' dir='ltr'>visum</span> <span class='ocrx_word' id='word_1_526' title='bbox 496 2469 534 2498; x_wconf 91' lang='lat' dir='ltr'>ab</span> <span class='ocrx_word' id='word_1_527' title='bbox 547 2467 731 2498; x_wconf 90' lang='lat' dir='ltr'>huiusmodi</span> <span class='ocrx_word' id='word_1_528' title='bbox 749 2468 966 2507; x_wconf 79' lang='lat' dir='ltr'>persuadente,</span> <span class='ocrx_word' id='word_1_529' title='bbox 980 2466 1061 2498; x_wconf 84' lang='lat' dir='ltr'>sicut</span> <span class='ocrx_word' id='word_1_530' title='bbox 1077 2474 1308 2498; x_wconf 88' lang='lat' dir='ltr'>nocumentum</span> <span class='ocrx_word' id='word_1_531' title='bbox 1319 2468 1442 2499; x_wconf 82' lang='lat' dir='ltr'>illatum</span> 
     </span>
     <span class='ocr_line' id='line_1_77' title="bbox 377 2512 1442 2552; baseline -0.001 -9"><span class='ocrx_word' id='word_1_532' title='bbox 377 2512 552 2543; x_wconf 79' lang='lat' dir='ltr'>‘seminibus</span> <span class='ocrx_word' id='word_1_533' title='bbox 572 2522 589 2541; x_wconf 89' lang='lat' dir='ltr'>a</span> <span class='ocrx_word' id='word_1_534' title='bbox 608 2517 787 2542; x_wconf 83' lang='lat' dir='ltr'>transeunte</span> <span class='ocrx_word' id='word_1_535' title='bbox 807 2521 862 2551; x_wconf 90' lang='lat' dir='ltr'>per</span> <span class='ocrx_word' id='word_1_536' title='bbox 881 2521 1009 2551; x_wconf 86' lang='lat' dir='ltr'>agrurn,</span> <span class='ocrx_word' id='word_1_537' title='bbox 1035 2512 1123 2552; x_wconf 92' lang='lat' dir='ltr'>quod</span> <span class='ocrx_word' id='word_1_538' title='bbox 1147 2518 1252 2542; x_wconf 82' lang='lat' dir='ltr'>tamen</span> <span class='ocrx_word' id='word_1_539' title='bbox 1277 2520 1442 2552; x_wconf 76' lang='lat' dir='ltr'>aggravare</span> 
     </span>
     <span class='ocr_line' id='line_1_78' title="bbox 379 2555 1443 2596; baseline -0.001 -9"><span class='ocrx_word' id='word_1_540' title='bbox 379 2557 492 2587; x_wconf 89' lang='lat' dir='ltr'>dicitur</span> <span class='ocrx_word' id='word_1_541' title='bbox 510 2556 541 2585; x_wconf 89' lang='lat' dir='ltr'>in</span> <span class='ocrx_word' id='word_1_542' title='bbox 562 2556 700 2586; x_wconf 91' lang='lat' dir='ltr'>secundo</span> <span class='ocrx_word' id='word_1_543' title='bbox 725 2555 884 2586; x_wconf 82' lang='lat' dir='ltr'>membro:</span> <span class='ocrx_word' id='word_1_544' title='bbox 908 2555 1010 2586; x_wconf 91' lang='lat' dir='ltr'>immo</span> <span class='ocrx_word' id='word_1_545' title='bbox 1034 2555 1115 2586; x_wconf 90' lang='lat' dir='ltr'>sicut</span> <span class='ocrx_word' id='word_1_546' title='bbox 1133 2563 1363 2587; x_wconf 86' lang='lat' dir='ltr'>nocumentum</span> <span class='ocrx_word' id='word_1_547' title='bbox 1386 2566 1443 2596; x_wconf 89' lang='lat' dir='ltr'>per</span> 
     </span>
     <span class='ocr_line' id='line_1_79' title="bbox 379 2599 1440 2640; baseline -0.001 -9"><span class='ocrx_word' id='word_1_548' title='bbox 379 2611 412 2631; x_wconf 90' lang='lat' dir='ltr'>se</span> <span class='ocrx_word' id='word_1_549' title='bbox 432 2609 629 2640; x_wconf 90' lang='lat' dir='ltr'>consequens</span> <span class='ocrx_word' id='word_1_550' title='bbox 653 2610 689 2630; x_wconf 87' lang='lat' dir='ltr'>ex</span> <span class='ocrx_word' id='word_1_551' title='bbox 713 2606 782 2631; x_wconf 91' lang='lat' dir='ltr'>actu</span> <span class='ocrx_word' id='word_1_552' title='bbox 807 2599 935 2640; x_wconf 90' lang='lat' dir='ltr'>peccati,</span> <span class='ocrx_word' id='word_1_553' title='bbox 960 2600 1049 2640; x_wconf 93' lang='lat' dir='ltr'>quod</span> <span class='ocrx_word' id='word_1_554' title='bbox 1074 2600 1187 2630; x_wconf 89' lang='lat' dir='ltr'>directe</span> <span class='ocrx_word' id='word_1_555' title='bbox 1210 2606 1375 2640; x_wconf 86' lang='lat' dir='ltr'>peccatum</span> <span class='ocrx_word' id='word_1_556' title='bbox 1390 2610 1440 2640; x_wconf 88' lang='lat' dir='ltr'>ag-</span> 
     </span>
     <span class='ocr_line' id='line_1_80' title="bbox 379 2643 1416 2684; baseline 0 -10"><span class='ocrx_word' id='word_1_557' title='bbox 379 2651 499 2684; x_wconf 86' lang='lat' dir='ltr'>gravat,</span> <span class='ocrx_word' id='word_1_558' title='bbox 525 2650 560 2674; x_wconf 90' lang='lat' dir='ltr'>ut</span> <span class='ocrx_word' id='word_1_559' title='bbox 583 2644 615 2674; x_wconf 91' lang='lat' dir='ltr'>in</span> <span class='ocrx_word' id='word_1_560' title='bbox 640 2644 776 2674; x_wconf 91' lang='lat' dir='ltr'>secunda</span> <span class='ocrx_word' id='word_1_561' title='bbox 801 2650 887 2684; x_wconf 88' lang='lat' dir='ltr'>parte</span> <span class='ocrx_word' id='word_1_562' title='bbox 912 2643 991 2674; x_wconf 89' lang='lat' dir='ltr'>tertii</span> <span class='ocrx_word' id='word_1_563' title='bbox 1016 2643 1150 2674; x_wconf 90' lang='lat' dir='ltr'>membri</span> <span class='ocrx_word' id='word_1_564' title='bbox 1175 2644 1296 2675; x_wconf 88' lang='lat' dir='ltr'>dicitur.</span> <span class='ocrx_word' id='word_1_565' title='bbox 1322 2644 1416 2684; x_wconf 89' lang='lat' dir='ltr'>Ergo.</span> 
     </span>
    </p>

    <p class='ocr_par' dir='ltr' id='par_1_15' title="bbox 378 2687 1440 3298">
     <span class='ocr_line' id='line_1_81' title="bbox 435 2687 1440 2728; baseline 0.001 -11"><span class='ocrx_word' id='word_1_566' title='bbox 435 2688 491 2718; x_wconf 89' lang='lat' dir='ltr'>Est</span> <span class='ocrx_word' id='word_1_567' title='bbox 514 2694 672 2727; x_wconf 89' lang='lat' dir='ltr'>praeterea</span> <span class='ocrx_word' id='word_1_568' title='bbox 697 2688 833 2718; x_wconf 86' lang='lat' dir='ltr'>secunda</span> <span class='ocrx_word' id='word_1_569' title='bbox 857 2687 936 2718; x_wconf 90' lang='lat' dir='ltr'>ratio</span> <span class='ocrx_word' id='word_1_570' title='bbox 959 2687 991 2717; x_wconf 92' lang='lat' dir='ltr'>in</span> <span class='ocrx_word' id='word_1_571' title='bbox 1017 2687 1127 2718; x_wconf 88' lang='lat' dir='ltr'>eadem</span> <span class='ocrx_word' id='word_1_572' title='bbox 1143 2688 1350 2728; x_wconf 88' lang='lat' dir='ltr'>responsione</span> <span class='ocrx_word' id='word_1_573' title='bbox 1366 2688 1440 2718; x_wconf 89' lang='lat' dir='ltr'>assi-</span> 
     </span>
     <span class='ocr_line' id='line_1_82' title="bbox 378 2731 1439 2773; baseline 0 -11"><span class='ocrx_word' id='word_1_574' title='bbox 378 2739 482 2773; x_wconf 89' lang='lat' dir='ltr'>gnata,</span> <span class='ocrx_word' id='word_1_575' title='bbox 507 2732 660 2762; x_wconf 85' lang='lat' dir='ltr'>contraria</span> <span class='ocrx_word' id='word_1_576' title='bbox 680 2742 764 2762; x_wconf 90' lang='lat' dir='ltr'>nunc</span> <span class='ocrx_word' id='word_1_577' title='bbox 783 2731 898 2762; x_wconf 90' lang='lat' dir='ltr'>ultimo</span> <span class='ocrx_word' id='word_1_578' title='bbox 914 2731 1008 2762; x_wconf 85' lang='lat' dir='ltr'>allato</span> <span class='ocrx_word' id='word_1_579' title='bbox 1024 2732 1168 2762; x_wconf 89' lang='lat' dir='ltr'>membro</span> <span class='ocrx_word' id='word_1_580' title='bbox 1186 2731 1392 2762; x_wconf 87' lang='lat' dir='ltr'>distinctionis</span> <span class='ocrx_word' id='word_1_581' title='bbox 1407 2731 1439 2762; x_wconf 89' lang='lat' dir='ltr'>in</span> 
     </span>
     <span class='ocr_line' id='line_1_83' title="bbox 379 2775 1440 2817; baseline -0.001 -10"><span class='ocrx_word' id='word_1_582' title='bbox 379 2785 522 2817; x_wconf 89' lang='lat' dir='ltr'>corpore,</span> <span class='ocrx_word' id='word_1_583' title='bbox 542 2776 597 2806; x_wconf 91' lang='lat' dir='ltr'>ubi</span> <span class='ocrx_word' id='word_1_584' title='bbox 614 2775 726 2806; x_wconf 89' lang='lat' dir='ltr'>dicitur</span> <span class='ocrx_word' id='word_1_585' title='bbox 745 2776 833 2816; x_wconf 92' lang='lat' dir='ltr'>quod</span> <span class='ocrx_word' id='word_1_586' title='bbox 849 2784 1070 2816; x_wconf 87' lang='lat' dir='ltr'>quaecumque</span> <span class='ocrx_word' id='word_1_587' title='bbox 1091 2786 1146 2816; x_wconf 92' lang='lat' dir='ltr'>per</span> <span class='ocrx_word' id='word_1_588' title='bbox 1162 2785 1194 2806; x_wconf 89' lang='lat' dir='ltr'>se</span> <span class='ocrx_word' id='word_1_589' title='bbox 1210 2782 1386 2817; x_wconf 92' lang='lat' dir='ltr'>sequuntur</span> <span class='ocrx_word' id='word_1_590' title='bbox 1400 2776 1440 2806; x_wconf 85' lang='lat' dir='ltr'>ad</span> 
     </span>
     <span class='ocr_line' id='line_1_84' title="bbox 379 2819 1437 2861; baseline -0.001 -10"><span class='ocrx_word' id='word_1_591' title='bbox 379 2826 554 2861; x_wconf 89' lang='lat' dir='ltr'>peccatum,</span> <span class='ocrx_word' id='word_1_592' title='bbox 578 2819 735 2860; x_wconf 89' lang='lat' dir='ltr'>pertinent</span> <span class='ocrx_word' id='word_1_593' title='bbox 754 2820 996 2859; x_wconf 90' lang='lat' dir='ltr'>quodammodo</span> <span class='ocrx_word' id='word_1_594' title='bbox 1020 2820 1059 2849; x_wconf 90' lang='lat' dir='ltr'>ad</span> <span class='ocrx_word' id='word_1_595' title='bbox 1083 2819 1186 2860; x_wconf 91' lang='lat' dir='ltr'>ipsam</span> <span class='ocrx_word' id='word_1_596' title='bbox 1206 2819 1343 2860; x_wconf 89' lang='lat' dir='ltr'>speciem</span> <span class='ocrx_word' id='word_1_597' title='bbox 1366 2829 1437 2860; x_wconf 88' lang='lat' dir='ltr'>pec·</span> 
     </span>
     <span class='ocr_line' id='line_1_85' title="bbox 379 2863 1439 2904; baseline 0 -10"><span class='ocrx_word' id='word_1_598' title='bbox 379 2864 448 2900; x_wconf 90' lang='lat' dir='ltr'>cati,</span> <span class='ocrx_word' id='word_1_599' title='bbox 473 2870 503 2894; x_wconf 90' lang='lat' dir='ltr'>et</span> <span class='ocrx_word' id='word_1_600' title='bbox 526 2871 693 2904; x_wconf 89' lang='lat' dir='ltr'>propterea</span> <span class='ocrx_word' id='word_1_601' title='bbox 716 2863 829 2894; x_wconf 91' lang='lat' dir='ltr'>directe</span> <span class='ocrx_word' id='word_1_602' title='bbox 853 2870 1021 2904; x_wconf 82' lang='lat' dir='ltr'>aggravant</span> <span class='ocrx_word' id='word_1_603' title='bbox 1045 2871 1219 2903; x_wconf 88' lang='lat' dir='ltr'>peccatum.</span> <span class='ocrx_word' id='word_1_604' title='bbox 1243 2864 1284 2894; x_wconf 94' lang='lat' dir='ltr'>Et</span> <span class='ocrx_word' id='word_1_605' title='bbox 1306 2864 1439 2894; x_wconf 87' lang='lat' dir='ltr'>intendit</span> 
     </span>
     <span class='ocr_line' id='line_1_86' title="bbox 379 2907 1438 2949; baseline 0 -11"><span class='ocrx_word' id='word_1_606' title='bbox 379 2911 500 2938; x_wconf 89' lang='lat' dir='ltr'>Auctor</span> <span class='ocrx_word' id='word_1_607' title='bbox 524 2908 618 2939; x_wconf 90' lang='lat' dir='ltr'>etiam</span> <span class='ocrx_word' id='word_1_608' title='bbox 636 2908 674 2938; x_wconf 91' lang='lat' dir='ltr'>de</span> <span class='ocrx_word' id='word_1_609' title='bbox 698 2907 964 2947; x_wconf 89' lang='lat' dir='ltr'>consequentibus</span> <span class='ocrx_word' id='word_1_610' title='bbox 987 2916 1052 2937; x_wconf 94' lang='lat' dir='ltr'>non</span> <span class='ocrx_word' id='word_1_611' title='bbox 1078 2907 1250 2949; x_wconf 83' lang='lat' dir='ltr'>efficaciter,</span> <span class='ocrx_word' id='word_1_612' title='bbox 1275 2908 1330 2938; x_wconf 87' lang='lat' dir='ltr'>sed</span> <span class='ocrx_word' id='word_1_613' title='bbox 1353 2907 1438 2938; x_wconf 87' lang='lat' dir='ltr'>suffi-</span> 
     </span>
     <span class='ocr_line' id='line_1_87' title="bbox 378 2951 1439 2993; baseline -0.001 -10"><span class='ocrx_word' id='word_1_614' title='bbox 378 2953 493 2983; x_wconf 90' lang='lat' dir='ltr'>cienter</span> <span class='ocrx_word' id='word_1_615' title='bbox 516 2958 673 2993; x_wconf 89' lang='lat' dir='ltr'>quantum</span> <span class='ocrx_word' id='word_1_616' title='bbox 697 2957 743 2981; x_wconf 92' lang='lat' dir='ltr'>est</span> <span class='ocrx_word' id='word_1_617' title='bbox 766 2961 802 2981; x_wconf 86' lang='lat' dir='ltr'>ex</span> <span class='ocrx_word' id='word_1_618' title='bbox 819 2956 905 2991; x_wconf 87' lang='lat' dir='ltr'>parte</span> <span class='ocrx_word' id='word_1_619' title='bbox 927 2951 1060 2990; x_wconf 89' lang='lat' dir='ltr'>agentis:</span> <span class='ocrx_word' id='word_1_620' title='bbox 1082 2958 1117 2982; x_wconf 93' lang='lat' dir='ltr'>ut</span> <span class='ocrx_word' id='word_1_621' title='bbox 1133 2958 1218 2991; x_wconf 90' lang='lat' dir='ltr'>patet</span> <span class='ocrx_word' id='word_1_622' title='bbox 1237 2951 1269 2982; x_wconf 90' lang='lat' dir='ltr'>in</span> <span class='ocrx_word' id='word_1_623' title='bbox 1293 2951 1439 2992; x_wconf 88' lang='lat' dir='ltr'>exemplo</span> 
     </span>
     <span class='ocr_line' id='line_1_88' title="bbox 379 2994 1439 3036; baseline 0.001 -11"><span class='ocrx_word' id='word_1_624' title='bbox 379 2997 417 3026; x_wconf 91' lang='lat' dir='ltr'>de</span> <span class='ocrx_word' id='word_1_625' title='bbox 442 2996 600 3026; x_wconf 89' lang='lat' dir='ltr'>scandalo.</span> <span class='ocrx_word' id='word_1_626' title='bbox 625 2994 656 3026; x_wconf 91' lang='lat' dir='ltr'>Si</span> <span class='ocrx_word' id='word_1_627' title='bbox 682 2995 766 3025; x_wconf 89' lang='lat' dir='ltr'>enim</span> <span class='ocrx_word' id='word_1_628' title='bbox 790 2994 851 3025; x_wconf 91' lang='lat' dir='ltr'>hoc</span> <span class='ocrx_word' id='word_1_629' title='bbox 875 3000 921 3025; x_wconf 88' lang='lat' dir='ltr'>est</span> <span class='ocrx_word' id='word_1_630' title='bbox 944 3004 1064 3030; x_wconf 90' lang='lat' dir='ltr'>verum,</span> <span class='ocrx_word' id='word_1_631' title='bbox 1090 2995 1233 3035; x_wconf 91' lang='lat' dir='ltr'>sequitur</span> <span class='ocrx_word' id='word_1_632' title='bbox 1255 2996 1343 3036; x_wconf 90' lang='lat' dir='ltr'>quod</span> <span class='ocrx_word' id='word_1_633' title='bbox 1366 3005 1439 3035; x_wconf 90' lang='lat' dir='ltr'>pro-</span> 
     </span>
     <span class='ocr_line' id='line_1_89' title="bbox 379 3038 1438 3079; baseline 0 -9"><span class='ocrx_word' id='word_1_634' title='bbox 379 3048 490 3070; x_wconf 88' lang='lat' dir='ltr'>curans</span> <span class='ocrx_word' id='word_1_635' title='bbox 514 3039 758 3070; x_wconf 86' lang='lat' dir='ltr'>fornicationem</span> <span class='ocrx_word' id='word_1_636' title='bbox 781 3044 964 3079; x_wconf 83' lang='lat' dir='ltr'>aggravetur</span> <span class='ocrx_word' id='word_1_637' title='bbox 989 3038 1102 3070; x_wconf 87' lang='lat' dir='ltr'>directe</span> <span class='ocrx_word' id='word_1_638' title='bbox 1119 3049 1155 3069; x_wconf 85' lang='lat' dir='ltr'>ex</span> <span class='ocrx_word' id='word_1_639' title='bbox 1170 3046 1272 3070; x_wconf 90' lang='lat' dir='ltr'>morte</span> <span class='ocrx_word' id='word_1_640' title='bbox 1287 3039 1438 3079; x_wconf 78' lang='lat' dir='ltr'>spirituali</span> 
     </span>
     <span class='ocr_line' id='line_1_90' title="bbox 379 3082 1437 3124; baseline 0.001 -11"><span class='ocrx_word' id='word_1_641' title='bbox 379 3083 517 3114; x_wconf 87' lang='lat' dir='ltr'>alterius:</span> <span class='ocrx_word' id='word_1_642' title='bbox 538 3083 691 3124; x_wconf 86' lang='lat' dir='ltr'>quoniam</span> <span class='ocrx_word' id='word_1_643' title='bbox 708 3093 764 3123; x_wconf 90' lang='lat' dir='ltr'>per</span> <span class='ocrx_word' id='word_1_644' title='bbox 780 3092 812 3113; x_wconf 90' lang='lat' dir='ltr'>se</span> <span class='ocrx_word' id='word_1_645' title='bbox 829 3082 1033 3123; x_wconf 87' lang='lat' dir='ltr'>consequitur</span> <span class='ocrx_word' id='word_1_646' title='bbox 1054 3083 1093 3112; x_wconf 91' lang='lat' dir='ltr'>ad</span> <span class='ocrx_word' id='word_1_647' title='bbox 1109 3083 1176 3113; x_wconf 86' lang='lat' dir='ltr'>eius</span> <span class='ocrx_word' id='word_1_648' title='bbox 1192 3090 1358 3124; x_wconf 88' lang='lat' dir='ltr'>peccatum</span> <span class='ocrx_word' id='word_1_649' title='bbox 1374 3083 1437 3114; x_wconf 87' lang='lat' dir='ltr'>suf-</span> 
     </span>
     <span class='ocr_line' id='line_1_91' title="bbox 378 3126 1438 3168; baseline 0.001 -11"><span class='ocrx_word' id='word_1_650' title='bbox 378 3126 516 3157; x_wconf 88' lang='lat' dir='ltr'>ficienter</span> <span class='ocrx_word' id='word_1_651' title='bbox 539 3134 695 3168; x_wconf 86' lang='lat' dir='ltr'>quantum</span> <span class='ocrx_word' id='word_1_652' title='bbox 719 3133 765 3157; x_wconf 90' lang='lat' dir='ltr'>est</span> <span class='ocrx_word' id='word_1_653' title='bbox 789 3137 825 3157; x_wconf 85' lang='lat' dir='ltr'>ex</span> <span class='ocrx_word' id='word_1_654' title='bbox 849 3132 935 3167; x_wconf 89' lang='lat' dir='ltr'>parte</span> <span class='ocrx_word' id='word_1_655' title='bbox 958 3126 1172 3167; x_wconf 83' lang='lat' dir='ltr'>procurantis,</span> <span class='ocrx_word' id='word_1_656' title='bbox 1198 3127 1342 3168; x_wconf 89' lang='lat' dir='ltr'>quamvis</span> <span class='ocrx_word' id='word_1_657' title='bbox 1373 3137 1438 3158; x_wconf 90' lang='lat' dir='ltr'>non</span> 
     </span>
     <span class='ocr_line' id='line_1_92' title="bbox 380 3169 1438 3212; baseline 0.002 -12"><span class='ocrx_word' id='word_1_658' title='bbox 380 3169 551 3201; x_wconf 89' lang='lat' dir='ltr'>efficaciter.</span> <span class='ocrx_word' id='word_1_659' title='bbox 576 3171 616 3202; x_wconf 88' lang='lat' dir='ltr'>Et</span> <span class='ocrx_word' id='word_1_660' title='bbox 639 3171 663 3201; x_wconf 92' lang='lat' dir='ltr'>si</span> <span class='ocrx_word' id='word_1_661' title='bbox 688 3181 774 3201; x_wconf 90' lang='lat' dir='ltr'>mors</span> <span class='ocrx_word' id='word_1_662' title='bbox 790 3171 847 3201; x_wconf 87' lang='lat' dir='ltr'>ista</span> <span class='ocrx_word' id='word_1_663' title='bbox 864 3169 1033 3210; x_wconf 88' lang='lat' dir='ltr'>spiritualis</span> <span class='ocrx_word' id='word_1_664' title='bbox 1049 3181 1115 3201; x_wconf 93' lang='lat' dir='ltr'>non</span> <span class='ocrx_word' id='word_1_665' title='bbox 1134 3171 1310 3211; x_wconf 90' lang='lat' dir='ltr'>imputatur</span> <span class='ocrx_word' id='word_1_666' title='bbox 1326 3181 1438 3212; x_wconf 91' lang='lat' dir='ltr'>procu-</span> 
     </span>
     <span class='ocr_line' id='line_1_93' title="bbox 379 3214 1437 3255; baseline 0.002 -12"><span class='ocrx_word' id='word_1_667' title='bbox 379 3214 473 3244; x_wconf 91' lang='lat' dir='ltr'>ratori</span> <span class='ocrx_word' id='word_1_668' title='bbox 489 3214 551 3250; x_wconf 88' lang='lat' dir='ltr'>tali,</span> <span class='ocrx_word' id='word_1_669' title='bbox 576 3215 742 3255; x_wconf 90' lang='lat' dir='ltr'>quomodo</span> <span class='ocrx_word' id='word_1_670' title='bbox 764 3214 947 3245; x_wconf 91' lang='lat' dir='ltr'>scandalum</span> <span class='ocrx_word' id='word_1_671' title='bbox 964 3224 1029 3244; x_wconf 92' lang='lat' dir='ltr'>non</span> <span class='ocrx_word' id='word_1_672' title='bbox 1053 3215 1232 3255; x_wconf 87' lang='lat' dir='ltr'>praevisum</span> <span class='ocrx_word' id='word_1_673' title='bbox 1257 3225 1313 3246; x_wconf 92' lang='lat' dir='ltr'>nec</span> <span class='ocrx_word' id='word_1_674' title='bbox 1336 3215 1437 3246; x_wconf 88' lang='lat' dir='ltr'>inten-</span> 
     </span>
     <span class='ocr_line' id='line_1_94' title="bbox 378 3256 1047 3298; baseline 0 -10"><span class='ocrx_word' id='word_1_675' title='bbox 378 3264 458 3293; x_wconf 88' lang='lat' dir='ltr'>tum,</span> <span class='ocrx_word' id='word_1_676' title='bbox 482 3257 688 3297; x_wconf 90' lang='lat' dir='ltr'>imputabitur</span> <span class='ocrx_word' id='word_1_677' title='bbox 711 3257 876 3289; x_wconf 84' lang='lat' dir='ltr'>fornicanti</span> <span class='ocrx_word' id='word_1_678' title='bbox 900 3256 1047 3298; x_wconf 85' lang='lat' dir='ltr'>publice?</span> 
     </span>
    </p>

    <p class='ocr_par' dir='ltr' id='par_1_16' title="bbox 378 3301 1436 3562">
     <span class='ocr_line' id='line_1_95' title="bbox 435 3301 1436 3343; baseline 0.003 -13"><span class='ocrx_word' id='word_1_679' title='bbox 435 3301 470 3330; x_wconf 90' lang='lat' dir='ltr'>Il.</span> <span class='ocrx_word' id='word_1_680' title='bbox 497 3302 547 3330; x_wconf 86' lang='lat' dir='ltr'>Ad</span> <span class='ocrx_word' id='word_1_681' title='bbox 571 3301 757 3332; x_wconf 84' lang='lat' dir='ltr'>evidentiam</span> <span class='ocrx_word' id='word_1_682' title='bbox 781 3302 911 3338; x_wconf 89' lang='lat' dir='ltr'>horum,</span> <span class='ocrx_word' id='word_1_683' title='bbox 937 3302 1101 3333; x_wconf 88' lang='lat' dir='ltr'>sciendum</span> <span class='ocrx_word' id='word_1_684' title='bbox 1128 3309 1174 3333; x_wconf 86' lang='lat' dir='ltr'>est</span> <span class='ocrx_word' id='word_1_685' title='bbox 1201 3303 1306 3343; x_wconf 89' lang='lat' dir='ltr'>quod,</span> <span class='ocrx_word' id='word_1_686' title='bbox 1335 3306 1371 3333; x_wconf 89' lang='lat' dir='ltr'>ut</span> <span class='ocrx_word' id='word_1_687' title='bbox 1400 3312 1436 3333; x_wconf 82' lang='lat' dir='ltr'>ex</span> 
     </span>
     <span class='ocr_line' id='line_1_96' title="bbox 378 3345 1434 3386; baseline 0.003 -12"><span class='ocrx_word' id='word_1_688' title='bbox 378 3345 634 3384; x_wconf 88' lang='lat' dir='ltr'>praecedentibus</span> <span class='ocrx_word' id='word_1_689' title='bbox 650 3346 786 3376; x_wconf 87' lang='lat' dir='ltr'>articulis</span> <span class='ocrx_word' id='word_1_690' title='bbox 800 3346 817 3365; x_wconf 91' lang='lat'><em>*</em></span> <span class='ocrx_word' id='word_1_691' title='bbox 841 3353 934 3386; x_wconf 89' lang='lat' dir='ltr'>patet,</span> <span class='ocrx_word' id='word_1_692' title='bbox 951 3346 1084 3386; x_wconf 82' lang='lat' dir='ltr'>gravitas</span> <span class='ocrx_word' id='word_1_693' title='bbox 1102 3347 1221 3386; x_wconf 89' lang='lat' dir='ltr'>peccati</span> <span class='ocrx_word' id='word_1_694' title='bbox 1244 3353 1291 3377; x_wconf 88' lang='lat' dir='ltr'>est</span> <span class='ocrx_word' id='word_1_695' title='bbox 1309 3346 1434 3386; x_wconf 84' lang='lat' dir='ltr'>duplex.</span> 
     </span>
     <span class='ocr_line' id='line_1_97' title="bbox 379 3388 1433 3431; baseline 0.004 -14"><span class='ocrx_word' id='word_1_696' title='bbox 379 3388 544 3424; x_wconf 84' lang='lat' dir='ltr'>Quaedam</span> <span class='ocrx_word' id='word_1_697' title='bbox 561 3389 783 3419; x_wconf 84' lang='lat' dir='ltr'>substantialis:</span> <span class='ocrx_word' id='word_1_698' title='bbox 800 3397 830 3420; x_wconf 91' lang='lat' dir='ltr'>et</span> <span class='ocrx_word' id='word_1_699' title='bbox 846 3390 903 3420; x_wconf 89' lang='lat' dir='ltr'>ista</span> <span class='ocrx_word' id='word_1_700' title='bbox 921 3390 1090 3421; x_wconf 91' lang='lat' dir='ltr'>attenditur</span> <span class='ocrx_word' id='word_1_701' title='bbox 1105 3400 1201 3430; x_wconf 89' lang='lat' dir='ltr'>penes</span> <span class='ocrx_word' id='word_1_702' title='bbox 1217 3400 1272 3431; x_wconf 90' lang='lat' dir='ltr'>per</span> <span class='ocrx_word' id='word_1_703' title='bbox 1284 3400 1317 3421; x_wconf 88' lang='lat' dir='ltr'>se</span> <span class='ocrx_word' id='word_1_704' title='bbox 1329 3390 1433 3431; x_wconf 90' lang='lat' dir='ltr'>primo</span> 
     </span>
     <span class='ocr_line' id='line_1_98' title="bbox 378 3431 1435 3471; baseline 0.003 -10"><span class='ocrx_word' id='word_1_705' title='bbox 378 3431 548 3462; x_wconf 90' lang='lat' dir='ltr'>obiectum.</span> <span class='ocrx_word' id='word_1_706' title='bbox 574 3432 614 3461; x_wconf 91' lang='lat' dir='ltr'>Et</span> <span class='ocrx_word' id='word_1_707' title='bbox 633 3433 787 3471; x_wconf 87' lang='lat' dir='ltr'>quaedam</span> <span class='ocrx_word' id='word_1_708' title='bbox 808 3433 887 3463; x_wconf 88' lang='lat' dir='ltr'>circa</span> <span class='ocrx_word' id='word_1_709' title='bbox 903 3434 1122 3465; x_wconf 87' lang='lat' dir='ltr'>substantiam:</span> <span class='ocrx_word' id='word_1_710' title='bbox 1148 3441 1178 3465; x_wconf 90' lang='lat' dir='ltr'>et</span> <span class='ocrx_word' id='word_1_711' title='bbox 1196 3434 1273 3465; x_wconf 88' lang='lat' dir='ltr'>haec</span> <span class='ocrx_word' id='word_1_712' title='bbox 1293 3441 1339 3465; x_wconf 89' lang='lat' dir='ltr'>est</span> <span class='ocrx_word' id='word_1_713' title='bbox 1354 3435 1435 3464; x_wconf 91' lang='lat' dir='ltr'>mul-</span> 
     </span>
     <span class='ocr_line' id='line_1_99' title="bbox 378 3475 1433 3518; baseline 0.004 -13"><span class='ocrx_word' id='word_1_714' title='bbox 378 3475 492 3515; x_wconf 85' lang='lat' dir='ltr'>tiplex;</span> <span class='ocrx_word' id='word_1_715' title='bbox 524 3485 597 3505; x_wconf 91' lang='lat' dir='ltr'>nam</span> <span class='ocrx_word' id='word_1_716' title='bbox 621 3476 776 3515; x_wconf 88' lang='lat' dir='ltr'>quaedam</span> <span class='ocrx_word' id='word_1_717' title='bbox 807 3477 1010 3517; x_wconf 91' lang='lat' dir='ltr'>consequitur</span> <span class='ocrx_word' id='word_1_718' title='bbox 1042 3478 1154 3508; x_wconf 90' lang='lat' dir='ltr'>directe</span> <span class='ocrx_word' id='word_1_719' title='bbox 1183 3479 1222 3508; x_wconf 91' lang='lat' dir='ltr'>ad</span> <span class='ocrx_word' id='word_1_720' title='bbox 1253 3485 1433 3518; x_wconf 89' lang='lat' dir='ltr'>peccatum,</span> 
     </span>
     <span class='ocr_line' id='line_1_100' title="bbox 378 3519 1436 3562; baseline 0.003 -13"><span class='ocrx_word' id='word_1_721' title='bbox 378 3519 535 3559; x_wconf 85' lang='lat' dir='ltr'>quaedam</span> <span class='ocrx_word' id='word_1_722' title='bbox 558 3519 719 3554; x_wconf 89' lang='lat' dir='ltr'>indirecte;</span> <span class='ocrx_word' id='word_1_723' title='bbox 745 3520 901 3559; x_wconf 88' lang='lat' dir='ltr'>quaedam</span> <span class='ocrx_word' id='word_1_724' title='bbox 925 3521 1114 3560; x_wconf 88' lang='lat' dir='ltr'>supervenit,</span> <span class='ocrx_word' id='word_1_725' title='bbox 1135 3522 1291 3562; x_wconf 84' lang='lat' dir='ltr'>quaedam</span> <span class='ocrx_word' id='word_1_726' title='bbox 1308 3522 1436 3552; x_wconf 89' lang='lat' dir='ltr'>comita-</span> 
     </span>
    </p>
   </div>
   <div class='ocr_carea' id='block_1_11' title="bbox 1489 1984 2559 3561">
    <p class='ocr_par' dir='ltr' id='par_1_17' title="bbox 1494 1984 2559 2376">
     <span class='ocr_line' id='line_1_101' title="bbox 1495 1984 2559 2025; baseline 0.002 -10"><span class='ocrx_word' id='word_1_727' title='bbox 1495 1991 1559 2020; x_wconf 89' lang='lat' dir='ltr'>tur;</span> <span class='ocrx_word' id='word_1_728' title='bbox 1571 1990 1601 2015; x_wconf 86' lang='lat' dir='ltr'>et</span> <span class='ocrx_word' id='word_1_729' title='bbox 1615 1984 1733 2020; x_wconf 87' lang='lat' dir='ltr'>multis,</span> <span class='ocrx_word' id='word_1_730' title='bbox 1746 1985 1888 2021; x_wconf 89' lang='lat' dir='ltr'>breviter,</span> <span class='ocrx_word' id='word_1_731' title='bbox 1900 1984 2004 2015; x_wconf 88' lang='lat' dir='ltr'>modis</span> <span class='ocrx_word' id='word_1_732' title='bbox 2017 1984 2159 2015; x_wconf 81' lang='lat' dir='ltr'>accidens</span> <span class='ocrx_word' id='word_1_733' title='bbox 2173 1985 2306 2025; x_wconf 78' lang='lat' dir='ltr'>gravitas</span> <span class='ocrx_word' id='word_1_734' title='bbox 2318 1985 2463 2022; x_wconf 73' lang='lat' dir='ltr'>variatur,</span> <span class='ocrx_word' id='word_1_735' title='bbox 2475 1985 2559 2018; x_wconf 80' lang='lat' dir='ltr'>sicut</span> 
     </span>
     <span class='ocr_line' id='line_1_102' title="bbox 1496 2028 2556 2070; baseline 0.003 -12"><span class='ocrx_word' id='word_1_736' title='bbox 1496 2034 1596 2059; x_wconf 86' lang='lat' dir='ltr'>cetera</span> <span class='ocrx_word' id='word_1_737' title='bbox 1619 2029 1799 2059; x_wconf 87' lang='lat' dir='ltr'>accidentia.</span> <span class='ocrx_word' id='word_1_738' title='bbox 1826 2029 1860 2058; x_wconf 91' lang='lat' dir='ltr'>In</span> <span class='ocrx_word' id='word_1_739' title='bbox 1883 2028 2049 2069; x_wconf 84' lang='lat' dir='ltr'>proposito</span> <span class='ocrx_word' id='word_1_740' title='bbox 2079 2035 2201 2065; x_wconf 86' lang='lat' dir='ltr'>autem,</span> <span class='ocrx_word' id='word_1_741' title='bbox 2231 2028 2305 2070; x_wconf 81' lang='lat' dir='ltr'>quia</span> <span class='ocrx_word' id='word_1_742' title='bbox 2333 2035 2556 2069; x_wconf 70' lang='lat' dir='ltr'>argumentum</span> 
     </span>
     <span class='ocr_line' id='line_1_103' title="bbox 1495 2072 2554 2114; baseline 0.003 -12"><span class='ocrx_word' id='word_1_743' title='bbox 1495 2073 1623 2103; x_wconf 88' lang='lat' dir='ltr'>tertium</span> <span class='ocrx_word' id='word_1_744' title='bbox 1646 2072 1798 2103; x_wconf 89' lang='lat' dir='ltr'>inferebat</span> <span class='ocrx_word' id='word_1_745' title='bbox 1821 2073 1920 2113; x_wconf 86' lang='lat' dir='ltr'>quod,</span> <span class='ocrx_word' id='word_1_746' title='bbox 1945 2073 1970 2103; x_wconf 89' lang='lat' dir='ltr'>si</span> <span class='ocrx_word' id='word_1_747' title='bbox 1991 2079 2223 2104; x_wconf 81' lang='lat' dir='ltr'>nocumentum</span> <span class='ocrx_word' id='word_1_748' title='bbox 2239 2073 2341 2104; x_wconf 85' lang='lat' dir='ltr'>maius</span> <span class='ocrx_word' id='word_1_749' title='bbox 2365 2080 2554 2114; x_wconf 72' lang='lat' dir='ltr'>aggravaret,</span> 
     </span>
     <span class='ocr_line' id='line_1_104' title="bbox 1496 2116 2556 2158; baseline 0.003 -12"><span class='ocrx_word' id='word_1_750' title='bbox 1496 2117 1586 2156; x_wconf 90' lang='lat' dir='ltr'>quod</span> <span class='ocrx_word' id='word_1_751' title='bbox 1609 2116 1779 2147; x_wconf 85' lang='lat' dir='ltr'>fornicator</span> <span class='ocrx_word' id='word_1_752' title='bbox 1802 2117 2002 2156; x_wconf 87' lang='lat' dir='ltr'>procurando</span> <span class='ocrx_word' id='word_1_753' title='bbox 2025 2117 2149 2157; x_wconf 86' lang='lat' dir='ltr'>gravius</span> <span class='ocrx_word' id='word_1_754' title='bbox 2173 2124 2316 2157; x_wconf 81' lang='lat' dir='ltr'>peccaret</span> <span class='ocrx_word' id='word_1_755' title='bbox 2338 2127 2436 2158; x_wconf 86' lang='lat' dir='ltr'>quam</span> <span class='ocrx_word' id='word_1_756' title='bbox 2449 2117 2556 2149; x_wconf 82' lang='lat' dir='ltr'>homi-</span> 
     </span>
     <span class='ocr_line' id='line_1_105' title="bbox 1497 2152 2555 2201; baseline 0.003 -11"><span class='ocrx_word' id='word_1_757' title='bbox 1497 2159 1577 2197; x_wconf 88' lang='lat' dir='ltr'>cida;</span> <span class='ocrx_word' id='word_1_758' title='bbox 1595 2168 1817 2200; x_wconf 83' lang='lat' dir='ltr'>argumentum</span> <span class='ocrx_word' id='word_1_759' title='bbox 1834 2167 1942 2201; x_wconf 88' lang='lat' dir='ltr'>peccat</span> <span class='ocrx_word' id='word_1_760' title='bbox 1957 2161 1975 2191; x_wconf 84' lang='lat' dir='ltr'>a</span> <span class='ocrx_word' id='word_1_761' title='bbox 1990 2158 2139 2201; x_wconf 79' lang='lat' dir='ltr'>gravitate</span> <span class='ocrx_word' id='word_1_762' title='bbox 2153 2161 2193 2191; x_wconf 89' lang='lat' dir='ltr'>ad</span> <span class='ocrx_word' id='word_1_763' title='bbox 2211 2160 2394 2201; x_wconf 85' lang='lat' dir='ltr'>gravitatem</span> <span class='ocrx_word' id='word_1_764' title='bbox 2410 2152 2555 2195; x_wconf 70' lang='lat' dir='ltr'>substan-</span> 
     </span>
     <span class='ocr_line' id='line_1_106' title="bbox 1496 2203 2553 2245; baseline 0.003 -11"><span class='ocrx_word' id='word_1_765' title='bbox 1496 2204 1615 2235; x_wconf 84' lang='lat' dir='ltr'>tialem:</span> <span class='ocrx_word' id='word_1_766' title='bbox 1632 2211 1692 2235; x_wconf 89' lang='lat' dir='ltr'>stat</span> <span class='ocrx_word' id='word_1_767' title='bbox 1704 2204 1788 2234; x_wconf 85' lang='lat' dir='ltr'>enim</span> <span class='ocrx_word' id='word_1_768' title='bbox 1803 2205 1891 2245; x_wconf 93' lang='lat' dir='ltr'>quod</span> <span class='ocrx_word' id='word_1_769' title='bbox 1903 2208 2068 2245; x_wconf 88' lang='lat' dir='ltr'>peccatum</span> <span class='ocrx_word' id='word_1_770' title='bbox 2081 2203 2194 2236; x_wconf 83' lang='lat' dir='ltr'>inferat</span> <span class='ocrx_word' id='word_1_771' title='bbox 2205 2205 2308 2236; x_wconf 87' lang='lat' dir='ltr'>maius</span> <span class='ocrx_word' id='word_1_772' title='bbox 2321 2206 2553 2238; x_wconf 63' lang='lat' dir='ltr'>nocumentum*</span> 
     </span>
     <span class='ocr_line' id='line_1_107' title="bbox 1496 2245 2551 2288; baseline 0.002 -10"><span class='ocrx_word' id='word_1_773' title='bbox 1496 2255 1562 2279; x_wconf 88' lang='lat' dir='ltr'>non</span> <span class='ocrx_word' id='word_1_774' title='bbox 1578 2248 1829 2284; x_wconf 81' lang='lat' dir='ltr'>substantialiter,</span> <span class='ocrx_word' id='word_1_775' title='bbox 1846 2255 1876 2279; x_wconf 91' lang='lat' dir='ltr'>et</span> <span class='ocrx_word' id='word_1_776' title='bbox 1886 2248 1931 2279; x_wconf 74' lang='lat' dir='ltr'>&#39;sit</span> <span class='ocrx_word' id='word_1_777' title='bbox 1949 2248 2056 2279; x_wconf 87' lang='lat' dir='ltr'>minus</span> <span class='ocrx_word' id='word_1_778' title='bbox 2071 2245 2430 2288; x_wconf 72' lang='lat' dir='ltr'>gravesubstantialiter.</span> <span class='ocrx_word' id='word_1_779' title='bbox 2451 2246 2493 2281; x_wconf 59' lang='lat' dir='ltr'>Et</span> <span class='ocrx_word' id='word_1_780' title='bbox 2505 2248 2551 2280; x_wconf 62' lang='lat' dir='ltr'>fle</span> 
     </span>
     <span class='ocr_line' id='line_1_108' title="bbox 1495 2292 2555 2333; baseline 0.003 -11"><span class='ocrx_word' id='word_1_781' title='bbox 1495 2298 1542 2323; x_wconf 90' lang='lat' dir='ltr'>est</span> <span class='ocrx_word' id='word_1_782' title='bbox 1559 2292 1592 2322; x_wconf 90' lang='lat' dir='ltr'>in</span> <span class='ocrx_word' id='word_1_783' title='bbox 1608 2292 1789 2332; x_wconf 87' lang='lat' dir='ltr'>proposito:</span> <span class='ocrx_word' id='word_1_784' title='bbox 1814 2293 1889 2333; x_wconf 86' lang='lat' dir='ltr'>quia</span> <span class='ocrx_word' id='word_1_785' title='bbox 1908 2292 2086 2329; x_wconf 86' lang='lat' dir='ltr'>fornicatio,</span> <span class='ocrx_word' id='word_1_786' title='bbox 2105 2293 2199 2324; x_wconf 78' lang='lat' dir='ltr'>etiam</span> <span class='ocrx_word' id='word_1_787' title='bbox 2215 2298 2392 2333; x_wconf 80' lang='lat' dir='ltr'>procurata,</span> <span class='ocrx_word' id='word_1_788' title='bbox 2409 2293 2555 2325; x_wconf 60' lang='lat' dir='ltr'>substans</span> 
     </span>
     <span class='ocr_line' id='line_1_109' title="bbox 1494 2336 2504 2376; baseline 0.003 -10"><span class='ocrx_word' id='word_1_789' title='bbox 1494 2336 1607 2367; x_wconf 84' lang='lat' dir='ltr'>tialiter</span> <span class='ocrx_word' id='word_1_790' title='bbox 1630 2346 1696 2366; x_wconf 91' lang='lat' dir='ltr'>non</span> <span class='ocrx_word' id='word_1_791' title='bbox 1719 2337 1844 2376; x_wconf 89' lang='lat' dir='ltr'>respicit</span> <span class='ocrx_word' id='word_1_792' title='bbox 1867 2343 2115 2373; x_wconf 88' lang='lat' dir='ltr'>nocumentum;</span> <span class='ocrx_word' id='word_1_793' title='bbox 2138 2336 2299 2368; x_wconf 80' lang='lat' dir='ltr'>homicida</span> <span class='ocrx_word' id='word_1_794' title='bbox 2321 2344 2428 2368; x_wconf 82' lang='lat' dir='ltr'>autem</span> <span class='ocrx_word' id='word_1_795' title='bbox 2451 2337 2504 2369; x_wconf 75' lang='lat' dir='ltr'>sic.</span> 
     </span>
    </p>

    <p class='ocr_par' dir='ltr' id='par_1_18' title="bbox 1491 2380 2556 3123">
     <span class='ocr_line' id='line_1_110' title="bbox 1551 2380 2553 2422; baseline 0.002 -12"><span class='ocrx_word' id='word_1_796' title='bbox 1551 2380 1602 2411; x_wconf 79' lang='grc' dir='ltr'><strong>ΙΙΙ.</strong></span> <span class='ocrx_word' id='word_1_797' title='bbox 1620 2380 1711 2411; x_wconf 89' lang='lat' dir='ltr'>Unde</span> <span class='ocrx_word' id='word_1_798' title='bbox 1726 2381 1765 2410; x_wconf 86' lang='lat' dir='ltr'>ad</span> <span class='ocrx_word' id='word_1_799' title='bbox 1782 2381 1918 2421; x_wconf 89' lang='lat' dir='ltr'>primam</span> <span class='ocrx_word' id='word_1_800' title='bbox 1943 2380 2154 2412; x_wconf 86' lang='lat' dir='ltr'>obiectionem</span> <span class='ocrx_word' id='word_1_801' title='bbox 2170 2380 2188 2398; x_wconf 67' lang='lat'>⁴*</span> <span class='ocrx_word' id='word_1_802' title='bbox 2212 2381 2326 2412; x_wconf 89' lang='lat' dir='ltr'>dicitur</span> <span class='ocrx_word' id='word_1_803' title='bbox 2341 2381 2430 2422; x_wconf 89' lang='lat' dir='ltr'>quod</span> <span class='ocrx_word' id='word_1_804' title='bbox 2449 2391 2553 2413; x_wconf 86' lang='lat' dir='ltr'>sermo</span> 
     </span>
     <span class='ocr_line' id='line_1_111' title="bbox 1496 2424 2554 2466; baseline 0.002 -12"><span class='ocrx_word' id='word_1_805' title='bbox 1496 2431 1542 2455; x_wconf 88' lang='lat' dir='ltr'>est</span> <span class='ocrx_word' id='word_1_806' title='bbox 1566 2424 1603 2454; x_wconf 92' lang='lat' dir='ltr'>de</span> <span class='ocrx_word' id='word_1_807' title='bbox 1627 2434 1683 2464; x_wconf 91' lang='lat' dir='ltr'>per</span> <span class='ocrx_word' id='word_1_808' title='bbox 1706 2435 1739 2454; x_wconf 89' lang='lat' dir='ltr'>se</span> <span class='ocrx_word' id='word_1_809' title='bbox 1762 2424 1866 2464; x_wconf 90' lang='lat' dir='ltr'>primo</span> <span class='ocrx_word' id='word_1_810' title='bbox 1895 2424 2017 2455; x_wconf 88' lang='lat' dir='ltr'>intento</span> <span class='ocrx_word' id='word_1_811' title='bbox 2041 2435 2059 2455; x_wconf 91' lang='lat' dir='ltr'>a</span> <span class='ocrx_word' id='word_1_812' title='bbox 2082 2432 2229 2465; x_wconf 90' lang='lat' dir='ltr'>peccante</span> <span class='ocrx_word' id='word_1_813' title='bbox 2253 2431 2289 2456; x_wconf 90' lang='lat' dir='ltr'>ut</span> <span class='ocrx_word' id='word_1_814' title='bbox 2312 2425 2372 2462; x_wconf 86' lang='lat' dir='ltr'>sic,</span> <span class='ocrx_word' id='word_1_815' title='bbox 2396 2425 2485 2466; x_wconf 91' lang='lat' dir='ltr'>quod</span> <span class='ocrx_word' id='word_1_816' title='bbox 2508 2431 2554 2456; x_wconf 80' lang='lat' dir='ltr'>est</span> 
     </span>
     <span class='ocr_line' id='line_1_112' title="bbox 1495 2467 2553 2509; baseline 0.002 -11"><span class='ocrx_word' id='word_1_817' title='bbox 1495 2468 1655 2499; x_wconf 88' lang='lat' dir='ltr'>obiectum</span> <span class='ocrx_word' id='word_1_818' title='bbox 1675 2467 1759 2499; x_wconf 91' lang='lat' dir='ltr'>unde</span> <span class='ocrx_word' id='word_1_819' title='bbox 1783 2468 1984 2499; x_wconf 89' lang='lat' dir='ltr'>constituitur</span> <span class='ocrx_word' id='word_1_820' title='bbox 2007 2468 2039 2498; x_wconf 86' lang='lat' dir='ltr'>in</span> <span class='ocrx_word' id='word_1_821' title='bbox 2062 2469 2166 2508; x_wconf 88' lang='lat' dir='ltr'>specie</span> <span class='ocrx_word' id='word_1_822' title='bbox 2189 2475 2219 2499; x_wconf 92' lang='lat' dir='ltr'>et</span> <span class='ocrx_word' id='word_1_823' title='bbox 2238 2468 2434 2500; x_wconf 85' lang='lat' dir='ltr'>substantiali</span> <span class='ocrx_word' id='word_1_824' title='bbox 2454 2468 2553 2509; x_wconf 80' lang='lat' dir='ltr'>gravi-</span> 
     </span>
     <span class='ocr_line' id='line_1_113' title="bbox 1494 2511 2550 2552; baseline 0.001 -10"><span class='ocrx_word' id='word_1_825' title='bbox 1494 2519 1556 2543; x_wconf 91' lang='lat' dir='ltr'>tate</span> <span class='ocrx_word' id='word_1_826' title='bbox 1580 2518 1754 2552; x_wconf 89' lang='lat' dir='ltr'>peccatum.</span> <span class='ocrx_word' id='word_1_827' title='bbox 1780 2513 1872 2543; x_wconf 89' lang='lat' dir='ltr'>Unde</span> <span class='ocrx_word' id='word_1_828' title='bbox 1894 2522 1950 2552; x_wconf 92' lang='lat' dir='ltr'>per</span> <span class='ocrx_word' id='word_1_829' title='bbox 1973 2521 2005 2542; x_wconf 92' lang='lat' dir='ltr'>se</span> <span class='ocrx_word' id='word_1_830' title='bbox 2029 2512 2132 2552; x_wconf 91' lang='lat' dir='ltr'>primo</span> <span class='ocrx_word' id='word_1_831' title='bbox 2155 2512 2314 2543; x_wconf 89' lang='lat' dir='ltr'>intentum</span> <span class='ocrx_word' id='word_1_832' title='bbox 2338 2511 2415 2543; x_wconf 84' lang='lat' dir='ltr'>furis</span> <span class='ocrx_word' id='word_1_833' title='bbox 2438 2519 2475 2543; x_wconf 93' lang='lat' dir='ltr'>ut</span> <span class='ocrx_word' id='word_1_834' title='bbox 2497 2513 2550 2550; x_wconf 87' lang='lat' dir='ltr'>sic,</span> 
     </span>
     <span class='ocr_line' id='line_1_114' title="bbox 1495 2555 2552 2599; baseline 0.001 -13"><span class='ocrx_word' id='word_1_835' title='bbox 1495 2566 1560 2587; x_wconf 89' lang='lat' dir='ltr'>non</span> <span class='ocrx_word' id='word_1_836' title='bbox 1585 2562 1631 2586; x_wconf 90' lang='lat' dir='ltr'>est</span> <span class='ocrx_word' id='word_1_837' title='bbox 1654 2556 1769 2587; x_wconf 88' lang='lat' dir='ltr'>utilitas</span> <span class='ocrx_word' id='word_1_838' title='bbox 1784 2556 1911 2596; x_wconf 88' lang='lat' dir='ltr'>propria</span> <span class='ocrx_word' id='word_1_839' title='bbox 1935 2555 2020 2599; x_wconf 89' lang='lat' dir='ltr'>(licet</span> <span class='ocrx_word' id='word_1_840' title='bbox 2038 2556 2114 2587; x_wconf 85' lang='lat' dir='ltr'>haec</span> <span class='ocrx_word' id='word_1_841' title='bbox 2130 2556 2169 2587; x_wconf 82' lang='lat' dir='ltr'>sit</span> <span class='ocrx_word' id='word_1_842' title='bbox 2184 2556 2332 2596; x_wconf 78' lang='lat' dir='ltr'>primaria</span> <span class='ocrx_word' id='word_1_843' title='bbox 2346 2557 2479 2587; x_wconf 87' lang='lat' dir='ltr'>intentio</span> <span class='ocrx_word' id='word_1_844' title='bbox 2495 2556 2552 2587; x_wconf 83' lang='lat' dir='ltr'>ho-</span> 
     </span>
     <span class='ocr_line' id='line_1_115' title="bbox 1495 2599 2552 2642; baseline 0.002 -12"><span class='ocrx_word' id='word_1_845' title='bbox 1495 2599 1588 2631; x_wconf 89' lang='lat' dir='ltr'>minis</span> <span class='ocrx_word' id='word_1_846' title='bbox 1604 2600 1659 2640; x_wconf 92' lang='lat' dir='ltr'>qui</span> <span class='ocrx_word' id='word_1_847' title='bbox 1676 2599 1820 2642; x_wconf 89' lang='lat' dir='ltr'>furatur),</span> <span class='ocrx_word' id='word_1_848' title='bbox 1838 2601 1892 2630; x_wconf 89' lang='lat' dir='ltr'>sed</span> <span class='ocrx_word' id='word_1_849' title='bbox 1908 2607 1954 2631; x_wconf 91' lang='lat' dir='ltr'>est</span> <span class='ocrx_word' id='word_1_850' title='bbox 1969 2610 2016 2630; x_wconf 89' lang='lat' dir='ltr'>res</span> <span class='ocrx_word' id='word_1_851' title='bbox 2036 2600 2154 2637; x_wconf 87' lang='lat' dir='ltr'>aliena,</span> <span class='ocrx_word' id='word_1_852' title='bbox 2179 2600 2259 2631; x_wconf 88' lang='lat' dir='ltr'>sicut</span> <span class='ocrx_word' id='word_1_853' title='bbox 2274 2600 2418 2632; x_wconf 83' lang='lat' dir='ltr'>adulterii</span> <span class='ocrx_word' id='word_1_854' title='bbox 2437 2601 2552 2632; x_wconf 79' lang='lat' dir='ltr'>mulier</span> 
     </span>
     <span class='ocr_line' id='line_1_116' title="bbox 1495 2644 2552 2684; baseline 0.001 -9"><span class='ocrx_word' id='word_1_855' title='bbox 1495 2644 1608 2675; x_wconf 85' lang='lat' dir='ltr'>aliena:</span> <span class='ocrx_word' id='word_1_856' title='bbox 1634 2644 1687 2674; x_wconf 91' lang='lat' dir='ltr'>ubi</span> <span class='ocrx_word' id='word_1_857' title='bbox 1711 2644 1875 2675; x_wconf 89' lang='lat' dir='ltr'>manifeste</span> <span class='ocrx_word' id='word_1_858' title='bbox 1899 2651 1984 2684; x_wconf 90' lang='lat' dir='ltr'>patet</span> <span class='ocrx_word' id='word_1_859' title='bbox 2007 2644 2161 2674; x_wconf 89' lang='lat' dir='ltr'>damnum</span> <span class='ocrx_word' id='word_1_860' title='bbox 2183 2645 2233 2675; x_wconf 88' lang='lat' dir='ltr'>vel</span> <span class='ocrx_word' id='word_1_861' title='bbox 2256 2644 2403 2675; x_wconf 85' lang='lat' dir='ltr'>iniuriam</span> <span class='ocrx_word' id='word_1_862' title='bbox 2427 2644 2552 2676; x_wconf 84' lang='lat' dir='ltr'>alterius</span> 
     </span>
     <span class='ocr_line' id='line_1_117' title="bbox 1494 2687 2552 2729; baseline 0 -10"><span class='ocrx_word' id='word_1_863' title='bbox 1494 2688 1602 2719; x_wconf 89' lang='lat' dir='ltr'>cadere</span> <span class='ocrx_word' id='word_1_864' title='bbox 1619 2688 1677 2718; x_wconf 91' lang='lat' dir='ltr'>sub</span> <span class='ocrx_word' id='word_1_865' title='bbox 1693 2688 1840 2728; x_wconf 90' lang='lat' dir='ltr'>primaria</span> <span class='ocrx_word' id='word_1_866' title='bbox 1858 2688 2032 2719; x_wconf 90' lang='lat' dir='ltr'>intentione</span> <span class='ocrx_word' id='word_1_867' title='bbox 2049 2687 2221 2728; x_wconf 86' lang='lat' dir='ltr'>peccantis;</span> <span class='ocrx_word' id='word_1_868' title='bbox 2243 2688 2389 2729; x_wconf 90' lang='lat' dir='ltr'>quamvis</span> <span class='ocrx_word' id='word_1_869' title='bbox 2406 2688 2552 2720; x_wconf 82' lang='lat' dir='ltr'>directius</span> 
     </span>
     <span class='ocr_line' id='line_1_118' title="bbox 1493 2731 2552 2772; baseline 0.001 -10"><span class='ocrx_word' id='word_1_870' title='bbox 1493 2739 1524 2762; x_wconf 93' lang='lat' dir='ltr'>et</span> <span class='ocrx_word' id='word_1_871' title='bbox 1546 2731 1670 2772; x_wconf 88' lang='lat' dir='ltr'>gravius</span> <span class='ocrx_word' id='word_1_872' title='bbox 1690 2733 1748 2762; x_wconf 90' lang='lat' dir='ltr'>sub</span> <span class='ocrx_word' id='word_1_873' title='bbox 1765 2732 1938 2763; x_wconf 91' lang='lat' dir='ltr'>intentione</span> <span class='ocrx_word' id='word_1_874' title='bbox 1955 2731 2032 2762; x_wconf 90' lang='lat' dir='ltr'>furis</span> <span class='ocrx_word' id='word_1_875' title='bbox 2049 2732 2171 2762; x_wconf 88' lang='lat' dir='ltr'>caderet</span> <span class='ocrx_word' id='word_1_876' title='bbox 2187 2739 2427 2768; x_wconf 88' lang='lat' dir='ltr'>nocumentum,</span> <span class='ocrx_word' id='word_1_877' title='bbox 2445 2732 2470 2762; x_wconf 87' lang='lat' dir='ltr'>si</span> <span class='ocrx_word' id='word_1_878' title='bbox 2486 2737 2552 2763; x_wconf 75' lang='lat' dir='ltr'>non</span> 
     </span>
     <span class='ocr_line' id='line_1_119' title="bbox 1493 2775 2556 2816; baseline 0.001 -10"><span class='ocrx_word' id='word_1_879' title='bbox 1493 2777 1534 2806; x_wconf 91' lang='lat' dir='ltr'>ob</span> <span class='ocrx_word' id='word_1_880' title='bbox 1551 2776 1713 2816; x_wconf 89' lang='lat' dir='ltr'>propriam</span> <span class='ocrx_word' id='word_1_881' title='bbox 1729 2776 1907 2812; x_wconf 80' lang='lat' dir='ltr'>utilitatem,</span> <span class='ocrx_word' id='word_1_882' title='bbox 1928 2776 1981 2806; x_wconf 88' lang='lat' dir='ltr'>sed</span> <span class='ocrx_word' id='word_1_883' title='bbox 1998 2775 2103 2806; x_wconf 88' lang='lat' dir='ltr'>solum</span> <span class='ocrx_word' id='word_1_884' title='bbox 2122 2783 2156 2806; x_wconf 91' lang='lat' dir='ltr'>ut</span> <span class='ocrx_word' id='word_1_885' title='bbox 2171 2782 2283 2807; x_wconf 86' lang='lat' dir='ltr'>noceat</span> <span class='ocrx_word' id='word_1_886' title='bbox 2301 2776 2388 2807; x_wconf 86' lang='lat' dir='ltr'>alteri</span> <span class='ocrx_word' id='word_1_887' title='bbox 2411 2776 2444 2806; x_wconf 91' lang='lat' dir='ltr'>in</span> <span class='ocrx_word' id='word_1_888' title='bbox 2459 2775 2556 2807; x_wconf 76' lang='lat' dir='ltr'>bonis</span> 
     </span>
     <span class='ocr_line' id='line_1_120' title="bbox 1492 2819 2551 2860; baseline 0.001 -10"><span class='ocrx_word' id='word_1_889' title='bbox 1492 2819 1686 2855; x_wconf 87' lang='lat' dir='ltr'>huiusmodi,</span> <span class='ocrx_word' id='word_1_890' title='bbox 1710 2819 1844 2856; x_wconf 88' lang='lat' dir='ltr'>furetur;</span> <span class='ocrx_word' id='word_1_891' title='bbox 1861 2826 1937 2850; x_wconf 89' lang='lat' dir='ltr'>tunc</span> <span class='ocrx_word' id='word_1_892' title='bbox 1953 2819 2037 2850; x_wconf 89' lang='lat' dir='ltr'>enim</span> <span class='ocrx_word' id='word_1_893' title='bbox 2052 2819 2193 2860; x_wconf 91' lang='lat' dir='ltr'>undique</span> <span class='ocrx_word' id='word_1_894' title='bbox 2209 2826 2404 2852; x_wconf 87' lang='lat' dir='ltr'>nocumento</span> <span class='ocrx_word' id='word_1_895' title='bbox 2419 2820 2551 2860; x_wconf 74' lang='lat' dir='ltr'>plenum</span> 
     </span>
     <span class='ocr_line' id='line_1_121' title="bbox 1492 2863 2552 2902; baseline 0.002 -8"><span class='ocrx_word' id='word_1_896' title='bbox 1492 2870 1538 2894; x_wconf 88' lang='lat' dir='ltr'>est</span> <span class='ocrx_word' id='word_1_897' title='bbox 1561 2863 1692 2894; x_wconf 86' lang='lat' dir='ltr'>furtum.</span> <span class='ocrx_word' id='word_1_898' title='bbox 1716 2864 1790 2895; x_wconf 91' lang='lat' dir='ltr'>Non</span> <span class='ocrx_word' id='word_1_899' title='bbox 1806 2864 1850 2894; x_wconf 93' lang='lat' dir='ltr'>sic</span> <span class='ocrx_word' id='word_1_900' title='bbox 1866 2871 1973 2894; x_wconf 87' lang='lat' dir='ltr'>autem</span> <span class='ocrx_word' id='word_1_901' title='bbox 1989 2870 2035 2894; x_wconf 90' lang='lat' dir='ltr'>est</span> <span class='ocrx_word' id='word_1_902' title='bbox 2051 2864 2088 2894; x_wconf 90' lang='lat' dir='ltr'>de</span> <span class='ocrx_word' id='word_1_903' title='bbox 2104 2863 2165 2894; x_wconf 94' lang='lat' dir='ltr'>hoc</span> <span class='ocrx_word' id='word_1_904' title='bbox 2185 2864 2364 2895; x_wconf 86' lang='lat' dir='ltr'>fornicario.</span> <span class='ocrx_word' id='word_1_905' title='bbox 2389 2864 2552 2902; x_wconf 68' lang='lat' dir='ltr'>Quoniam</span> 
     </span>
     <span class='ocr_line' id='line_1_122' title="bbox 1492 2907 2550 2948; baseline 0.001 -10"><span class='ocrx_word' id='word_1_906' title='bbox 1492 2907 1653 2938; x_wconf 91' lang='lat' dir='ltr'>obiectum</span> <span class='ocrx_word' id='word_1_907' title='bbox 1677 2907 1744 2938; x_wconf 90' lang='lat' dir='ltr'>eius</span> <span class='ocrx_word' id='word_1_908' title='bbox 1765 2908 1849 2938; x_wconf 91' lang='lat' dir='ltr'>unde</span> <span class='ocrx_word' id='word_1_909' title='bbox 1868 2908 1962 2938; x_wconf 87' lang='lat' dir='ltr'>habet</span> <span class='ocrx_word' id='word_1_910' title='bbox 1978 2907 2116 2948; x_wconf 88' lang='lat' dir='ltr'>speciem</span> <span class='ocrx_word' id='word_1_911' title='bbox 2139 2915 2169 2938; x_wconf 92' lang='lat' dir='ltr'>et</span> <span class='ocrx_word' id='word_1_912' title='bbox 2189 2908 2428 2939; x_wconf 85' lang='lat' dir='ltr'>substantialem</span> <span class='ocrx_word' id='word_1_913' title='bbox 2450 2907 2550 2948; x_wconf 80' lang='lat' dir='ltr'>gravi-</span> 
     </span>
     <span class='ocr_line' id='line_1_123' title="bbox 1491 2949 2549 2987; baseline 0.001 -5"><span class='ocrx_word' id='word_1_914' title='bbox 1491 2958 1597 2987; x_wconf 91' lang='lat' dir='ltr'>tatem,</span> <span class='ocrx_word' id='word_1_915' title='bbox 1615 2958 1661 2982; x_wconf 90' lang='lat' dir='ltr'>est</span> <span class='ocrx_word' id='word_1_916' title='bbox 1677 2951 1791 2981; x_wconf 91' lang='lat' dir='ltr'>mulier</span> <span class='ocrx_word' id='word_1_917' title='bbox 1807 2961 1872 2981; x_wconf 91' lang='lat' dir='ltr'>non</span> <span class='ocrx_word' id='word_1_918' title='bbox 1892 2961 1949 2982; x_wconf 87' lang='lat' dir='ltr'>sua</span> <span class='ocrx_word' id='word_1_919' title='bbox 1971 2951 2119 2982; x_wconf 89' lang='lat' dir='ltr'>trahenda</span> <span class='ocrx_word' id='word_1_920' title='bbox 2140 2952 2179 2981; x_wconf 89' lang='lat' dir='ltr'>ad</span> <span class='ocrx_word' id='word_1_921' title='bbox 2195 2951 2412 2983; x_wconf 90' lang='lat' dir='ltr'>voluntarium</span> <span class='ocrx_word' id='word_1_922' title='bbox 2429 2949 2549 2983; x_wconf 77' lang='lat' dir='ltr'>coitum</span> 
     </span>
     <span class='ocr_line' id='line_1_124' title="bbox 1492 2994 2550 3036; baseline 0 -10"><span class='ocrx_word' id='word_1_923' title='bbox 1492 3002 1575 3026; x_wconf 86' lang='lat' dir='ltr'>extra</span> <span class='ocrx_word' id='word_1_924' title='bbox 1599 2995 1853 3025; x_wconf 87' lang='lat' dir='ltr'>matrimonium:</span> <span class='ocrx_word' id='word_1_925' title='bbox 1879 2995 1933 3025; x_wconf 88' lang='lat' dir='ltr'>ubi</span> <span class='ocrx_word' id='word_1_926' title='bbox 1957 3002 2042 3036; x_wconf 87' lang='lat' dir='ltr'>patet</span> <span class='ocrx_word' id='word_1_927' title='bbox 2063 3005 2128 3025; x_wconf 90' lang='lat' dir='ltr'>non</span> <span class='ocrx_word' id='word_1_928' title='bbox 2143 2995 2263 3026; x_wconf 91' lang='lat' dir='ltr'>intendi</span> <span class='ocrx_word' id='word_1_929' title='bbox 2280 3002 2343 3027; x_wconf 90' lang='lat' dir='ltr'>tam</span> <span class='ocrx_word' id='word_1_930' title='bbox 2364 2996 2402 3026; x_wconf 87' lang='lat' dir='ltr'>ab</span> <span class='ocrx_word' id='word_1_931' title='bbox 2418 2994 2550 3026; x_wconf 71' lang='lat' dir='ltr'>homine</span> 
     </span>
     <span class='ocr_line' id='line_1_125' title="bbox 1491 3038 2550 3081; baseline 0.001 -12"><span class='ocrx_word' id='word_1_932' title='bbox 1491 3046 1660 3080; x_wconf 89' lang='lat' dir='ltr'>quaerente</span> <span class='ocrx_word' id='word_1_933' title='bbox 1684 3039 1935 3075; x_wconf 82' lang='lat' dir='ltr'>delectationem,</span> <span class='ocrx_word' id='word_1_934' title='bbox 1961 3046 2058 3080; x_wconf 85' lang='lat' dir='ltr'>qu&#39;am</span> <span class='ocrx_word' id='word_1_935' title='bbox 2077 3050 2095 3069; x_wconf 90' lang='lat' dir='ltr'>a</span> <span class='ocrx_word' id='word_1_936' title='bbox 2115 3046 2262 3079; x_wconf 86' lang='lat' dir='ltr'>peccante</span> <span class='ocrx_word' id='word_1_937' title='bbox 2286 3046 2455 3081; x_wconf 83' lang='lat' dir='ltr'>quaerente</span> <span class='ocrx_word' id='word_1_938' title='bbox 2478 3038 2550 3070; x_wconf 66' lang='lat' dir='ltr'>effl-</span> 
     </span>
     <span class='ocr_line' id='line_1_126' title="bbox 1491 3083 2384 3123; baseline 0.001 -10"><span class='ocrx_word' id='word_1_939' title='bbox 1491 3084 1564 3114; x_wconf 90' lang='lat' dir='ltr'>dem</span> <span class='ocrx_word' id='word_1_940' title='bbox 1583 3083 1615 3113; x_wconf 90' lang='lat' dir='ltr'>in</span> <span class='ocrx_word' id='word_1_941' title='bbox 1639 3093 1705 3113; x_wconf 91' lang='lat' dir='ltr'>non</span> <span class='ocrx_word' id='word_1_942' title='bbox 1729 3093 1795 3119; x_wconf 88' lang='lat' dir='ltr'>sua,</span> <span class='ocrx_word' id='word_1_943' title='bbox 1816 3090 2047 3114; x_wconf 84' lang='lat' dir='ltr'>nocumentum</span> <span class='ocrx_word' id='word_1_944' title='bbox 2071 3083 2239 3123; x_wconf 87' lang='lat' dir='ltr'>spiritualis</span> <span class='ocrx_word' id='word_1_945' title='bbox 2262 3083 2384 3115; x_wconf 85' lang='lat' dir='ltr'>mortis.</span> 
     </span>
    </p>

    <p class='ocr_par' dir='ltr' id='par_1_19' title="bbox 1489 3127 2551 3475">
     <span class='ocr_line' id='line_1_127' title="bbox 1544 3127 2550 3168; baseline -0.001 -10"><span class='ocrx_word' id='word_1_946' title='bbox 1544 3127 1663 3158; x_wconf 91' lang='lat' dir='ltr'>Verum</span> <span class='ocrx_word' id='word_1_947' title='bbox 1682 3134 1787 3157; x_wconf 88' lang='lat' dir='ltr'>tamen</span> <span class='ocrx_word' id='word_1_948' title='bbox 1804 3134 1850 3157; x_wconf 91' lang='lat' dir='ltr'>est</span> <span class='ocrx_word' id='word_1_949' title='bbox 1865 3128 1963 3168; x_wconf 90' lang='lat' dir='ltr'>quod,</span> <span class='ocrx_word' id='word_1_950' title='bbox 1981 3127 2006 3157; x_wconf 89' lang='lat' dir='ltr'>si</span> <span class='ocrx_word' id='word_1_951' title='bbox 2023 3127 2091 3158; x_wconf 87' lang='lat' dir='ltr'>talis</span> <span class='ocrx_word' id='word_1_952' title='bbox 2107 3127 2281 3159; x_wconf 89' lang='lat' dir='ltr'>intenderet</span> <span class='ocrx_word' id='word_1_953' title='bbox 2295 3127 2368 3158; x_wconf 87' lang='lat' dir='ltr'>ideo</span> <span class='ocrx_word' id='word_1_954' title='bbox 2384 3127 2550 3158; x_wconf 79' lang='lat' dir='ltr'>mulierem</span> 
     </span>
     <span class='ocr_line' id='line_1_128' title="bbox 1491 3170 2550 3212; baseline 0 -12"><span class='ocrx_word' id='word_1_955' title='bbox 1491 3171 1529 3200; x_wconf 88' lang='lat' dir='ltr'>ad</span> <span class='ocrx_word' id='word_1_956' title='bbox 1553 3170 1795 3202; x_wconf 86' lang='lat' dir='ltr'>fornicationem</span> <span class='ocrx_word' id='word_1_957' title='bbox 1819 3181 2006 3211; x_wconf 87' lang='lat' dir='ltr'>provocare,</span> <span class='ocrx_word' id='word_1_958' title='bbox 2033 3178 2067 3202; x_wconf 94' lang='lat' dir='ltr'>ut</span> <span class='ocrx_word' id='word_1_959' title='bbox 2091 3178 2232 3212; x_wconf 88' lang='lat' dir='ltr'>peccaret</span> <span class='ocrx_word' id='word_1_960' title='bbox 2255 3171 2437 3208; x_wconf 81' lang='lat' dir='ltr'>mortaliter,</span> <span class='ocrx_word' id='word_1_961' title='bbox 2461 3170 2550 3212; x_wconf 79' lang='lat' dir='ltr'>quod</span> 
     </span>
     <span class='ocr_line' id='line_1_129' title="bbox 1489 3214 2551 3256; baseline 0 -12"><span class='ocrx_word' id='word_1_962' title='bbox 1489 3214 1613 3254; x_wconf 89' lang='lat' dir='ltr'>gravius</span> <span class='ocrx_word' id='word_1_963' title='bbox 1637 3222 1778 3255; x_wconf 89' lang='lat' dir='ltr'>peccaret</span> <span class='ocrx_word' id='word_1_964' title='bbox 1798 3225 1895 3255; x_wconf 89' lang='lat' dir='ltr'>quam</span> <span class='ocrx_word' id='word_1_965' title='bbox 1913 3215 2088 3246; x_wconf 87' lang='lat' dir='ltr'>homicida:</span> <span class='ocrx_word' id='word_1_966' title='bbox 2114 3215 2188 3256; x_wconf 90' lang='lat' dir='ltr'>quia</span> <span class='ocrx_word' id='word_1_967' title='bbox 2207 3215 2367 3246; x_wconf 81' lang='lat' dir='ltr'>obiectum</span> <span class='ocrx_word' id='word_1_968' title='bbox 2382 3214 2451 3246; x_wconf 86' lang='lat' dir='ltr'>talis</span> <span class='ocrx_word' id='word_1_969' title='bbox 2470 3220 2551 3245; x_wconf 88' lang='lat' dir='ltr'>esset</span> 
     </span>
     <span class='ocr_line' id='line_1_130' title="bbox 1489 3251 2551 3300; baseline 0 -12"><span class='ocrx_word' id='word_1_970' title='bbox 1489 3258 1595 3298; x_wconf 87' lang='lat' dir='ltr'>ipsum</span> <span class='ocrx_word' id='word_1_971' title='bbox 1619 3266 1850 3289; x_wconf 85' lang='lat' dir='ltr'>nocumentum</span> <span class='ocrx_word' id='word_1_972' title='bbox 1874 3259 1985 3290; x_wconf 88' lang='lat' dir='ltr'>mortis</span> <span class='ocrx_word' id='word_1_973' title='bbox 2001 3258 2170 3300; x_wconf 86' lang='lat' dir='ltr'>spiritualis</span> <span class='ocrx_word' id='word_1_974' title='bbox 2186 3259 2280 3290; x_wconf 88' lang='lat' dir='ltr'>illius.</span> <span class='ocrx_word' id='word_1_975' title='bbox 2305 3251 2370 3289; x_wconf 75' lang='lat' dir='ltr'>Nec</span> <span class='ocrx_word' id='word_1_976' title='bbox 2385 3258 2446 3288; x_wconf 92' lang='lat' dir='ltr'>hoc</span> <span class='ocrx_word' id='word_1_977' title='bbox 2470 3263 2551 3288; x_wconf 84' lang='lat' dir='ltr'>esset</span> 
     </span>
     <span class='ocr_line' id='line_1_131' title="bbox 1489 3301 2549 3343; baseline -0.001 -11"><span class='ocrx_word' id='word_1_978' title='bbox 1489 3309 1653 3342; x_wconf 84' lang='lat' dir='ltr'>peccatum</span> <span class='ocrx_word' id='word_1_979' title='bbox 1677 3302 1908 3333; x_wconf 85' lang='lat' dir='ltr'>fornicationis:</span> <span class='ocrx_word' id='word_1_980' title='bbox 1934 3303 1987 3333; x_wconf 91' lang='lat' dir='ltr'>sed</span> <span class='ocrx_word' id='word_1_981' title='bbox 2012 3310 2092 3334; x_wconf 88' lang='lat' dir='ltr'>esset</span> <span class='ocrx_word' id='word_1_982' title='bbox 2114 3303 2279 3343; x_wconf 78' lang='lat' dir='ltr'>peccatum</span> <span class='ocrx_word' id='word_1_983' title='bbox 2297 3301 2372 3338; x_wconf 80' lang='lat' dir='ltr'>odii,</span> <span class='ocrx_word' id='word_1_984' title='bbox 2387 3301 2438 3332; x_wconf 84' lang='lat' dir='ltr'>vel</span> <span class='ocrx_word' id='word_1_985' title='bbox 2462 3308 2549 3332; x_wconf 77' lang='lat' dir='ltr'>sean-</span> 
     </span>
     <span class='ocr_line' id='line_1_132' title="bbox 1489 3346 2548 3387; baseline 0 -11"><span class='ocrx_word' id='word_1_986' title='bbox 1489 3346 1551 3376; x_wconf 90' lang='lat' dir='ltr'>dali</span> <span class='ocrx_word' id='word_1_987' title='bbox 1575 3347 1676 3383; x_wconf 88' lang='lat' dir='ltr'>activi,</span> <span class='ocrx_word' id='word_1_988' title='bbox 1701 3347 1815 3378; x_wconf 89' lang='lat' dir='ltr'>directe</span> <span class='ocrx_word' id='word_1_989' title='bbox 1840 3347 2026 3387; x_wconf 81' lang='lat' dir='ltr'>oppositum</span> <span class='ocrx_word' id='word_1_990' title='bbox 2050 3346 2178 3383; x_wconf 81' lang='lat' dir='ltr'>caritati,</span> <span class='ocrx_word' id='word_1_991' title='bbox 2201 3354 2265 3386; x_wconf 85' lang='lat' dir='ltr'>qua</span> <span class='ocrx_word' id='word_1_992' title='bbox 2288 3354 2432 3376; x_wconf 81' lang='lat' dir='ltr'>amamus</span> <span class='ocrx_word' id='word_1_993' title='bbox 2450 3346 2548 3376; x_wconf 84' lang='lat' dir='ltr'>vitam</span> 
     </span>
     <span class='ocr_line' id='line_1_133' title="bbox 1489 3389 2551 3431; baseline 0 -11"><span class='ocrx_word' id='word_1_994' title='bbox 1489 3390 1683 3430; x_wconf 90' lang='lat' dir='ltr'>spiritualem</span> <span class='ocrx_word' id='word_1_995' title='bbox 1698 3391 1833 3431; x_wconf 82' lang='lat' dir='ltr'>proximi</span> <span class='ocrx_word' id='word_1_996' title='bbox 1855 3398 1885 3421; x_wconf 93' lang='lat' dir='ltr'>et</span> <span class='ocrx_word' id='word_1_997' title='bbox 1905 3401 2114 3431; x_wconf 90' lang='lat' dir='ltr'>procuramus</span> <span class='ocrx_word' id='word_1_998' title='bbox 2127 3390 2231 3420; x_wconf 85' lang='lat' dir='ltr'>istam.</span> <span class='ocrx_word' id='word_1_999' title='bbox 2248 3389 2289 3420; x_wconf 88' lang='lat' dir='ltr'>Et</span> <span class='ocrx_word' id='word_1_1000' title='bbox 2302 3389 2360 3420; x_wconf 84' lang='lat' dir='ltr'>iste</span> <span class='ocrx_word' id='word_1_1001' title='bbox 2375 3396 2455 3420; x_wconf 83' lang='lat' dir='ltr'>esset</span> <span class='ocrx_word' id='word_1_1002' title='bbox 2469 3389 2551 3420; x_wconf 74' lang='lat' dir='ltr'>sicut</span> 
     </span>
     <span class='ocr_line' id='line_1_134' title="bbox 1489 3434 1953 3475; baseline 0.002 -11"><span class='ocrx_word' id='word_1_1003' title='bbox 1489 3434 1544 3475; x_wconf 91' lang='lat' dir='ltr'>qui</span> <span class='ocrx_word' id='word_1_1004' title='bbox 1569 3434 1741 3465; x_wconf 87' lang='lat' dir='ltr'>fornicatur</span> <span class='ocrx_word' id='word_1_1005' title='bbox 1765 3442 1800 3465; x_wconf 92' lang='lat' dir='ltr'>ut</span> <span class='ocrx_word' id='word_1_1006' title='bbox 1823 3434 1953 3465; x_wconf 87' lang='lat' dir='ltr'>occidat.</span> 
     </span>
    </p>

    <p class='ocr_par' dir='ltr' id='par_1_20' title="bbox 1489 3476 2548 3561">
     <span class='ocr_line' id='line_1_135' title="bbox 1544 3476 2548 3517; baseline -0.003 -8"><span class='ocrx_word' id='word_1_1007' title='bbox 1544 3479 1596 3509; x_wconf 88' lang='lat' dir='ltr'>IV.</span> <span class='ocrx_word' id='word_1_1008' title='bbox 1622 3479 1670 3508; x_wconf 87' lang='lat' dir='ltr'>Ad</span> <span class='ocrx_word' id='word_1_1009' title='bbox 1695 3478 1870 3509; x_wconf 91' lang='lat' dir='ltr'>secundum</span> <span class='ocrx_word' id='word_1_1010' title='bbox 1893 3488 1967 3508; x_wconf 87' lang='lat' dir='ltr'>vcro</span> <span class='ocrx_word' id='word_1_1011' title='bbox 1992 3477 2104 3508; x_wconf 90' lang='lat' dir='ltr'>dicitur</span> <span class='ocrx_word' id='word_1_1012' title='bbox 2126 3477 2213 3517; x_wconf 92' lang='lat' dir='ltr'>quod</span> <span class='ocrx_word' id='word_1_1013' title='bbox 2236 3485 2469 3508; x_wconf 89' lang='lat' dir='ltr'>nocumentum</span> <span class='ocrx_word' id='word_1_1014' title='bbox 2485 3476 2548 3516; x_wconf 92' lang='lat' dir='ltr'>spi-</span> 
     </span>
     <span class='ocr_line' id='line_1_136' title="bbox 1489 3519 2548 3561; baseline -0.002 -9"><span class='ocrx_word' id='word_1_1015' title='bbox 1489 3522 1608 3552; x_wconf 91' lang='lat' dir='ltr'>ritualis</span> <span class='ocrx_word' id='word_1_1016' title='bbox 1632 3522 1742 3552; x_wconf 84' lang='lat' dir='ltr'>mortis</span> <span class='ocrx_word' id='word_1_1017' title='bbox 1766 3522 1797 3551; x_wconf 92' lang='lat' dir='ltr'>in</span> <span class='ocrx_word' id='word_1_1018' title='bbox 1821 3527 2008 3561; x_wconf 88' lang='lat' dir='ltr'>procurante</span> <span class='ocrx_word' id='word_1_1019' title='bbox 2032 3519 2273 3551; x_wconf 88' lang='lat' dir='ltr'>fornicationem</span> <span class='ocrx_word' id='word_1_1020' title='bbox 2293 3526 2339 3550; x_wconf 87' lang='lat' dir='ltr'>est</span> <span class='ocrx_word' id='word_1_1021' title='bbox 2359 3520 2548 3560; x_wconf 82' lang='lat' dir='ltr'>praevisum,</span> 
     </span>
    </p>
   </div>
   <div class='ocr_carea' id='block_1_12' title="bbox 2583 344 2726 371">
    <p class='ocr_par' dir='ltr' id='par_1_21' title="bbox 2583 344 2726 371">
     <span class='ocr_line' id='line_1_137' title="bbox 2583 344 2726 371; baseline 0 -7"><span class='ocrx_word' id='word_1_1022' title='bbox 2583 344 2592 353; x_wconf 89' lang='lat'>&#39;</span> <span class='ocrx_word' id='word_1_1023' title='bbox 2605 344 2656 364; x_wconf 83' lang='lat' dir='ltr'>Art.</span> <span class='ocrx_word' id='word_1_1024' title='bbox 2671 348 2691 370; x_wconf 85' lang='lat'>2,</span> <span class='ocrx_word' id='word_1_1025' title='bbox 2705 349 2726 371; x_wconf 86' lang='lat'>3.</span> 
     </span>
    </p>
   </div>
   <div class='ocr_carea' id='block_1_13' title="bbox 2581 2387 2755 2411">
    <p class='ocr_par' dir='ltr' id='par_1_22' title="bbox 2581 2387 2755 2411">
     <span class='ocr_line' id='line_1_138' title="bbox 2581 2387 2755 2411; baseline 0 -1"><span class='ocrx_word' id='word_1_1026' title='bbox 2581 2389 2590 2399; x_wconf 92' lang='grc'><em>·</em></span> <span class='ocrx_word' id='word_1_1027' title='bbox 2605 2387 2642 2410; x_wconf 76' lang='lat' dir='ltr'>Cf.</span> <span class='ocrx_word' id='word_1_1028' title='bbox 2657 2393 2720 2410; x_wconf 82' lang='lat' dir='ltr'>num.</span> <span class='ocrx_word' id='word_1_1029' title='bbox 2736 2395 2755 2411; x_wconf 83' lang='grc' dir='ltr'>ι,</span> 
     </span>
    </p>
   </div>
   <div class='ocr_carea' id='block_1_14' title="bbox 2826 2934 2840 3111">
    <p class='ocr_par' dir='ltr' id='par_1_23' title="bbox 2826 2934 2840 3111">
     <span class='ocr_line' id='line_1_139' title="bbox 2826 2934 2840 3111; textangle 90"><span class='ocrx_word' id='word_1_1030' title='bbox 2826 2982 2840 3111; x_wconf 45' lang='grc' dir='ltr'>ἰΤἫὰῑ</span> <span class='ocrx_word' id='word_1_1031' title='bbox 2827 2934 2840 2971; x_wconf 64' lang='grc' dir='ltr'>ο’)ΐ</span> 
     </span>
    </p>
   </div>
  </div>
 </body>
</html>
