2840 4010
18 2732 296 2791 ,μωιεειωιω-

1006 159 1272 206 QUAESTIO
1301 160 1421 207 XCV,
1449 159 1745 197 ARTICULUS
1774 160 1806 196 ΙΙ
2424 159 2492 206 ι75

324 237 406 275 tria.
440 237 570 274 Primo
608 237 786 285 quidem,
820 238 907 287 quia
944 238 1087 275 facilius
1127 245 1181 275 est
1212 238 1380 275 invenire

323 301 468 340 paucos
495 290 704 338 sapientes,
737 291 803 339 qui
836 291 1024 328 sufficiant
1051 291 1099 328 ad
1134 298 1254 327 rectas
1281 291 1381 337 leges

323 342 548 391 ponendas,
582 355 698 392 quam
735 344 894 391 multos,
910 343 989 391 'qui
1021 343 1297 391 requirerentur
1333 343 1381 379 ad

324 400 426 433 recte
453 395 699 433 iudicandum
719 396 767 433 de
787 396 950 444 singulis.
966 417 990 424 —
1007 396 1198 441 Secundo,
1219 394 1309 442 quia
1332 394 1382 430 illi

324 448 391 497 qui
422 448 524 496 leges
562 457 729 497 ponunt,
764 461 810 485 ex
843 450 963 486 multo
999 455 1172 495 tempore
1211 446 1382 483 conside-

325 508 408 538 rant
434 501 526 549 quid
553 502 635 549 lege
662 502 861 539 ferendum
889 501 952 538 sit:
981 501 1047 536 sed
1067 499 1205 535 iudicia
1234 499 1281 535 de
1309 499 1383 535 sin-

324 554 517 602 gularibus
544 554 650 591 factis
680 554 779 591 fiunt
810 565 855 590 ex
888 552 1036 589 casibus
1073 551 1198 588 subito
1233 551 1380 587 exortis.

325 606 486 643 Facilius
504 614 633 644 autem
653 618 698 643 ex
717 606 843 642 multis
863 604 1106 642 consideratis
1121 611 1244 653 potest
1262 605 1382 640 homo

324 659 457 696 videre
477 659 569 708 quid
589 666 733 696 rectum
753 658 809 704 sit,
824 669 942 707 quam
957 657 1081 693 solum
1103 669 1147 693 ex
1163 656 1289 704 aliquo
1303 668 1382 693 uno

325 712 436 749 facto.
456 733 481 740 —
497 712 644 759 Tertio,
674 710 761 759 quia
789 710 1017 757 legislatores
1045 709 1211 747 iudicant
1237 709 1274 746 in
1303 709 1383 745 uni-

181 759 197 790 ζ
324 765 472 811 versali,
495 772 531 801 et
549 763 562 790 ἶ
581 764 628 801 de
647 763 800 800 futuris:
830 763 896 799 sed
916 763 1093 799 homines
1111 762 1257 799 iudiciis
1275 773 1383 810 prae-

325 817 490 854 sidentes
517 816 682 854 iudicant
709 817 755 852 de
783 816 1066 864 praesentibus,
1095 814 1144 852 ad
1176 826 1274 863 quae
1302 814 1383 851 affi-

375 931 403 966 ζ)
422 932 449 956 in
469 930 620 958 υηίνενεαῖί,
639 933 674 954 et.
691 943 711 949 -
728 929 790 955 Orn.
809 929 860 954 EF.

1435 238 1582 274 ciuntur
1600 250 1731 274 amore
1759 238 1821 274 vel
1849 237 1952 285 odio,
1972 245 2038 275 aut
2056 237 2182 287 aliqua
2210 237 2430 286 cupiditate3
2459 244 2495 273 et

1435 291 1487 327 sic
1506 303 1641 327 eorum
1662 291 1890 339 depravatur
1907 290 2101 328 iudicium.

1487 343 1588 389 Quia
1607 355 1697 391 ergo
1722 343 1857 380 iustitia
1875 344 2039 381 animata
2057 343 2190 381 iudicis
2209 354 2287 380 non
2305 342 2495 380 invenitur

1434 395 1472 431 in
1500 396 1640 441 multis;
1675 404 1711 433 et
1739 396 1826 445 quia
1852 396 2026 434 flexibilis
2054 405 2126 443 est;
2155 397 2243 434 ideo
2271 401 2290 423 η
2318 407 2492 432 necessa-

1435 447 1532 483 rium
1561 448 1639 494 fuit,
1668 449 1705 486 in
1734 449 2038 498 quibuscumque
2072 457 2128 487 est
2153 448 2346 498 possibile,
2367 449 2491 496 legem

1436 500 1685 537 determinare
1714 502 1805 550 quid
1833 502 2075 540 iudicandum
2105 503 2170 550 sit,
2200 510 2238 539 et
2262 501 2492 551 paucissima

1436 552 1588 588 arbitrio
1626 554 1827 591 hominum
1857 555 2106 593 committere.

1489 607 1547 641 AD
1565 617 1723 642 TERrium
1744 618 1926 645 υιοΕΝουΜ
1947 609 2050 657 quod
2070 607 2262 656 quaedam
2277 605 2489 655 singularia,

1437 669 1534 705 quae
1563 669 1641 694 non
1668 667 1829 706 possunt
1855 661 1936 708 lege
1962 660 2246 710 comprehendi,
2267 671 2412 697 necesse
2439 663 2494 696 est

1437 710 1664 746 committere
1700 711 1899 759 iudicibus,
1938 722 1979 750 ut
2011 714 2152 751 ibidem
2184 713 2205 735 ‘¹‘
2236 713 2491 760 Philosophus
2518 722 2650 745 ‘Nume-

1438 761 1544 798 dicit:
1572 770 1664 810 puta
1697 764 1742 799 de
1769 776 1812 800 eo
1840 766 1940 812 quod
1970 768 2189 814 estfactum
2221 778 2299 803 esse
2329 765 2390 802 vel
2415 777 2490 802 non

1437 826 1525 860 esse,
1554 823 1589 851 et
1617 816 1665 852 de
1693 816 1773 852 aliis
1801 816 2031 855 huiusmodi.

1491 927 1518 962 η)
1540 928 1607 954 ideo.
1625 942 1643 947 —
1661 929 1732 954 ratio
1746 930 1820 959 ΑΒΓ,
1839 937 1891 955 non
1911 931 1958 962 pC,
1977 938 2031 956 om.
2046 931 2088 955 sC.
2106 945 2124 950 -
2143 932 2193 956 Pro
2205 932 2299 965 suit...
2317 932 2490 962 committere,

1430 963 1489 996 fuit
1508 967 1537 988 ut
1603 965 1831 990 committerentur
1850 966 1958 995 codices.
1970 966 2029 998 fuit
2048 970 2122 991 ut...
2141 967 2350 992 committeretur·
2367 968 2409 992 ed.
2426 975 2451 992 α.

1087 1107 1402 1150 ARTICULUS
1433 1107 1730 1150 SECUNDUS

621 1211 777 1242 UTRUM
800 1210 933 1242 oMNJs
955 1210 1040 1241 LEX
1063 1179 1318 1241 nummu-us
1342 1208 1495 1240 PofflTA
1518 1211 1548 1240 A
1570 1209 1683 1240 LEGE
1706 1210 1926 1242 NATURALI
1950 1211 2200 1243 DERIVETUR

430 1298 462 1323 111
483 1298 559 1323 Cont.
581 1299 667 1326 Gent..
687 1305 743 1331 cap.
761 1304 852 1328 cmm
872 1297 903 1322 111
923 1297 1006 1326 sent„
1025 1296 1085 1322 dist.
1102 1303 1194 1333 ayn,
1212 1300 1260 1320 art.
1280 1294 1309 1325 3;
1328 1295 1372 1326 1v,
1390 1295 1448 1320 dist.
1467 1303 1508 1326 xv,
1527 1303 1573 1328 qu.
1590 1303 1627 1328 111,
1647 1302 1693 1322 art.
1717 1305 1737 1327 ι,
1758 1302 1809 1330 qu*
1827 1305 1858 1329 4;
1877 1303 1968 1329 art.·2,
1987 1303 2038 1331 qu*
2060 1307 2068 1323 1
2079 1307 2086 1330 ;
2106 1300 2129 1324 V
2148 1299 2245 1329 Ethic„
2265 1300 2323 1325 lect.
2341 1307 2385 1326 xn-

355 1407 397 1434 ιβ,
407 1408 414 1430 2
437 1406 469 1433 ss
457 1417 491 1432 .<
534 1397 558 1422 n
572 1395 762 1421 SECUNDUM
776 1396 830 1421 sm
848 1375 1087 1421 PROCEDITUR.
1102 1383 1260 1420 Videtur
1277 1381 1384 1430 quod

355 1446 448 1503 μ
426 1419 506 1534 ἑὲ
535 1449 615 1474 ιιοιι
634 1437 760 1473 omnis
787 1438 847 1473 le'x
874 1436 1090 1474 humanitus
1113 1435 1237 1485 posita
1260 1447 1283 1472 a
1301 1436 1382 1482 lege

482 1490 696 1532 (naturali
724 1489 924 1526 derivetur.
955 1489 1054 1526 Dicit
1081 1488 1183 1526 enim
1211 1489 1382 1526 Philoso-

245 1569 252 1577 .
272 1569 279 1576 .
423 1541 468 1573 '⁴¹¹‘
492 1538 646 1592 Qphus
667 1542 706 1580 in
723 1543 759 1579 V
779 1543 898 1580 Ethic.
919 1542 950 1590 *,
970 1542 1075 1591 quo-d
1098 1542 1234 1579 iustum
1263 1541 1384 1591 legale

184 1616 203 1635 α
324 1603 379 1635 est
395 1596 496 1646 quod
518 1608 568 1632 ex
584 1596 806 1644 principi‘w
824 1596 973 1644 quidem
997 1595 1090 1632 nihil
1105 1595 1232 1645 differt
1257 1600 1382 1631 utrum

323 1651 378 1689 sic
403 1650 464 1687 vel
495 1649 604 1686 aliter
631 1650 713 1696 fiat.
743 1649 820 1686 Sed
847 1649 884 1685 in
916 1649 974 1686 his
1009 1661 1108 1697 quae
1136 1648 1307 1685 oriuntur
1339 1659 1384 1683 ex

323 1704 406 1752 lege
425 1702 596 1749 naturali,
612 1701 737 1739 differt
754 1709 882 1738 utrum
907 1701 960 1738 sic
977 1702 1040 1738 vel
1059 1701 1166 1739 aliter
1182 1701 1260 1738 fiat.
1278 1701 1380 1748 Ergo

326 1762 371 1793 ea
389 1767 489 1805 quae
518 1762 605 1792 sunt
622 1755 767 1802 legibus
785 1754 960 1791 humanis
979 1762 1126 1802 statuta,
1146 1766 1224 1791 non
1253 1754 1384 1790 omnia

325 1809 544 1847 derivantur
570 1821 592 1845 a
619 1808 702 1855 lege
730 1815 898 1845 naturae.

379 1874 414 1900 2.
448 1862 681 1908 PRAETEREA,
709 1861 767 1898 ius
802 1860 1007 1909 positivum
1044 1859 1222 1898 dividitur
1254 1866 1385 1896 contra

324 1915 382 1952 ius
401 1915 586 1952 naturale:
610 1921 652 1951 ut
677 1921 780 1962 patet
798 1926 866 1962 per
885 1913 1113 1960 Isidorum,
1105 1925 1143 1950 ιιι
1169 1912 1264 1950 libro
1291 1913 1385 1960 Ety-

83 1969 158 1996 ’Ub-
149 1972 256 2022 ³3⁹·
265 1978 298 1995 ¹*-
324 1968 403 2005 mol
419 1967 450 2014 ³⁸,
473 1975 509 2004 et
526 1979 596 2016 per
613 1967 901 2026 Philosophum,
922 1967 960 2003 in
979 1967 1014 2003 V
1031 1967 1151 2003 Ethic.
1171 1965 1213 1988 Ἡ*
1232 1967 1309 2003 Sed
1339 1978 1383 2002 ea

324 2033 424 2070 quae
461 2021 681 2058 derivantur
711 2032 734 2056 a
768 2019 959 2068 principiis
994 2019 1259 2056 communibus
1293 2018 1383 2067 legis

325 2081 481 2111 naturae
519 2073 615 2110 sieut
651 2073 932 2119 conclusiones,
962 2071 1148 2121 pertinent
1180 2072 1228 2109 ad
1260 2072 1382 2120 legem

84 2135 297 2165 ’Qucum-4.
324 2135 492 2174 naturae,
512 2134 554 2163 ut
572 2138 687 2175 supra
704 2126 725 2148 '¹‘
744 2125 886 2163 dictum
907 2133 974 2162 est.
994 2125 1095 2173 Ergo
1116 2138 1160 2162 ea
1179 2137 1277 2174 quae
1297 2133 1385 2162 sunt

325 2181 373 2218 de
399 2181 481 2228 lege
509 2180 692 2226 humana,
711 2191 790 2216 non
818 2179 1036 2216 derivantur
1054 2191 1077 2215 a
1104 2179 1186 2226 lege
1213 2186 1381 2215 naturae.

381 2233 764 2279 3.PRAE·1·13REA,lex
794 2239 948 2268 naturae
972 2239 1028 2268 est
1051 2231 1186 2268 eadem
1215 2232 1318 2280 apud
1341 2245 1383 2268 o—

324 2298 450 2323 mnes:
466 2285 554 2322 dicit
573 2285 674 2322 enim
694 2285 962 2333 Philosophus,
981 2284 1019 2322 in
1038 2284 1074 2322 V
1089 2285 1247 2321 Emit-,³²
1248 2314 1257 2331 ,
1278 2285 1382 2334 quod

324 2339 498 2377 naturale
524 2340 661 2375 iustum
687 2336 702 2367 β
730 2343 784 2375 est
805 2338 907 2386 quod
929 2338 1064 2386 ubique
1084 2339 1195 2374 hahet
1225 2339 1381 2375 eandem

318 2392 536 2441 potentiam.
562 2391 603 2428 Si
621 2390 731 2438 igitur
748 2392 850 2439 leges
872 2391 1063 2428 humanae
1084 2403 1106 2427 a
1124 2391 1281 2428 naturali
1300 2392 1381 2439 lege

231 2463 235 2471 ι
296 2464 298 2467 ·
324 2445 594 2490 derivarentur,
615 2452 836 2492 sequeretur
864 2444 968 2491 quod
988 2443 1100 2481 etiam
1128 2443 1232 2492 ipsae
1258 2452 1383 2481 essent

325 2498 484 2535 eaedem
513 2498 617 2546 apud
645 2510 791 2534 omnes,
813 2497 929 2544 Quod
957 2504 1060 2545 patet
1089 2508 1170 2533 esse
1204 2498 1352 2534 falsum.

376 2562 413 2598 4.
434 2552 666 2597 PRAETEREA,
689 2563 824 2587 eorum
853 2562 952 2598 quae
981 2562 1002 2586 a
1022 2550 1102 2597 lege
1130 2551 1288 2587 naturali
1318 2551 1382 2588 de-

325 2603 515 2650 rivantur,
541 2611 666 2652 potest
694 2603 819 2652 aliqua
852 2603 946 2639 ratio
980 2602 1170 2650 assignari.
1202 2604 1278 2641 Sed
1306 2616 1380 2641 non

324 2657 493 2693 omnium
513 2668 610 2705 quae
636 2668 660 2693 a
680 2656 887 2693 maioribus
905 2656 989 2704 lege
1006 2661 1142 2692 statuta
1167 2662 1264 2702 sunt,
1284 2658 1381 2694 ratio

81 2715 154 2738 ’ub-
159 2715 212 2744 1!-
221 2715 296 2738 dele
322 2709 430 2746 reddi
436 2715 568 2757 potest,
580 2718 620 2746 ut
634 2709 871 2757 Iurisperitus
884 2708 904 2730 ‘³‘
919 2708 1018 2745 dicit.
1036 2709 1137 2756 Ergo
1153 2721 1230 2746 non
1246 2722 1382 2747 omnes

322 2762 424 2809 leges
451 2763 644 2798 humanae
672 2761 891 2798 derivantur
918 2773 939 2797 a
967 2762 1048 2808 lege
1076 2763 1247 2800 naturali.

378 2815 452 2851 SED
471 2826 617 2851 CONTRA
644 2826 710 2851 EST
729 2815 833 2863 quod
853 2814 999 2851 Tullius
1021 2814 1150 2862 dicit,
1141 2827 1178 2851 1n
1198 2828 1265 2852 sua
1283 2816 1382 2861 Rhe-

83 2872 295 2927 issfflf'fi‘fi'ssi
322 2872 392 2904 tor.
412 2866 447 2904 *z
477 2868 553 2904 Res
580 2879 604 2904 a
633 2873 770 2904 natura
782 2868 986 2916 profectaS,
1006 2873 1043 2904 et
1067 2880 1091 2904 a
1118 2869 1383 2905 consuetudine

83 2931 133 2948 ¹³¹¹·
316 2921 511 2968 probatas,
531 2921 660 2969 legum
688 2926 806 2957 metus
834 2926 870 2957 et
895 2920 1028 2969 religio
1057 2921 1194 2957 sanxit.

376 2974 600 3010 Rsssponnsso
621 2985 803 3010 DICENDUM
824 2973 940 3021 quod,
961 2973 1056 3010 sicut
1075 2974 1308 3021 Augustinus
1328 2973 1382 3010 di-

81 3029 96 3042 *
108 3029 167 3058 0¹¹³·
180 3036 202 3053 v·
323 3025 382 3073 cit,
402 3026 441 3063 in
461 3027 475 3062 1
495 3026 541 3062 de
559 3026 641 3062 Lib.
661 3026 754 3062 Arb.
773 3025 805 3073 ³¹⁸,
834 3038 908 3063 non
931 3026 1078 3063 videtur
1095 3038 1173 3063 esse
1191 3027 1264 3072 lex,
1285 3030 1382 3075 'quae

322 3079 418 3116 iusta
445 3090 519 3116 non
540 3078 676 3126 fuerit.
707 3078 818 3116 Unde
851 3078 1075 3128 inquantum
1108 3079 1224 3115 habet
1251 3080 1297 3116 de
1325 3079 1380 3116 iu-

322 3131 430 3179 stitia,
458 3131 644 3169 intantum
673 3131 788 3168 habet
825 3131 871 3168 de
899 3131 1037 3168 virtute
1066 3131 1168 3179 legis.
1198 3132 1240 3168 In
1269 3132 1382 3169 rebus

321 3192 450 3221 autem
470 3184 647 3221 humanis
668 3184 802 3221 dicitur
829 3196 911 3221 esse
935 3183 1073 3232 aliquid
1093 3184 1234 3221 iustum
1261 3196 1305 3221 ex
1335 3197 1381 3221 eo

322 3237 428 3286 quod
456 3246 511 3274 est
531 3245 675 3274 rectum
699 3237 912 3274 secundum
933 3237 1100 3284 regulam
1122 3237 1285 3273 rationis.
1308 3239 1382 3274 Ra-

321 3290 433 3328 tionis
461 3298 589 3327 autem
618 3290 739 3339 prima
768 3291 896 3338 regula
920 3297 976 3326 est
1001 3290 1060 3326 lex
1088 3297 1255 3336 naturae,
1276 3297 1318 3326 ut
1337 3302 1382 3326 ex

374 3405 402 3439 α)
421 3413 458 3430 ex
471 3405 617 3438 principio.
634 3418 653 3423 —
667 3404 801 3436 principio
820 3404 848 3428 P.

375 3439 389 3473 β
421 3441 527 3466 iustum.
545 3454 563 3459 -
582 3440 622 3465 ius
643 3440 688 3464 Ρα.

373 3440 401 3510 γὲ
421 3483 482 3508 quo.
499 3489 518 3495 —
535 3476 606 3508 quod
625 3475 858 3499 ABCDEFGHLa.

1437 1383 1710 1431 supradictis*

1436 1436 1557 1483 posita
1585 1437 1770 1474 intantum
1798 1439 1913 1475 habet
1940 1439 1987 1475 de
2019 1439 2164 1476 ratione
2191 1440 2304 1487 legis,
2333 1440 2492 1489 inquan-

1436 1496 1516 1525 tum
1544 1501 1566 1525 a
1594 1490 1675 1538 lege
1703 1498 1859 1527 naturae
1889 1491 2089 1528 derivatur.
2111 1492 2151 1528 Si
2177 1504 2271 1529 vero
2301 1493 2338 1529 in
2366 1494 2492 1543 aliquo

1437 1554 1459 1578 a
1486 1542 1567 1589 lege
1595 1543 1753 1580 naturali
1781 1543 1988 1591 discordet,
2016 1544 2094 1581 iarn
2122 1557 2200 1582 non
2229 1545 2298 1582 erit
2323 1546 2395 1594 lex,
2425 1548 2492 1584 sed

1437 1595 1527 1642 legis
1556 1595 1758 1644 corruptio.

1491 1648 1567 1684 Sed
1596 1648 1792 1686 sciendum
1823 1657 1878 1686 est
1905 1649 2010 1697 quod
2033 1662 2055 1686 a
2078 1651 2159 1698 lege
2187 1651 2346 1688 naturali
2374 1651 2494 1700 dupli-

1438 1700 1528 1737 citer
1540 1709 1665 1749 potest
1683 1702 1824 1750 aliquid
1843 1702 2022 1739 derivari:
2042 1715 2120 1739 uno
2141 1704 2271 1750 modo,
2292 1704 2387 1741 sicut
2405 1717 2494 1742 con-

1438 1753 1622 1790 clusiones
1638 1766 1682 1790 ex
1697 1755 1904 1803 principiis3
1924 1755 1997 1792 alio
2013 1756 2144 1803 modo,
2161 1756 2255 1793 sicut
2269 1757 2494 1794 determina-

1437 1805 1558 1843 tiones
1578 1808 1766 1855 quaedam
1796 1807 2010 1856 aliquorum
2039 1809 2314 1846 communium.
2342 1810 2493 1848 Primus

1438 1859 1593 1907 quidem
1618 1861 1758 1897 modus
1782 1868 1838 1897 est
1856 1861 1986 1898 similis
2010 1861 2044 1898 ei
2068 1874 2144 1909 quo
2165 1867 2179 1889 Υ
2208 1862 2246 1898 in
2269 1863 2428 1900 scientiis
2449 1875 2494 1900 ex

1437 1912 1627 1961 principiis
1653 1914 1916 1951 conclusiones
1936 1914 2255 1952 demonstrativae
2278 1916 2494 1964 producun-

1438 1973 1508 2002 tur.
1528 1966 1707 2003 Secundo
1721 1979 1815 2003 vero
1831 1968 1950 2004 modo
1970 1966 2088 2004 simile
2109 1975 2164 2004 est
2182 1969 2285 2016 quod
2300 1968 2338 2005 in
2354 1968 2494 2005 artibus

1438 2018 1582 2055 formae
1609 2031 1834 2056 communes
1858 2019 2156 2057 determinantur
2174 2021 2222 2057 ad
2247 2020 2387 2070 aliquid
2411 2034 2494 2070 spe-

1439 2071 1547 2108 ciale:
1567 2072 1661 2109 sicut
1675 2072 1805 2109 artifex
1824 2072 1988 2109 formam
2009 2085 2255 2110 communem
2271 2073 2410 2111 domus
2429 2087 2494 2111 ne-

1438 2137 1541 2161 cesse
1553 2134 1608 2162 est
1623 2125 1727 2173 quod
1743 2125 1967 2162 determinet
1985 2126 2035 2163 ad
2047 2127 2146 2163 hanc
2166 2127 2228 2163 vel
2241 2126 2340 2163 illam
2355 2128 2494 2164 domus

1437 2178 1611 2225 figuram.
1644 2178 1876 2215 Derivantur
1910 2190 1998 2227 ergo
2032 2179 2222 2227 quaedam
2255 2192 2277 2216 a
2305 2179 2495 2228 principiis

1438 2231 1706 2280 communibus
1734 2231 1824 2279 legis
1843 2239 1998 2268 naturae
2016 2244 2085 2280 per
2103 2232 2263 2268 modum
2285 2233 2494 2269 conclusio-

1437 2297 1550 2321 num:
1580 2284 1675 2320 sicut
1701 2285 1776 2321 hoc
1804 2285 1910 2333 quod
1938 2292 1993 2321 est
2021 2297 2094 2322 non
2127 2297 2206 2322 esse
2233 2285 2493 2331 occidendum,

1435 2345 1476 2374 ut
1495 2337 1687 2374 conclusio
1708 2338 1898 2386 quaedam
1919 2337 2082 2375 derivari
2104 2346 2229 2386 potest
2249 2339 2296 2375 ab
2321 2350 2368 2374 eo
2389 2338 2494 2386 quod

1437 2399 1492 2427 est
1519 2390 1614 2427 nulli
1638 2402 1716 2426 esse
1743 2387 1894 2427 malum'
1908 2386 2139 2437 faciendu‘m.
2170 2391 2372 2438 Quaedam
2401 2403 2493 2427 vero

1435 2456 1503 2492 per
1539 2443 1700 2480 modum
1738 2443 2081 2480 determinationis:
2115 2443 2210 2480 sicut
2244 2445 2303 2480 lex
2338 2452 2494 2480 naturae

1435 2497 1549 2534 habet
1577 2496 1681 2544 quod
1710 2496 1770 2532 ille
1799 2496 1863 2544 qui
1890 2504 2037 2545 peccat,
2066 2497 2264 2545 puniatur;
2294 2497 2362 2533 sed
2390 2497 2493 2545 quod

1435 2550 1496 2586 tali
1525 2561 1651 2598 poena
1669 2546 1682 2570 ὃ
1710 2548 1898 2597 puniatur,
1926 2550 2002 2586 hoc
2030 2557 2085 2586 est
2108 2551 2298 2598 quaedam
2319 2549 2493 2586 determi-

1436 2603 1536 2639 natio
1565 2602 1655 2649 legis
1681 2609 1848 2638 naturae.

1489 2656 1656 2702 Utraque
1676 2654 1787 2702 igitur
1804 2654 2048 2691 inveniuntur
2067 2654 2105 2691 in
2123 2655 2204 2703 lege
2228 2656 2396 2691 humana
2423 2667 2493 2703 po-

1436 2709 1516 2745 sita.
1547 2708 1624 2744 Sed
1653 2720 1697 2744 ea
1725 2719 1824 2754 quae
1853 2715 1939 2744 sunt
1966 2707 2077 2756 primi
2106 2708 2226 2753 modi,
2257 2707 2493 2744 continentur

1436 2763 1516 2809 lege
1544 2762 1712 2797 humana
1732 2765 1744 2781 ⁸
1772 2773 1849 2797 non
1870 2767 2050 2809 tanquam
2071 2760 2143 2796 sint
2170 2761 2292 2796 solum
2316 2761 2396 2807 lege
2425 2773 2492 2808 po—

1437 2815 1523 2860 sita,
1558 2815 1623 2850 sed
1660 2813 1802 2850 habent
1837 2813 1950 2850 etiam
1983 2812 2122 2861 aliquid
2155 2813 2294 2860 vigoris
2333 2824 2376 2848 ex
2410 2813 2492 2861 lege

1437 2866 1607 2904 naturali.
1630 2866 1706 2903 Sed
1737 2878 1780 2902 ea
1809 2878 1905 2914 quae
1925 2873 2011 2902 sunt
2030 2866 2185 2902 secundi
2209 2865 2325 2912 modi,
2348 2877 2393 2901 ex
2411 2867 2493 2902 sola

1436 2922 1517 2968 lege
1545 2921 1716 2956 humana
1742 2919 1914 2966 vigorem
1943 2919 2095 2955 habent.

1489 2975 1548 3009 An
1569 2984 1705 3009 PRIMUM
1724 2983 1822 3008 ERGO
1841 2983 2023 3008 DICENDUM
2043 2971 2145 3019 quod
2165 2970 2419 3019 Philosophus
2438 2972 2493 3007 lo-

1437 3026 1563 3075 quitur
1591 3026 1638 3062 de
1666 3024 1735 3061 illis
1769 3035 1866 3073 quae
1899 3032 1985 3060 sunt
2011 3025 2091 3070 lege
2119 3023 2242 3072 posita
2273 3035 2342 3072 per
2374 3024 2494 3060 deter-

1437 3078 1686 3116 minationem
1713 3078 1774 3113 vel
1803 3076 2125 3124 specificationem
2160 3075 2352 3124 quandam
2384 3086 2494 3125 prae-

1437 3139 1633 3180 ceptorum
1663 3129 1754 3176 legis
1782 3136 1949 3166 naturae.

1488 3186 1546 3220 An
1566 3194 1755 3219 SECUNDUM
1774 3193 1957 3218 DICENDUM
1981 3180 2086 3229 quod
2113 3180 2206 3218 ratio
2235 3181 2296 3218 illa
2322 3181 2495 3230 procedit

1436 3236 1483 3273 de
1510 3236 1568 3272 his
1601 3247 1698 3283 quae
1728 3234 1946 3271 derivantur
1973 3246 1994 3270 a
2018 3234 2098 3281 lege
2126 3242 2282 3271 naturae
2310 3242 2492 3283 tanquam

1437 3288 1710 3325 conclusiones.

1491 3401 1516 3435 δ)
1531 3408 1629 3433 poena.
1647 3414 1666 3419 -
1684 3401 1724 3425 vel
1743 3401 1792 3425 tali
1809 3400 1906 3424 addunt
1924 3400 1969 3424 Ρα.

1490 3436 1512 3470 ε)
1532 3437 1589 3469 lege
1607 3437 1734 3461 humana.
1752 3450 1770 3454 -
1788 3435 1902 3460 humane
1922 3436 1950 3465 D,
1970 3435 1996 3460 in
2016 3435 2072 3467 lege
2091 3434 2207 3459 humana
2226 3434 2272 3459 Pa.

2616 391 2633 415 η

1735 1392 1848 1433 patet.
1879 1386 1989 1422 Unde
2024 1387 2148 1423 omnis
2180 1387 2239 1423 lex
2275 1388 2491 1425 humanitus
2518 1399 2586 1447 ‘Qu'
2597 1404 2643 1426 xcx.
2653 1402 2695 1421 art
2705 1405 2727 1427 2

2617 1871 2634 1896 Υ

2613 2771 2624 2788 ε
