2840 4010
86 770 98 782 ⁸
111 770 163 792 Art.
179 767 284 797 praeced.

86 1139 96 1148 ·
112 1138 159 1166 Qu.
173 1143 209 1165 xc,
224 1141 267 1159 art.
277 1143 297 1159 2.

87 1393 97 1402 '
111 1392 144 1415 Ca
163 1408 168 1414 .
183 1399 200 1419 ι,
214 1398 278 1418 n.14.
288 1403 298 1408 -

88 1419 112 1442 S.
163 1435 170 1441 .
184 1419 237 1441 lect.
250 1424 275 1440 n.

87 1667 96 1676 ¹
106 1666 155 1693 Qu.
164 1671 210 1691 uv,
221 1669 263 1687 art.
274 1670 297 1691 23

87 1698 127 1720 qu.
135 1698 172 1719 Lx,
182 1695 224 1713 art.
232 1697 250 1718 ις
260 1698 300 1719 qu.

88 1725 144 1746 uu,
159 1721 202 1740 art.
216 1724 237 1740 2.

90 2036 99 2046 ⁶
110 2035 158 2063 Qu.
171 2040 209 2062 xc,
224 2037 266 2057 art.
277 2040 299 2056 2.

95 2982 225 3036 {tet-,3¹15
235 2988 254 3004 ⁸·
259 2982 304 3004 Th.

330 150 399 186 182

998 146 1263 195 QUAESTIO
1292 147 1431 193 XCVI,
1460 147 1756 184 ARTICULUS
1785 149 1835 185 111

1127 280 1443 323 ARTICULUS
1472 281 1700 323 TERTIUS

728 375 883 407 UTRUM
906 375 991 405 LEX
1014 373 1202 404 HUMANA
1225 372 1480 404 PEAECIPIAT
1504 373 1647 405 Aci-us
1671 373 1846 405 OMNIUM
1870 374 2102 405 VIRTUTUM

1118 460 1192 490 Infra,
1212 468 1257 494 qu.
1276 468 1300 492 c,
1319 465 1367 486 art.
1388 468 1401 486 2
1408 468 1415 491 ;
1435 461 1458 486 V
1478 462 1573 491 Ethic„
1593 462 1651 487 lect.
1670 469 1698 487 11.

377 573 403 601 ,κ
536 562 558 586 D
578 561 736 586 TERTIUM
758 561 811 585 sm
839 560 1077 586 PROCEmTUR.
1102 548 1262 585 Videtur
1284 549 1389 598 quod

372 651 376 662 ‚
536 603 594 638 lex
638 603 806 638 humana
847 614 925 638 non
966 601 1172 650 praecipiat
1212 609 1316 638 actus
1350 614 1390 638 o-

378 670 454 689 ·*V
505 678 507 680 -

358 659 423 734 le

422 708 440 720 Ἀ

429 685 783 756 &opponuntur
820 714 926 744 actus
953 707 1089 744 vitiosi.
1125 708 1201 744 Sed
1235 708 1293 744 lex
1320 709 1389 744 hu-

323 771 438 796 mana
465 771 544 796 non
571 760 749 808 prohibet
778 760 909 797 omnia
936 760 1039 808 vitia,
1060 767 1102 797 ut
1122 760 1265 798 dictum
1286 767 1342 797 est
1354 760 1386 797 *.

324 813 427 860 Ergo
444 811 557 849 etiam
578 825 657 850 non
675 813 858 862 praecipit
877 820 982 850 actus
1002 813 1176 850 omnium
1191 813 1387 850 virtutum.

379 876 413 901 2.
435 865 668 913 PRAETEREA‚
689 873 795 903 actus
813 866 961 903 virtutis
989 879 1011 903 a
1037 866 1175 903 virtute
1202 866 1386 914 procedit.

325 917 402 954 Sed
430 918 549 955 virtus
579 926 634 955 est
653 919 739 956 finis
767 918 876 967 legis:
907 926 943 955 et
970 915 1152 968 ita'quod
1173 925 1229 955 est
1248 931 1294 955 ex
1312 918 1388 955 vir-

324 978 414 1017 tute,
435 971 506 1008 sub
525 979 729 1020 praecepto
754 972 846 1020 legis
866 971 1002 1008 cadere
1021 983 1100 1008 non
1118 978 1254 1020 potest.
1285 972 1387 1019 Ergo

324 1024 384 1060 lex
404 1024 573 1061 humana
589 1037 667 1062 non
682 1025 864 1074 praecipit
882 1032 987 1061 actus
1003 1024 1176 1062 omniurn
1191 1023 1386 1061 virtutum.

381 1077 414 1114 3.
446 1077 687 1125 PRAETEREA,
717 1079 777 1114 lex
805 1077 1001 1114 ordinatur
1029 1077 1078 1114 ad
1106 1078 1254 1114 bonurn
1284 1089 1388 1113 com-

325 1141 455 1177 mune,
485 1138 526 1167 ut
555 1131 697 1167 dictum
727 1138 782 1167 est
796 1130 827 1167 ²¹².
859 1131 934 1166 Sed
964 1130 1120 1178 quidam
1149 1137 1254 1166 actus
1272 1129 1389 1166 virtu—

325 1189 406 1219 tum
434 1195 513 1219 non
534 1183 756 1220 ordinantur
775 1183 824 1219 ad
843 1183 990 1219 bonurn
1011 1194 1232 1229 commune,
1253 1183 1321 1219 sed
1341 1182 1389 1219 ad

325 1235 472 1271 bonum
505 1235 708 1284 privatum.
742 1236 844 1283 Ergo
878 1236 936 1272 lex
965 1248 1044 1272 non
1070 1235 1254 1284 praecipit
1285 1242 1390 1272 actus

327 1300 502 1325 ommum
529 1296 723 1325 Vlrtutum.

380 1341 455 1377 SED
483 1352 629 1378 CONTRA
656 1353 722 1378 EST
750 1342 856 1390 quod
883 1340 1141 1390 Philosophus
1170 1340 1268 1388 dicit,
1289 1340 1326 1377 in
1354 1341 1390 1378 V

325 1394 444 1430 Ethic.
461 1393 492 1441 ³⁸,
522 1394 629 1443 quod
651 1395 839 1443 praecipit
855 1394 919 1431 lex
931 1395 1044 1442 fortis
1064 1405 1179 1442 opera
1187 1394 1336 1442 facere,
1357 1399 1392 1430 et

326 1458 423 1495 quae
446 1448 652 1496 temperati,
673 1453 709 1484 et
734 1459 831 1496 quae
857 1447 1060 1491 mansueti;
1076 1446 1246 1483 similiter
1263 1452 1388 1483 autem

324 1499 530 1536 secundum
559 1500 655 1537 alias
681 1501 834 1538 virtutes
862 1506 899 1537 et
923 1500 1098 1546 malitias,
1127 1500 1221 1536 haec
1240 1500 1388 1548 quidem

327 1552 466 1599 iubens,
496 1554 589 1590 haec
616 1559 740 1590 autem
765 1554 979 1601 prohibens

379 1607 605 1643 RESPONDEO
625 1618 810 1643 morannum
825 1606 928 1655 quod
949 1605 1095 1655 species
1114 1605 1297 1642 virtutum
1319 1605 1392 1642 dis-

325 1659 546 1706 tinguuntur
565 1660 777 1697 secundum
807 1659 968 1707 obiecta,
987 1666 1029 1695 ut
1058 1670 1103 1695 ex
1132 1658 1355 1707 supradictis
1373 1657 1394 1680 ¹⁸²

325 1719 439 1760 patet.
462 1712 603 1749 Omnia
631 1719 757 1749 autem
780 1712 928 1749 obiecta
946 1712 1126 1749 virtutum
1157 1711 1285 1748 referri
1304 1723 1392 1760 pos-

327 1772 414 1801 sunt
438 1765 502 1801 vel
530 1765 579 1802 ad
609 1765 755 1802 bonum
782 1765 975 1814 privatum
1005 1765 1162 1802 alicuius
1186 1776 1390 1813 personae,

325 1818 387 1854 vel
416 1817 464 1854 ad
499 1818 647 1855 bonum
678 1830 886 1855 commune
922 1818 1189 1855 multitudinis:
1220 1817 1315 1854 sicut
1347 1829 1393 1854 ea

327 1882 425 1919 quae
464 1878 550 1908 sunt
582 1871 808 1908 fortitudinis
841 1878 966 1920 potest
998 1870 1132 1920 aliquis
1164 1869 1299 1920 exequi
1328 1871 1391 1907 vel

325 1930 481 1972 propter
501 1924 833 1961 conservationem
855 1924 1011 1961 civitatis
1023 1919 1061 1970 ⁸⁴²,
1090 1925 1153 1961 vel
1172 1923 1221 1960 ad
1242 1935 1393 1960 conser-

325 1976 499 2013 vandum
523 1977 581 2014 ius
610 1977 720 2014 amici
749 1978 826 2024 sui;
856 1985 893 2014 et
921 1977 1044 2014 simile
1065 1985 1120 2014 est
1139 1977 1176 2013 in
1197 1976 1289 2013 aliis.
1311 1977 1391 2013 Lex

327 2037 468 2077 autem,
488 2038 530 2067 ut
549 2030 692 2068 dictum
714 2038 768 2067 est
781 2030 813 2078 ³⁸,
839 2030 1035 2068 ordinatur
1053 2030 1102 2067 ad
1121 2030 1269 2067 bonum
1289 2041 1392 2066 com-

381 2158 408 2190 α)
428 2157 553 2183 ciuitatis.
572 2172 591 2177 -
610 2158 747 2183 civitatum
768 2158 878 2183 codices.

381 2192 406 2226 β)
426 2200 573 2219 commune.
592 2207 610 2213 ·-
629 2201 706 2219 omne
723 2194 907 2219 ABCDGHIL.

1444 562 1573 587 mune.
1604 551 1652 587 Et
1679 550 1766 587 ideo
1795 551 1897 587 nulla
1924 544 2040 595 virtus
2071 558 2126 587 est
2155 551 2202 588 de
2232 551 2338 589 cuius
2362 553 2506 592 actibus

1442 603 1500 639 lex
1527 603 1747 652 praecipere
1777 616 1855 640 non
1882 604 2015 653 possit.
2037 605 2129 641 Non
2157 611 2286 641 tamen
2312 605 2360 642 de
2384 607 2507 644 omni-

1443 656 1514 692 bus
1543 655 1688 692 actibus
1717 657 1892 693 omnium
1911 657 2094 694 virtutum
2124 658 2182 693 lex
2201 657 2371 695 humana
2399 671 2507 707 prae-

1444 708 1551 756 cipit:
1581 709 1648 745 sed
1677 709 1801 745 solum
1827 710 1874 746 de
1903 710 1973 747 illis
2001 710 2065 758 qui
2090 718 2176 747 sunt
2205 710 2434 748 ordinabiles
2458 712 2507 750 ad

1443 761 1590 798 bonum
1616 773 1835 808 commune,
1863 763 1926 799 vel
1953 762 2184 810 immediate,
2210 763 2306 800 sicut
2331 775 2419 801 cum
2441 764 2507 801 ali-

1443 826 1519 861 qua
1549 814 1687 851 directe
1715 822 1872 863 propter
1899 815 2046 852 bonum
2066 828 2275 853 commune
2297 817 2415 863 fiunt;
2443 818 2507 855 vel

1420 874 1426 880 ’
1443 866 1619 914 mediate,
1641 867 1736 903 sicut
1756 879 1844 903 cum
1863 867 1990 915 aliqua
2011 868 2234 906 ordinantur
2253 882 2275 906 a
2294 869 2506 918 legislatore

1441 920 1666 968 pertinentia
1681 919 1728 956 ad
1749 920 1892 956 bonam
1913 920 2162 970 disciplinam,
2177 934 2247 971 per
2265 935 2383 971 quam
2404 922 2507 960 cives

1442 972 1693 1009 informantur
1710 980 1752 1009 ut
1771 984 1978 1010 commune
1997 972 2012 1002 β
2032 975 2178 1011 bonum
2198 974 2357 1012 iustitiae
2386 983 2423 1013 et
2440 988 2506 1025 pa-

1443 1037 1495 1062 c1s
1524 1033 1761 1062 conservent.

1495 1080 1554 1115 AD
1570 1090 1707 1116 Palmum
1722 1089 1820 1115 ERGO
1836 1089 2020 1115 mCENDUM
2036 1081 2139 1127 quod
2159 1080 2218 1116 lex
2237 1080 2406 1119 humana
2425 1092 2506 1119 non

1443 1131 1620 1180 prohibet
1643 1144 1778 1168 omnes
1807 1138 1912 1168 actus
1934 1130 2107 1178 vitiosos,
2128 1132 2340 1171 secundum
2362 1133 2507 1183 obliga-

1443 1184 1588 1221 tionem
1606 1184 1809 1234 praecepti,
1833 1183 1929 1220 sicut
1951 1196 2022 1221 nec
2041 1184 2223 1233 praecipit
2245 1196 2380 1224 omnes
2400 1194 2506 1225 actus

1442 1237 1645 1275 virtuosos.
1682 1237 1864 1274 Prohibet
1896 1244 2024 1274 tamen
2061 1237 2210 1286 aliquos
2242 1244 2348 1275 actus
2381 1238 2506 1288 singu-

1444 1291 1568 1327 lorum
1596 1290 1796 1336 vitiorum,
1828 1289 1923 1326 sicut
1956 1290 2069 1327 etiam
2097 1289 2280 1339 praecipit
2317 1292 2506 1340 quosdam

1445 1350 1550 1380 actus
1579 1343 1812 1391 singularum
1839 1342 2034 1380 virtutum.

1497 1398 1557 1433 AD
1585 1408 1775 1433 SECUNDUM
1802 1407 1986 1434 DicENDuM
2021 1396 2128 1444 quod
2162 1396 2296 1446 aliquis
2325 1403 2430 1434 actus
2453 1397 2509 1435 di-

1445 1450 1539 1487 citur
1568 1462 1649 1486 esse
1677 1449 1823 1486 virtutis
1852 1448 2060 1498 dupliciter.
2090 1449 2176 1487 Uno
2211 1449 2352 1497 modo,
2382 1461 2428 1487 ex
2461 1460 2509 1488 eo

1445 1503 1550 1552 quod
1577 1503 1696 1539 homo
1726 1509 1904 1551 operatur
1930 1501 2120 1539 virtuosa:
2150 1502 2246 1540 sicut
2273 1509 2377 1540 actus
2405 1502 2510 1540 iusti-

1444 1556 1517 1593 tiae
1537 1561 1552 1584 Υ
1582 1563 1637 1593 est
1664 1556 1788 1592 facere
1814 1561 1926 1602 recta,
1949 1562 1986 1591 et
2004 1562 2109 1592 actus
2129 1555 2356 1604 fortitudinis
2384 1556 2509 1593 facere

1445 1608 1565 1646 fortia.
1583 1610 1631 1645 Et
1650 1609 1702 1645 sic
1717 1609 1775 1645 lex
1794 1607 1978 1657 praecipit
1993 1608 2139 1656 aliquos
2159 1616 2264 1646 actus
2277 1608 2508 1646 virtutum.-

1445 1661 1531 1699 Alio
1551 1662 1670 1699 modo
1697 1661 1831 1698 dicitur
1850 1667 1955 1698 actus
1974 1660 2134 1708 virtutis,
2155 1661 2244 1710 quia
2264 1661 2398 1709 aliquis
2417 1673 2509 1711 ope-

1446 1722 1548 1752 ratur
1573 1715 1743 1752 virtuosa
1772 1726 1817 1751 eo
1847 1714 1966 1751 modo
1995 1726 2073 1762 quo
2099 1714 2291 1751 virtuosus
2319 1721 2508 1764 operatur.

1446 1769 1496 1805 Et
1513 1768 1595 1805 talis
1616 1775 1720 1804 actus
1736 1779 1889 1815 semper
1906 1766 2079 1816 procedit
2098 1779 2120 1804 a
2138 1767 2297 1804 virtute:
2317 1778 2390 1804 nec
2409 1766 2510 1805 cadit

1446 1822 1517 1859 sub
1545 1828 1750 1870 praecepto
1775 1820 1865 1868 legis
1878 1819 1914 1867 ²⁵⁸,
1945 1820 2013 1857 sed
2042 1827 2097 1857 est
2124 1820 2210 1869 finis
2239 1819 2288 1857 ad
2316 1831 2434 1869 quem
2457 1820 2510 1857 le-

1446 1875 1599 1923 gislator
1628 1875 1766 1911 ducere
1794 1873 1964 1910 intendit.

1499 1930 1558 1964 AD
1577 1939 1736 1964 TERTmM
1756 1938 1940 1963 mcuunum
1960 1925 2066 1974 quod
2085 1937 2164 1962 non
2179 1932 2236 1963 est
2254 1925 2379 1975 aliqua
2392 1925 2511 1964 virtus

1447 1981 1553 2018 cuius
1582 1988 1686 2017 actus
1715 1992 1794 2016 non
1813 1979 1886 2016 sint
1904 1978 2133 2016 ordinabiles
2162 1979 2211 2016 ad
2239 1979 2386 2016 bonum
2406 1991 2511 2016 com-

1447 2046 1576 2081 mune,
1597 2041 1639 2070 ut
1658 2033 1800 2070 dictum
1820 2039 1876 2069 est
1885 2031 1918 2080 *‚
1933 2033 1995 2069 vel
2015 2032 2180 2069 mediate
2196 2032 2258 2070 vel
2277 2026 2510 2070 immediate.
2539 2041 2552 2054 ⁶

1500 2157 1527 2190 γ)
1548 2156 1674 2182 iustitiae.
1692 2170 1709 2174 -
1728 2155 1836 2181 virtutis
1855 2154 1974 2180 iustitiae
1993 2155 2039 2180 Pa.

1007 2271 1340 2305 Commentariis.
1362 2270 1612 2304 Carffinahs
1634 2270 1833 2303 Caietam

357 2373 378 2393 N
393 2361 530 2393 articulis
540 2361 655 2402 primo,
667 2361 807 2392 secundo
820 2368 851 2392 et
862 2361 953 2392 tertio
966 2361 1294 2401 nonagesimaesextae
1305 2369 1399 2401 quae*

330 2374 480 2443 Istionis,
503 2406 565 2436 hoc
585 2406 764 2437 notandum
785 2406 920 2436 occurrit
943 2406 1064 2446 primo,
1086 2405 1175 2446 quod
1201 2415 1275 2435 cum
1295 2404 1329 2435 in
1349 2414 1396 2435 se-

329 2451 435 2482 cundo
452 2450 584 2481 articulo
600 2450 800 2481 concluditur
815 2450 959 2490 negativa
971 2450 1010 2480 de
1022 2449 1236 2490 prohibitione
1249 2448 1396 2479 omnium

327 2495 490 2533 vitiorum,
500 2494 683 2535 intelligitur
693 2494 732 2525 de
745 2494 894 2525 omnibus
906 2493 988 2525 vitiis
999 2494 1176 2525 secundum
1191 2500 1292 2524 totam
1304 2503 1396 2523 suam

328 2539 538 2575 latitudinem,
556 2538 636 2569 idest
659 2548 771 2569 omnes
786 2549 899 2569 eorum
922 2545 1027 2574 actus;
1048 2545 1079 2569 et
1096 2548 1163 2568 non
1188 2538 1226 2568 de
1243 2536 1395 2568 omnibus

328 2582 426 2620 vitiis,
451 2583 531 2613 idest
553 2582 712 2613 habitibus
735 2582 870 2613 vitiosis:
895 2589 931 2613 ut
954 2589 1039 2622 patet
1067 2592 1104 2613 ex
1127 2581 1332 2622 responsione
1356 2581 1396 2611 ad

329 2627 470 2668 primum
493 2627 526 2657 in
551 2626 682 2657 articulo
711 2626 819 2663 tertio,
844 2626 900 2657 ubi
929 2626 1043 2657 dicitur
1070 2626 1159 2667 quod
1187 2625 1396 2666 prohibentur

330 2671 439 2702 omnia
462 2671 548 2709 vitia,
573 2671 627 2701 sed
650 2681 716 2700 non
741 2671 918 2701 secundum
941 2680 1053 2701 omnes
1077 2677 1164 2701 actus
1188 2679 1310 2700 eorum.

386 2715 476 2746 11.1n
500 2715 632 2746 articulo
648 2714 739 2745 tertio
768 2714 942 2755 specialiter
965 2714 1100 2745 occurrit
1123 2713 1258 2744 dubium
1277 2714 1316 2744 de
1342 2713 1395 2744 illa

329 2759 565 2800 propositione:
589 2758 705 2790 Omnia
732 2759 851 2790 obiecta
876 2760 1029 2790 virtutum
1054 2758 1174 2800 referri
1191 2763 1330 2798 possunt
1351 2757 1395 2789 ad

330 2804 444 2834 bonum
458 2805 619 2844 privatum
635 2803 773 2834 alicuius
781 2812 954 2844 personae,
969 2803 1019 2834 vel
1029 2803 1073 2833 ad
1091 2803 1206 2833 bonum
1228 2811 1394 2841 commune

330 2848 555 2879 multitudinis.
584 2848 667 2878 Nam
696 2847 857 2878 obiectum
885 2857 1051 2887 supremae
1074 2846 1197 2877 virtutis
1215 2869 1222 2883 ,
1246 2846 1279 2876 in
1303 2845 1394 2876 cuius

332 2892 515 2923 attinctione
539 2891 681 2922 consistit
704 2891 845 2928 felicitas,
863 2901 928 2921 non
953 2898 1058 2931 potest
1080 2890 1186 2920 referri
1209 2890 1248 2920 ad
1271 2890 1395 2921 bonum

331 2936 490 2976 privatum
518 2942 573 2967 aut
604 2945 795 2972 commune,
826 2935 902 2976 quia
925 2942 972 2966 est
995 2934 1165 2975 superioris
1188 2940 1334 2970 naturae,
1359 2940 1395 2965 ut

331 2987 416 3020 patet
438 2980 471 3010 in
493 2981 523 3010 X
546 2980 648 3011 Ethic.
663 2980 681 2999 *

387 3024 440 3055 111.
456 3025 507 3055 Ad
523 3023 584 3055 hoc
608 3023 773 3064 dupliciter
796 3023 919 3054 dicitur.
944 3022 1062 3059 Primo,
1083 3022 1173 3063 quod
1190 3023 1313 3053 Auctor
1327 3031 1394 3052 non

332 3068 474 3109 loquitur
497 3069 534 3099 de
558 3068 708 3099 omnibus
731 3067 914 3104 virtutibus,
939 3067 994 3098 sed
1012 3066 1073 3097 illis
1088 3076 1229 3108 quorum
1247 3065 1396 3106 opposita

333 3119 406 3143 sunt
420 3112 507 3143 vitia:
525 3119 560 3143 ut
575 3119 660 3153 patet
675 3112 707 3142 in
724 3118 793 3143 toto
809 3121 960 3152 processu
984 3110 1116 3142 articuli.
1133 3110 1271 3142 Virtutes
1288 3116 1395 3140 autem

333 3155 558 3187 intellectuales
574 3156 793 3197 speculativae,
807 3157 845 3186 de
861 3155 978 3197 quibus
994 3154 1029 3186 fit
1044 3154 1191 3191 obiectio,
1207 3164 1274 3185 non
1290 3163 1394 3194 oppo-

335 3207 453 3230 nuntur
467 3200 558 3236 vitiis,
573 3201 627 3231 sed
642 3201 837 3241 ignorantiae
852 3210 966 3240 pravae
977 3198 1202 3240 dispositionis.
1212 3216 1233 3222 -
1245 3198 1306 3230 Sed
1318 3198 1395 3229 haec

334 3244 498 3284 responsio
515 3244 654 3275 dissonat
670 3245 707 3275 ab
724 3244 892 3275 universali
909 3243 1100 3284 simpliciter,
1121 3250 1157 3275 ut
1176 3243 1209 3273 in
1225 3242 1326 3274 littera
1341 3241 1393 3274 fit:

1451 2366 1482 2390 et
1501 2359 1621 2390 aaealce
1646 2359 1786 2399 corporis
1810 2358 1947 2395 articuli,
1971 2359 2026 2390 ubi
2050 2359 2164 2390 dicitur
2182 2358 2271 2400 quod
2291 2369 2312 2390 a
2328 2359 2515 2400 legislatore

1451 2404 1644 2434 ordinantur
1664 2404 1862 2444 pertinentia
1885 2403 1930 2434 ad
1951 2402 2066 2434 bonam
2089 2403 2306 2444 disciplinam,
2329 2412 2394 2444 per
2414 2412 2512 2444 quam

1450 2449 1534 2479 cives
1556 2447 1778 2489 informantur
1801 2453 1836 2478 ut
1863 2456 2032 2478 commune
2059 2447 2175 2478 bonum
2203 2447 2344 2478 iustitiae
2366 2452 2398 2478 et
2418 2446 2514 2488 pacis

1448 2498 1654 2530 conservent,·
1677 2498 1799 2522 constat
1821 2491 1908 2522 enim
1926 2501 1993 2522 non
2011 2490 2091 2522 nihil
2106 2491 2146 2522 ad
2164 2491 2243 2522 haec
2259 2490 2402 2522 conferre
2421 2490 2514 2523 disci-

1449 2536 1571 2576 plinam
1594 2536 1829 2576 speculativam,
1853 2535 1927 2566 licet
1949 2534 2095 2566 mediate.

1505 2581 1557 2611 IV.
1575 2580 1721 2611 Secundo
1738 2589 1813 2620 ergo
1830 2579 1943 2610 dicitur
1965 2579 2055 2620 quod
2071 2578 2194 2610 obiecta
2208 2577 2363 2610 virtutum
2378 2585 2514 2620 possunt

1449 2624 1616 2665 dupliciter
1643 2624 1737 2655 sumi.
1767 2624 1891 2660 Primo,
1927 2623 2104 2654 secundum
2127 2631 2176 2653 se:
2201 2629 2232 2654 et
2254 2621 2298 2653 sic
2327 2622 2444 2654 falsum
2467 2629 2515 2654 est

1448 2669 1537 2710 quod
1556 2675 1691 2709 possunt
1714 2674 1796 2699 recte
1818 2667 1925 2698 referri
1947 2667 1981 2698 in
2003 2667 2127 2698 bonum
2149 2666 2310 2707 privatum
2332 2673 2388 2698 aut
2409 2666 2514 2707 publi·

1449 2722 1532 2743 curn.
1547 2730 1568 2736 —
1580 2713 1737 2749 Secundo,
1754 2712 1931 2743 secundum
1946 2718 2034 2742 actus
2050 2711 2167 2752 quibus
2182 2710 2284 2742 homo
2305 2710 2430 2755 attingit
2449 2710 2515 2742 ma.

1448 2757 1489 2788 Et
1511 2756 1657 2787 sic'nihil
1679 2756 1826 2797 prohibet
1855 2756 2003 2787 omnium
2025 2755 2179 2786 virtutum
2203 2755 2326 2786 obiecta
2347 2755 2390 2786 ad
2411 2754 2514 2795 priva-

1447 2808 1517 2832 tum
1540 2800 1590 2831 vel
1613 2800 1779 2840 publicum
1806 2801 1930 2831 bonum
1958 2806 2040 2841 recte
2063 2798 2170 2830 referri
2197 2808 2302 2840 posse.
2335 2798 2420 2830 Nam
2440 2798 2515 2830 licet

1447 2845 1534 2876 Deus
1557 2844 1715 2884 gloriosus
1738 2854 1804 2874 non
1828 2844 1867 2875 sit
1889 2843 2052 2875 referibilis
2070 2850 2153 2874 recte
2171 2843 2205 2874 in
2218 2852 2330 2875 meum
2343 2843 2393 2873 vel
2409 2842 2513 2874 cuius-

1448 2899 1511 2930 que
1534 2895 1691 2919 creaturae
1709 2889 1852 2925 bonum,
1878 2894 1965 2919 actus
1988 2894 2095 2918 tamen
2119 2886 2235 2928 quibus
2259 2885 2515 2928 contemplamur

1446 2933 1549 2969 illum,
1573 2932 1607 2962 in
1630 2938 1776 2963 nostrum
1796 2932 1920 2962 bonum
1935 2938 2018 2962 recte
2034 2931 2214 2962 referuntur
2229 2937 2260 2962 et
2275 2931 2452 2962 secundum
2468 2939 2512 2968 se,

1448 2984 1479 3008 et
1501 2977 1678 3007 secundum
1701 2976 1850 3007 utilitates
1874 2982 2114 3016 consequentes.
2138 2976 2179 3006 Et
2201 2975 2264 3006 hoc
2286 2974 2403 3006 sufficit
2425 2983 2515 3015 preo-

1448 3021 1529 3052 senti
1555 3020 1723 3052 intentioni
1751 3020 1791 3050 ad
1821 3019 2079 3051 concludendum
2111 3019 2200 3060 quod
2227 3019 2278 3050 lex
2304 3018 2446 3050 humana
2473 3018 2514 3049 de

1448 3065 1568 3096 actibus
1591 3064 1739 3095 omniurn
1761 3064 1916 3095 virtutum
1937 3064 2201 3095 intellectualium
2216 3069 2247 3095 et
2261 3061 2433 3093 moralium
2450 3061 2513 3093 dis-

1447 3119 1565 3150 ponere
1589 3115 1703 3150 potest.
1727 3108 1769 3139 Et
1791 3107 1933 3149 disponit
1956 3108 1994 3139 de
2018 3107 2213 3148 speculativa
2242 3106 2409 3148 sapientia,
2434 3105 2514 3137 dum

1447 3153 1594 3184 homines
1617 3152 1741 3194 aliquos
1764 3152 1809 3182 illi
1832 3161 1943 3183 vacare
1965 3152 2062 3189 iubet,
2083 3158 2128 3189 ut,
2145 3151 2302 3192 sapientes
2317 3150 2400 3187 facti,
2417 3149 2512 3181 etiam

1449 3197 1488 3228 ad
1511 3196 1635 3228 minora
1658 3196 1827 3228 iudicanda
1849 3196 2045 3237 potentiores
2069 3196 2140 3233 sint,
2165 3202 2223 3228 etc.

2536 1829 2546 1840 ·
2559 1827 2591 1851 D.
2608 1830 2670 1858 ιω,
2685 1832 2748 1857 ιο47.
