2840 4010
0 3343 4 3351 -
0 3331 3 3336 ἡ
0 2951 7 3323 wvw———w-a-qr—-fi-W.
0 2919 3 2932 ‚e

357 257 520 279 manemus
539 258 571 278 1v
610 251 713 296 Utrum
743 252 834 289 gratia
863 253 899 282 sit
919 253 950 282 in
975 254 1096 283 essentia
1123 254 1236 283 animae

636 297 709 319 sicut
729 291 759 320 in
780 292 927 329 subiecto,
949 303 987 323 an
1008 294 1038 322 in
1064 294 1160 331 aliqua
1184 303 1239 331 po-

635 331 790 360 tentiarum
811 354 1239 362 ...............
1262 341 1336 372 pag.

570 388 763 423 QUAESTIO
789 390 1206 441 CENTESIMQUNDECtMA

682 443 733 473 De
754 442 923 474 divisione
943 445 1087 481 gratiae.

357 507 546 529 nrxcmust
605 501 708 529 Utrum
745 501 835 538 gratia
865 501 1069 530 convenienter
1097 502 1240 531 dividatur

635 549 688 577 per
697 541 819 578 gratiam
835 548 948 578 gratum
964 541 1114 570 facientem
1129 548 1157 570 et
1175 551 1239 580 gra-

638 580 708 608 tiam
728 580 815 617 gratis
836 581 934 609 datam
958 602 1237 610 ..........

440 630 455 645 ›
536 627 559 647 11
608 620 711 647 Utrum
737 619 829 657 gratia
855 619 1060 649 convenienter
1095 621 1240 650 dividatur

636 668 688 695 per
714 666 883 696 operantem
911 666 939 688 et
964 667 1179 696 cooperantem.
1202 683 1209 689 .
1231 683 1238 690 .

442 709 457 724 ι
539 706 572 726 m
611 699 715 726 Utrum
743 698 834 736 gratia
863 699 1068 728 convenienter
1097 700 1240 729 dividatur

637 738 668 766 in
694 738 925 775 praevenientem
952 745 980 767 et
1007 740 1239 776 subsequentem.

442 788 457 803 ιι
538 785 570 805 rv
609 778 713 805 Utrum
733 777 824 814 gratia
840 778 928 815 gratis
949 779 1016 807 data
1037 779 1240 808 convenienter

636 817 674 845 ab
693 817 836 853 Apostolo
858 817 1000 846 dividatur
1022 840 1238 848 ........

441 866 456 882 »
537 863 557 884 v
606 856 710 884 Utrum
737 857 828 893 gratia
853 858 940 894 gratis
967 859 1034 887 data
1061 858 1097 886 sit
1124 858 1239 896 dignior

637 904 726 932 quam
746 896 838 933 gratia
857 904 970 934 gratum
990 898 1096 926 faciens
1108 919 1236 927 .....

560 955 753 990 QUAESTIO
775 957 1222 986 CENTESIMADUODEOEMA

715 1011 766 1040 De
785 1019 894 1042 causa
914 1012 1058 1048 gratiae.

358 1076 522 1097 muamus
535 1076 547 1096 1
606 1069 709 1096 Utrum
730 1069 808 1096 solus
829 1070 907 1097 Deus
928 1069 964 1098 sit
984 1079 1070 1098 causa
1089 1069 1207 1107 gratiae.
1230 1091 1238 1098 .

441 1118 457 1134 a»
538 1115 560 1136 11
610 1109 713 1136 Utrum
744 1108 905 1145 requiratur
935 1109 1031 1146 aliqua
1057 1109 1238 1146 praeparatio

640 1147 698 1176 sive
719 1147 870 1184 dispositio
895 1149 933 1177 ad
957 1149 1078 1186 gratiam
1099 1159 1132 1178 ex
1157 1155 1238 1186 parte

638 1187 764 1215 hominis
777 1209 1236 1218 ................

441 1237 457 1252 »
537 1235 571 1255 m
610 1227 714 1255 Utrum
727 1227 890 1256 necessario
905 1228 989 1256 detur
1008 1228 1098 1265 gratia
1112 1238 1142 1258 se
1155 1238 1238 1266 prae-

637 1266 750 1303 paranti
768 1267 805 1295 ad
822 1267 952 1304 gratiam,
965 1268 1010 1296 vel
1030 1268 1143 1296 facienti
1157 1269 1238 1306 quod

636 1315 667 1334 m
687 1315 718 1334 se
739 1313 782 1334 est
806 1328 1235 1337 ...............

441 1356 456 1372 2
537 1354 569 1374 1v
608 1347 711 1374 Utrum
731 1346 822 1383 gratia
842 1346 879 1374 sit
898 1346 992 1375 maior
1012 1347 1042 1375 in
1066 1356 1127 1376 uno
1148 1357 1237 1385 quam

641 1385 672 1413 in
691 1385 750 1414 alio
753 1406 1242 1416 .................

441 1437 457 1453 »
537 1434 558 1454 v
607 1426 712 1470 Utrum
739 1425 830 1453 homo
857 1425 950 1462 possit
976 1426 1048 1455 scire
1075 1436 1105 1455 se
1131 1427 1239 1456 habere

636 1471 758 1502 gratiam
779 1487 1236 1500 .................

530 1524 723 1559 QUAESTIO
745 1524 1252 1553 CENTESIMADECIMATERTIA

678 1578 728 1607 De
749 1578 927 1607 effectibus
955 1578 1097 1614 gratiae.

551 1618 597 1648 Et
615 1618 736 1655 primo,
757 1617 799 1647 de
818 1617 1061 1648 iustificatione
1081 1618 1184 1655 impii.

359 1683 548 1706 uncumsx
607 1677 711 1704 Utrum
741 1675 904 1705 iustificatio
931 1676 1012 1713 impii
1042 1675 1080 1704 sit
1106 1674 1239 1705 remmio

637 1722 822 1752 peccatorum
836 1736 1238 1744 ..............

441 1766 456 1782 »
537 1763 560 1784 11
609 1756 712 1784 Utrum
723 1756 760 1784 ad
774 1755 973 1784 remissionem
987 1755 1097 1792 culpae,
1108 1764 1183 1793 quae
1197 1761 1240 1784 est

638 1795 801 1824 iustificatio
827 1795 923 1833 impii,
945 1795 1106 1832 requiratur
1131 1794 1239 1832 gratiae

638 1834 743 1863 infusio
759 1856 1218 1864 ................

441 1886 457 1901 s
538 1882 571 1903 m
609 1875 713 1903 Utrum
734 1875 772 1903 ad
789 1874 1022 1903 iustificationem
1042 1874 1124 1911 impii
1143 1874 1240 1912 requi·

638 1920 718 1943 ratur
737 1920 835 1943 motus
855 1914 937 1943 liberi
957 1914 1066 1943 arbitrii
1082 1935 1238 1943 ......

1359 176 1525 214 INDEX

1360 333 1417 368 314

1361 583 1416 620 317

1302 673 1316 687 2
1361 662 1416 690 318

1361 741 1417 769 320

1378 820 1416 849 ib.

1360 899 1415 927 322

1360 1072 1414 1100 323

1359 1191 1416 1226 324

1358 1310 1412 1339 325

1376 1389 1414 1418 ib.

1359 1467 1414 1496 326

1361 1717 1416 1746 328

1361 1836 1416 1872 329

1355 1891 1417 1942 '332

1467 262 1631 284 ARncuLus
1650 262 1682 283 tv
1721 255 1823 284 Utrum
1843 255 1880 283 ad
1901 254 2132 284 iustificationem
2152 255 2232 292 impii
2247 255 2342 293 requi-

1747 301 1827 323 ratur
1846 301 1944 323 motus
1964 295 2031 324 fidei
2042 315 2346 324 ...........
2372 303 2445 333 pag.
2469 295 2522 323 333

1553 345 1568 360 ι
1649 342 1669 362 v
1718 335 1820 363 Utrum
1841 335 1879 362 ad
1898 334 2128 363 iustificationem
2148 334 2228 371 impii
2252 334 2347 371 requi-

1748 380 1827 402 ratur
1847 381 1943 402 motus
1963 374 2044 403 liberi
2068 373 2178 402 arbitrii
2197 374 2228 402 in
2247 382 2347 410 pecca-

1748 420 1811 441 tum
1825 434 2345 442 ..................
2409 423 2424 438 »
2468 412 2524 447 334

1553 463 1568 478 »
1649 460 1680 481 Vl
1718 453 1821 481 Utrum
1835 453 1967 481 remissio
1980 459 2164 490 peccatorum
2177 453 2280 481 debeat
2293 461 2348 480 nu-

1748 492 1852 520 merari
1872 492 1946 521 inter
1966 502 2001 521 ea
2014 501 2088 530 quae
2109 492 2292 530 requiruntur
2309 492 2347 520 ad

1747 531 1978 561 iustificationem
1998 532 2078 569 impii
2094 552 2342 561 .........
2407 541 2422 557 s
2466 530 2520 559 335

1649 579 1691 599 vu
1720 571 1822 600 Utrum
1834 571 1996 600 iustificatio
2012 571 2093 608 impii
2113 571 2163 600 fiat
2175 571 2205 600 in
2219 570 2344 606 instanti,

1747 611 1792 639 vel
1816 611 1974 640 successive
1976 631 2345 639 .............
2408 620 2423 635 »
2467 609 2522 646 337

1553 661 1568 676 »
1648 658 1700 678 vm
1719 650 1822 678 Utrum
1839 650 1946 688 gratiae
1966 650 2070 679 infusio
2084 650 2120 679 sit
2132 650 2226 687 prima
2244 649 2345 678 ordine

1747 696 1866 718 naturae
1880 690 1954 718 inter
1967 699 2002 718 ea
2021 699 2095 727 quae
2111 689 2295 727 requiruntur
2308 689 2346 717 ad

1748 729 1979 758 iustificationem
2006 729 2096 766 impii.
2126 749 2343 757 ........
2407 738 2423 754 »
2466 727 2522 764 339

1553 779 1568 794 »
1648 775 1680 796 xx
1718 769 1822 796 Utrum
1842 769 2004 798 iustificatio
2030 768 2111 806 impii
2132 768 2168 797 sit
2188 768 2345 797 maximum

1748 817 1822 844 opus
1843 808 1914 836 Dei.
1945 828 2342 837 ..............
2406 817 2421 833 »
2466 806 2517 842 ³4¹

1553 858 1568 873 »
1649 855 1670 875 x
1719 848 1821 876 Utrum
1842 847 2003 876 iustificatio
2029 847 2111 884 impii
2135 847 2171 876 sit
2190 856 2265 884 opus
2292 846 2346 875 mi-

1747 887 1912 915 raculosum
1915 907 2345 916 ...............
2408 896 2424 911 »
2468 885 2523 920 342

1631 959 1822 994 QUAESTIO
1844 958 2365 994 CENTESIMADECIMAQUARTA

1895 1020 1946 1049 De
1966 1020 2100 1050 merito.

1467 1093 1630 1114 Amicums
1644 1093 1655 1113 1
1714 1085 1817 1112 Utrum
1844 1084 1935 1112 homo
1955 1084 2047 1121 possit
2075 1083 2184 1121 aliquid
2205 1083 2308 1112 mereri
2328 1093 2346 1112 a

1747 1124 1810 1152 Deo
1827 1144 2343 1152 ..................
2407 1134 2423 1149 ι
2466 1123 2523 1159 344

1551 1175 1567 1190 »
1647 1172 1670 1192 11
1718 1163 1821 1191 Utrum
1849 1162 1951 1200 aliquis
1971 1162 2033 1191 sine
2059 1162 2150 1200 gratia
2169 1162 2261 1200 possit
2285 1171 2346 1191 me-

1747 1202 1803 1230 reri
1820 1202 1907 1230 vitam
1921 1208 2066 1231 aeternam
2070 1223 2342 1231 ..........
2407 1213 2422 1229 »
2466 1202 2522 1238 346

1551 1253 1566 1268 »
1646 1251 1679 1271 m
1717 1242 1820 1270 Utrum
1835 1242 1925 1270 homo
1939 1242 1970 1270 in
1983 1242 2072 1279 gratia
2090 1241 2261 1270 constitutus
2278 1250 2346 1278 pos-

1746 1281 1783 1310 sit
1803 1281 1906 1310 mereri
1932 1281 2020 1310 vitam
2048 1287 2195 1310 aeternam
2215 1290 2250 1310 ex
2275 1290 2346 1309 con-

1747 1321 1836 1358 digno
1856 1341 2343 1349 .................
2407 1332 2423 1348 ²
2467 1320 2522 1357 347

1550 1372 1566 1387 »
1646 1369 1678 1389 1v
1716 1361 1819 1389 Utrum
1833 1366 1923 1397 gratia
1931 1360 1968 1388 sit
1977 1360 2148 1397 principium
2161 1359 2254 1389 meriti
2267 1359 2347 1396 prin-

1744 1399 1864 1436 cipalius
1878 1409 1930 1436 per
1944 1399 2090 1428 caritatem
2103 1408 2191 1437 quam
2207 1408 2260 1437 per
2278 1399 2348 1428 alias

1746 1439 1864 1468 virtutes
1892 1460 2347 1468 ................
2409 1450 2425 1466 »
2468 1439 2524 1475 348

1551 1491 1566 1506 ι
1647 1487 1668 1507 v
1716 1479 1820 1507 Utrum
1840 1479 1931 1507 homo
1957 1478 2048 1515 possit
2077 1478 2132 1507 sibi
2159 1478 2262 1507 mereri
2288 1478 2346 1515 pri—

1747 1527 1826 1546 mam
1852 1518 1973 1555 gratiam
1980 1539 2346 1547 .............
2409 1529 2424 1544 »
2468 1517 2524 1555 349

1549 1569 1567 1585 ι
1647 1566 1678 1586 vx
1717 1558 1820 1586 Utrum
1841 1558 1931 1586 homo
1951 1557 2043 1594 possit
2062 1557 2143 1586 alteri
2163 1556 2267 1586 mereri
2288 1557 2347 1594 pri-

1708 1596 1712 1597 ⁷
1748 1606 1827 1626 mam
1847 1597 1967 1634 gratiam
1982 1618 2346 1626 .............
2409 1607 2425 1623 ι
2468 1596 2525 1625 350

1551 1649 1567 1664 ›
1648 1645 1690 1666 vu
1719 1637 1823 1665 Utrum
1843 1637 1934 1665 homo
1955 1636 2045 1674 possit
2065 1636 2120 1665 sibi
2140 1636 2244 1665 mereri
2263 1645 2347 1673 repa-

1747 1674 1891 1705 rationem
1909 1683 1976 1713 post
1989 1676 2102 1713 lapsum
2105 1697 2345 1704 .........
2408 1686 2424 1702 ι
2468 1675 2520 1703 351

1552 1727 1567 1743 »
1647 1724 1701 1744 vm
1720 1716 1823 1744 Utrum
1837 1716 1928 1744 homo
1939 1715 2030 1752 possit
2043 1715 2145 1744 mereri
2159 1721 2344 1753 augmentum

1748 1755 1855 1793 gratiae
1875 1755 1919 1783 vel
1943 1754 2066 1784 caritatis
2068 1775 2346 1783 ..........
2409 1765 2425 1781 ²
2469 1754 2524 1783 352

1554 1807 1569 1822 »
1650 1803 1682 1823 11
1720 1796 1824 1823 Utrum
1854 1795 1946 1823 homo
1981 1794 2073 1832 possit
2108 1794 2347 1831 perseverantiam

1749 1833 1854 1863 mereri
1855 1855 2346 1863 .................
2409 1844 2425 1859 ι
2469 1833 2523 1862 353

1551 1885 1569 1901 ι
1648 1882 1669 1902 x
1717 1875 1820 1903 Utrum
1850 1873 2021 1911 temporalia
2053 1874 2133 1902 bona
2162 1874 2266 1902 cadant
2294 1874 2347 1902 sub

1748 1913 1862 1942 merito.
1889 1933 2347 1942 ................
2410 1923 2426 1938 ι
2469 1911 2528 1947 354
