2840 4010
1014 195 1279 241 QUAESTIO
1310 195 1395 242 CV,

1424 195 1719 233 ARTICULUS
1749 195 1798 231 111
2419 196 2495 242 269

995 300 1324 332 Commentario.
1347 298 1595 332 Oardinalis
1617 300 1815 333 Caietam·

316 396 367 460 Iu
388 387 574 428 quaestione
598 388 880 428 centesimaquinta
903 387 964 418 hoc
981 387 1088 418 solum
1103 385 1305 417 scribendum
1323 396 1374 416 oc-

346 431 450 467 currit,
473 432 563 472 quod
586 439 652 463 tam
675 442 713 463 ex
727 433 795 472 lege
809 432 916 468 veteri,
932 441 1030 472 quam
1048 441 1085 461 ex
1101 430 1286 461 auctoritate
1301 430 1372 459 Ari-

77 478 132 500 ·(:f.
144 482 186 500 m
199 484 219 505 ²
229 478 285 506 ιι(13-
315 475 435 506 stotelis
450 483 481 506 et
496 476 681 513 Auctoris*‚
701 483 832 517 apparet
846 475 935 517 quod
957 485 1024 505 non
1046 473 1298 504 irrationabiliter
1321 483 1372 503 or-

315 518 475 550 dinaretur
498 521 586 560 quod
609 526 676 551 tam
699 519 837 555 ecclesia,
861 528 960 560 quam
982 517 1177 558 quicumque
1197 516 1286 553 alius,
1307 527 1373 548 non
1430 529 1549 558 paucos
1562 520 1738 556 deveniant,
1750 527 1785 551 ut
1801 519 2024 552 hoc*videtur
2038 521 2208 562 pluribus
2200 531 2233 551 1n
2248 521 2326 552 locis
2341 520 2490 551 accidere.

72 1275 87 1287 ⁴
98 1273 166 1296 Vm.
180 1280 201 1303 3.
252 1283 262 1285 ⁴

73 1433 84 1443 ⁶
99 1431 167 1455 vnn.
181 1439 202 1461 7.

1429 395 1536 425 posset
1552 389 1632 418 ultra
1651 394 1775 419 tantum
1799 389 1862 429 agri
1886 389 1918 419 in
1943 389 2074 421 civitatis
2097 388 2253 419 territorio
2274 395 2310 419 ut
2324 388 2489 428 proprium

1431 432 1556 468 habere;
1576 432 1630 462 sed
1642 433 1798 463 donatum
1814 433 1864 463 vel
1877 433 2074 464 successione
2085 433 2136 463 vel
2147 432 2394 482 quomodolibet
2404 433 2492 463 aliter

1430 475 1601 505 obveniens
1613 477 1685 516 plus
1698 476 1830 517 quilibet
1841 484 1999 508 teneretur
2008 477 2160 513 vendere;
2173 486 2213 508 ne
2223 477 2438 518 possessiones
2451 477 2489 506 ad

1117 671 1434 714 ARTICULUS
1463 672 1691 714 TERTIUS

403 761 558 795 UTRUM
582 747 816 795 molciAmA
839 762 1095 793 PRAECEPTA
1119 762 1216 794 SINT
1239 762 1579 795 CONVENIENTER
1598 764 1793 795 TRADITA
1818 765 2035 802 QUANTUM
2058 767 2116 797 AD
2141 767 2400 799 EXTRANEos

402 873 500 912 μή
527 863 550 889 D
568 862 729 888 ’rm-rium
747 862 801 887 Sic
821 862 1060 888 paocnnrrun.
1090 850 1249 888 Videtur
1267 851 1374 910 quod

379 901 431 951 ἦρέ
453 906 496 963 io
526 903 713 940 iudicialia
731 911 934 952 praecepta
952 916 1031 941 non
1051 905 1124 941 sint
1147 903 1375 940 convenien-

398 953 409 956 ”
423 954 434 956 Α
464 942 583 997 fter
604 956 740 993 tradita
764 964 950 1005 quantum
970 957 1018 994 ad
1038 964 1247 994 extraneos.
1275 956 1376 993 Dicit

352 995 355 1002 ⁴
389 1002 467 1033 Ὢ..
497 1009 629 1046 e-nim
658 1010 804 1056 Petrus,
826 1010 908 1046 Act.
928 1021 951 1046 x
969 1009 1006 1046 *.
1035 1011 1082 1046 In
1098 1011 1256 1054 veritate
1273 1021 1374 1046 com-

309 1061 398 1109 peri
421 1062 602 1109 quoniam
630 1074 704 1099 non
724 1068 779 1099 est
795 1068 968 1111 acceptor
980 1074 1233 1111 personarum
1252 1063 1375 1107 Deus,-

314 1113 381 1150 sed
405 1113 443 1150 in
471 1115 578 1151 omni
601 1121 713 1164 gente
748 1116 814 1164 qui
843 1116 947 1152 timet
975 1116 1100 1153 Deum
1136 1121 1173 1152 et
1196 1121 1376 1163 operatur

315 1166 503 1213 iustitiam,
532 1174 704 1216 acceptus
731 1174 787 1205 est
811 1168 874 1205 illi.
905 1168 984 1206 Sed
1009 1169 1059 1206 illi
1086 1169 1152 1217 qui
1175 1176 1266 1206 sunt
1289 1169 1373 1206 Deo

315 1219 473 1275 accepti,
487 1232 578 1257 non·
587 1228 678 1258 sunt
696 1222 744 1258 ab
764 1221 923 1258 ecclesia
950 1222 1022 1259 Dei
1050 1221 1285 1259 excludendi.
1316 1223 1374 1258 In-

316 1272 588 1310 convenienter
615 1273 726 1321 igitur
751 1274 955 1311 mandatur
976 1275 1240 1324 Deut.xx111*,
1270 1275 1373 1323 quod

313 1325 549 1363 Ammonites
574 1332 622 1363 et
637 1327 836 1372 Moabites,
857 1328 968 1364 etiam
990 1333 1078 1376 post
1102 1327 1287 1364 decimam
1309 1340 1374 1378 ge-

315 1378 568 1426 nerationem,
597 1391 671 1416 non
705 1380 898 1416 intrabunt
926 1380 1121 1418 ecclesiam
1146 1379 1306 1418 Domini
1335 1382 1373 1417 in

315 1436 532 1476 aeternum;
551 1444 572 1468 e
591 1431 787 1469 contrario
806 1440 934 1470 autern
954 1433 1133 1471 ibidem*
1149 1433 1375 1483 praecipitur

315 1484 364 1521 de
387 1484 618 1531 quibusdam
637 1485 833 1532 gentibus:
862 1486 954 1523 Non
982 1486 1260 1524 abominaberis
1286 1488 1375 1524 Idu-

315 1547 480 1583 maeum,
495 1538 585 1585 quia
592 1538 724 1585 frater
742 1544 827 1575 tuus
844 1544 918 1582 est,·
937 1551 1005 1576 nec
1022 1539 1265 1589 Aegyptium,
1286 1541 1374 1589 quia

313 1588 461 1629 advena
476 1590 594 1638 suisti
618 1591 656 1628 in
685 1597 787 1628 terra
814 1591 904 1629 eius.

343 1653 404 1681 2.
433 1643 672 1690 PRAETEREA,
703 1657 748 1682 ea
776 1656 875 1692 quae
904 1657 982 1682 non
1010 1653 1098 1682 sunt
1123 1645 1163 1683 in
1189 1653 1374 1695 potestate

314 1701 457 1743 nostra,
477 1708 556 1734 non
575 1705 769 1735 merentur
787 1697 954 1745 aliquam
973 1710 1154 1746 poenam.
1174 1699 1252 1737 Sed
1270 1700 1374 1748 quod

249 1775 253 1779 .
314 1747 435 1784 homo
463 1748 510 1785 sit
537 1751 751 1796 eunuchus,
766 1750 829 1787 vel
852 1763 898 1787 ex
917 1758 1042 1788 scorto
1071 1759 1192 1799 natus,
1219 1765 1299 1790 non
1319 1760 1375 1790 est

74 1838 241 1892 fvit-nrm.

75 2072 87 2083 ·
101 2070 169 2094 Von-
180 2076 213 2094 a.

77 2179 88 2190 ·
95 2177 168 2209 ‚vem
182 2183 205 2206 9.

74 2394 87 2407 ⁸
98 2393 208 2422 Vct-'19
223 2399 259 2422 sq

76 2708 89 2720 ⁴
103 2707 173 2730 Vere.
188 2713 220 2735 ¹9·

77 2811 87 2822 ·
98 2810 165 2833 Vm.
175 2817 197 2840 ¹3
213 2817 264 2839 sqq.

174 2847 191 2864 α

82 3189 92 3199 “
107 3188 175 3211 Vm.
189 3194 201 3217 5
215 3195 266 3217 sqq.

314 1799 354 1838 in
379 1808 566 1849 potestate
590 1802 687 1840 eius.
717 1805 820 1850 Ergo
844 1803 1156 1842 inconvenienter
1173 1806 1375 1843 mandatur

313 1853 424 1892 Dent.
444 1855 568 1893 xxm*
571 1883 580 1902 ,
610 1856 716 1905 quod
744 1857 946 1903 eunuchus,
975 1863 1012 1894 et
1035 1869 1087 1894 ex
1101 1864 1224 1895 scorto
1253 1864 1373 1905 natus,

316 1917 391 1944 non
421 1907 658 1957 ingrediatur
683 1909 878 1947 ecclesiam
901 1910 1068 1947 Domini.

370 1960 405 1996 3.
435 1961 676 2010 PRAETEREA,
713 1964 771 2000 lex
803 1970 914 2000 vetus
946 1963 1236 2002 misericorditer
1267 1977 1375 2002 man-

314 2011 421 2050 davit
446 2021 490 2050 ut
515 2014 690 2053 advenae
723 2028 803 2053 non
837 2015 1068 2064 affligantur:
1102 2016 1236 2055 dieitur
1272 2018 1374 2055 enirn

314 2065 438 2103 Exod.
464 2067 593 2105 xx11*:
625 2069 824 2106 Advenam
857 2081 931 2106 non
965 2070 1218 2117 contristabis,
1256 2083 1375 2119 neque

315 2118 466 2168 affliges
484 2132 593 2158 eum:
620 2122 791 2159 advenae
816 2122 916 2158 enim
935 2128 971 2159 et
988 2123 1056 2171 ips:
1052 2122 1196 2171 'fuistis
1215 2124 1252 2161 in
1271 2129 1373 2162 terra

314 2171 503 2221 Aegypt&
526 2180 564 2210 et
590 2186 675 2212 xxm
693 2175 732 2197 *·
759 2175 968 2224 Peregrino
987 2175 1162 2213 molestus
1184 2189 1259 2214 non
1279 2178 1374 2214 eris:

313 2225 413 2263 scitis
438 2226 538 2263 enim
561 2227 796 2265 advenarum
820 2227 980 2274 animas,
1008 2229 1096 2276 quia
1124 2234 1161 2266 et
1176 2229 1248 2278 ipsi
1266 2242 1375 2279 pere-

313 2277 418 2327 grim
413 2278 556 2326 fuistis·
577 2281 618 2318 in
639 2286 741 2318 terra
759 2281 937 2331 Aegypti.
967 2281 1046 2318 Sed
1063 2281 1114 2318 ad
1131 2282 1375 2321 afflictionem

315 2330 471 2368 alicuius
489 2334 651 2380 pertinet
678 2334 786 2382 quod
812 2333 937 2371 usuris
964 2334 1212 2383 opprimatur.
1242 2337 1376 2374 Incon-

313 2383 511 2423 venienter
538 2386 648 2435 igitur
666 2387 726 2424 lex
745 2387 926 2435 permisit,
946 2388 1210 2436 Deut.xx111',
1227 2397 1271 2426 ut
1288 2390 1375 2427 alie-

314 2436 372 2474 nis
399 2437 450 2475 ad
476 2450 634 2477 usuram
663 2440 866 2490 pecuniam
894 2447 1122 2478 mutuarent.

366 2501 404 2536 4.
422 2491 656 2539 PRAETEREA,
672 2493 792 2530 multo
809 2493 929 2541 magis
944 2493 1252 2543 appropinquant
1264 2496 1374 2533 nobis

315 2543 492 2581 homines
511 2558 628 2594 quam
652 2546 820 2583 arbores.
851 2547 928 2584 Sed
947 2546 1005 2583 his
1026 2557 1124 2595 quae
1151 2555 1238 2585 sunt
1264 2549 1375 2586 nobis

316 2596 436 2644 magis
472 2598 708 2647 propinqua,
746 2598 868 2647 magis
905 2599 1091 2636 debemus
1125 2600 1304 2639 affectum
1339 2610 1376 2639 et

317 2648 496 2687 effectum
529 2651 737 2689 dilectionis
770 2651 1016 2700 impendere3
1045 2653 1257 2692 secundum
1283 2654 1375 2693 illud

314 2702 568 2740 Eccli.x111*:
603 2705 723 2742 Omne
748 2705 894 2742 animal
915 2705 1038 2754 diligit
1061 2705 1181 2744 simile
1205 2707 1296 2745 sibi.-
1323 2709 1377 2746 sic

316 2759 352 2790 et
369 2755 490 2793 omnis
507 2757 620 2794 homo
635 2757 858 2805 proximum
877 2758 1377 2809 sihi.1nconve·nienterigi-

317 2813 377 2844 tur
403 2808 606 2857 Dominus,
625 2811 741 2847 Deut.
755 2809 842 2847 xx*
844 2810 1076 2857 ,mandavit
1094 2813 1200 2860 quod
1218 2812 1303 2850 dea
1327 2814 1376 2851 ci-

316 2859 494 2898 vitatibus
523 2862 690 2900 hostium
719 2862 837 2911 captis
870 2875 1006 2901 omnes
1036 2863 1311 2914 interficerent,
1341 2875 1379 2904 et

317 2920 447 2950 tamen
473 2915 630 2952 arbores
657 2915 863 2953 fructiferas
891 2928 970 2954 non
997 2917 1242 2957 succiderent.

375 2967 408 3003 5.
428 2967 661 3015 Pur-mem,
682 2969 830 3006 bonum
845 2981 1052 3007 commune
1072 2971 1284 3009 secundum
1303 2972 1378 3010 vir-

317 3026 437 3056 tutem
471 3027 527 3058 est
557 3021 662 3058 bono
697 3021 845 3070 privato
879 3023 1173 3071 praeferendum
1206 3025 1256 3062 ab
1282 3025 1378 3062 uno-

318 3083 486 3120 quoque.
522 3074 600 3111 Sed
627 3073 666 3111 in
693 3074 795 3112 bello
822 3075 928 3122 quod
965 3075 1212 3113 committitur
1247 3085 1378 3115 contra

318 3126 459 3172 hostes,
480 3126 672 3174 quaeritur
690 3127 838 3164 bonum
858 3139 1076 3165 commune.
1102 3130 1378 3168 Inconvenien-

318 3185 375 3214 ter
401 3177 511 3225 igitur
537 3179 741 3216 mandatur
763 3181 872 3217 Deut.
892 3192 940 3217 xx
958 3180 990 3228 ²⁸²,
1019 3182 1135 3229 quod,
1155 3181 1378 3220 imminente

318 3231 477 3279 proelio,
499 3232 614 3280 aliqui
637 3232 799 3270 domurn
818 3233 1065 3280 remittantur,
1085 3241 1178 3282 puta
1196 3234 1261 3283 qui
1279 3236 1380 3273 aedi-

318 3283 449 3321 ficavit
477 3284 638 3322 domum
666 3297 823 3334 novam,
844 3286 908 3335 qui
930 3286 1113 3335 plantavit
1130 3286 1298 3336 vineam,
1317 3289 1379 3326 vel

319 3336 384 3385 qui
413 3337 616 3387 despondit
642 3350 813 3375 uxorem.

372 3450 400 3484 α)
420 3451 462 3476 de.
475 3465 494 3469 -
513 3452 574 3476 Om.
594 3451 644 3476 EF.

373 3484 399 3520 β)
418 3487 525 3518 pavido.
538 3501 557 3506 -
571 3487 686 3519 pavidus
706 3486 752 3512 Pa.
766 3501 784 3506 -
804 3487 915 3512 Eaedem
935 3495 982 3520 pro
1004 3489 1190 3512 contrariatur
1212 3489 1294 3518 enim,
1320 3496 1381 3514 con-

320 3521 436 3546 trarium
453 3522 522 3548 enim
541 3525 589 3548 est.

1482 853 1516 888 6.
1548 853 1781 900 PRAETEREA,
1812 865 1856 889 ex
1886 854 1995 902 culpa
2024 866 2103 890 non
2131 855 2243 891 debet
2270 855 2354 903 quis
2385 867 2490 892 com-

1429 905 1589 941 modum
1614 913 1817 953 reportare.
1848 906 1925 942 Sed
1954 908 2058 954 quod
2087 908 2206 943 homo
2235 907 2281 944 sit
2303 908 2489 945 formido-

1428 957 1531 994 losus
1547 966 1583 994 et
1602 958 1717 994 corde
1737 958 1919 1006 pavido,
1893 957 1907 986 β
1941 959 2126 1007 culpabile
2147 968 2216 996 est:
2244 961 2491 998 contrariatur

1429 1010 1530 1046 enim
1558 1010 1683 1046 virtuti
1713 987 1950 1047 fortitudinis.
1985 1012 2300 1049 Inconvenienter
2327 1013 2437 1060 igitur
2463 1026 2486 1050 a

1427 1063 1558 1099 labore
1585 1062 1719 1111 proelii
1753 1064 2030 1101 excusabantur
2061 1065 2297 1102 formidolosi
2327 1073 2363 1101 et
2381 1066 2488 1113 pavi-

1429 1116 1521 1152 dum
1552 1128 1618 1152 cor
1644 1116 1828 1152 habentes
1847 1116 1878 1153 ³¹⁴.

1482 1169 1556 1206 SED
1589 1180 1736 1205 CONTRA
1768 1181 1834 1206 EST
1866 1169 1972 1217 quod
2001 1170 2194 1218 Sapientia
2227 1170 2356 1207 divina
2385 1171 2487 1218 dicit,

2519 529 2528 538 '
2543 527 2631 548 hodie?

1427 1221 1539 1258 Pr0v.
1560 1234 1620 1258 vm
1639 1221 1674 1258 ²⁸:
1703 1223 1817 1262 Recti
1837 1228 1924 1259 sunt
1945 1234 2073 1260 omnes
2094 1234 2284 1260 sermones
2304 1224 2394 1261 mei:
2414 1237 2488 1261 non
2517 1240 2525 1247 ·
2564 1244 2599 1259 ers

1428 1280 1482 1310 est
1506 1275 1544 1311 in
1573 1275 1626 1311 eis
1646 1286 1813 1322 pravum
1842 1275 1932 1323 quid
1953 1287 2073 1323 neque
2088 1287 2323 1323 perversum.

1482 1328 1706 1364 RssspoNnsso
1734 1339 1918 1365 mensuum
1950 1329 2055 1377 quod
2087 1341 2174 1365 cum
2205 1329 2390 1366 extraneis
2417 1342 2487 1378 po-

1427 1386 1498 1416 test
1536 1392 1618 1417 esse
1649 1380 1853 1418 hominum
1885 1381 2125 1418 conversatio
2159 1381 2375 1430 dupliciter:
2409 1395 2488 1419 uno

1428 1433 1560 1479 modo,
1581 1433 1756 1481 pacifice3
1776 1433 1849 1470 alio
1870 1434 2003 1481 modo,
2022 1434 2216 1471 hostiliter.
2237 1435 2286 1471 Et
2304 1442 2488 1482 quantum

1428 1485 1476 1522 ad
1496 1493 1702 1535 utrumque
1721 1487 1883 1523 modum
1903 1486 2173 1534 ordinandum,
2187 1487 2247 1523 lex
2262 1488 2491 1524 convenien-

1428 1538 1476 1575 tia
1504 1546 1710 1587 praecepta
1737 1539 1965 1576 continebat.
1995 1539 2210 1588 Tripliciter
2231 1540 2331 1577 enim
2355 1540 2491 1577 offere-

1428 1592 1539 1628 batur
1568 1592 1716 1629 Iudaeis
1745 1591 1894 1629 occasio
1923 1600 1965 1629 ut
1993 1605 2080 1629 cum
2110 1593 2295 1630 extraneis
2330 1593 2490 1641 pacifice

1429 1645 1768 1682 communicarent.
1798 1645 1927 1682 Primo
1955 1645 2128 1693 quidem,
2149 1646 2303 1694 quando
2324 1646 2490 1683 extranei

1428 1709 1496 1745 per
1514 1705 1654 1734 terram
1675 1710 1810 1735 eorum
1829 1698 2028 1735 transitum
2048 1698 2234 1736 faciebant
2253 1699 2361 1747 quasi
2379 1712 2488 1748 pere-

1428 1750 1534 1798 grini.
1564 1751 1649 1787 Alio
1678 1751 1812 1797 modo,
1842 1752 1996 1800 quando
2026 1751 2064 1788 in
2092 1759 2231 1789 terram
2261 1764 2396 1789 eorum
2421 1752 2486 1790 ad-

1428 1803 1632 1840 veniebant
1670 1804 1719 1841 ad
1755 1803 2045 1842 inhabitandum
2082 1804 2178 1841 sicut
2214 1805 2399 1842 advenae.
2441 1806 2490 1842 Et

1428 1864 1614 1904 quantum
1632 1857 1681 1894 ad
1701 1864 1919 1906 utrumque,
1948 1858 2007 1894 lex
2035 1857 2317 1895 misericordiae
2336 1870 2489 1906 praece-

1427 1917 1492 1957 pta
1515 1909 1713 1958 proposuit
1737 1914 1771 1947 Y:
1799 1922 1891 1947 nam
1918 1911 2042 1948 Exod.
2073 1923 2145 1948 xxu
2184 1910 2338 1948 dicitur:
2367 1912 2490 1948 Adve-

1429 1974 1517 1999 nam
1538 1975 1613 1999 non
1641 1963 1893 2007 contristabis;
1921 1971 1958 2000 et
1984 1975 2068 2000 xxm
2101 1964 2255 2001 dicitur:
2278 1965 2487 2014 Peregrino

1428 2015 1602 2052 molestus
1629 2027 1704 2052 non
1723 2016 1797 2053 eris
1815 2016 1846 2053 ³¹⁴.

1429 2068 1595 2105 extranei
1626 2068 1787 2106 totaliter
1818 2069 1856 2106 in
1886 2081 2019 2107 eorum
2050 2069 2283 2107 consortium
2313 2078 2349 2107 et
2378 2070 2488 2107 ritum

1429 2122 1572 2158 admitti
1592 2121 1786 2159 volebant.
1815 2123 1864 2159 Et
1891 2122 1930 2159 in
1953 2122 2011 2159 his
2031 2122 2187 2171 quidam
2207 2123 2303 2160 ordo
2324 2123 2490 2161 attende·

1429 2175 1549 2211 batur.
1571 2175 1662 2212 Non
1683 2174 1785 2212 enim
1805 2175 1930 2212 statim
1950 2175 2228 2224 recipiebantur
2247 2176 2354 2225 quasi
2369 2176 2489 2214 cives:

1429 2227 1524 2264 sicut
1539 2227 1653 2264 etiam
1668 2227 1771 2276 apud
1790 2228 1981 2279 quosdam
2000 2229 2196 2288 gentilium
2216 2236 2396 2267 statutum
2412 2237 2491 2266 erat

1428 2289 1469 2317 ut
1496 2293 1575 2318 non
1603 2288 1866 2340 reputarentur
1893 2281 1996 2318 cives
2031 2281 2102 2319 nisi
2135 2282 2199 2331 qui
2231 2294 2276 2318 ex
2304 2295 2399 2330 avo,
2428 2284 2491 2319 vel

1430 2334 1567 2380 abavo,
1589 2333 1692 2372 cives
1712 2333 1912 2372 existerent
1934 2332 1959 2381 δ,
1988 2342 2030 2372 ut
2057 2335 2314 2391 Philosophus
2334 2335 2432 2383 dicit,
2453 2335 2490 2372 in

1431 2388 1480 2423 III
1508 2386 1616 2423 Polit.
1640 2386 1660 2407 ’¹‘
1688 2387 1737 2424 Et
1764 2387 1839 2424 hoc
1866 2387 1954 2425 ideo
1983 2388 2083 2436 quia,
2112 2388 2144 2425 si
2171 2388 2296 2426 statim
2326 2389 2526 2426 extranei

1430 2439 1675 2477 advenientes
1695 2439 1950 2488 reciperentur
1977 2441 2026 2478 ad
2053 2441 2291 2478 tractandum
2320 2454 2365 2478 ea
2393 2454 2491 2490 quae

1430 2500 1516 2529 sunt
1543 2492 1695 2541 populi,
1724 2501 1882 2541 possent
1913 2494 2032 2531 multa
2058 2494 2226 2542 pericula
2255 2495 2490 2542 contingere;

1430 2547 1523 2583 dum
1552 2545 1730 2594 extranei,
1759 2558 1837 2584 non
1865 2547 2049 2584 habentes
2077 2547 2203 2584 adhuc
2226 2559 2400 2584 amorem
2428 2548 2491 2584 fir-

1430 2606 1576 2635 matum
1595 2598 1646 2636 ad
1664 2599 1811 2637 bonum
1831 2599 2041 2648 publicum,
2067 2600 2191 2648 aliqua
2219 2607 2352 2637 contra
2367 2613 2490 2648 popu-

1430 2653 1515 2699 lum⁵
1528 2659 1764 2689 attentarent.
1794 2653 1844 2689 Et
1870 2652 1957 2690 ideo
1986 2653 2045 2690 lex
2064 2653 2189 2690 statuit
2206 2660 2248 2689 ut
2267 2653 2315 2690 de
2335 2653 2490 2701 quibus-

1430 2705 1519 2742 dam
1548 2704 1721 2753 gentibus
1744 2705 1971 2743 habentibus
1997 2706 2163 2754 aliquam
2191 2706 2410 2743 affinitatem
2441 2706 2490 2743 ad

1431 2759 1604 2804 Iudaeos,
1625 2757 1765 2795 scilicet
1784 2758 1831 2795 de
1849 2758 2056 2808 Aegyptiis,
2077 2758 2179 2807 apud
2199 2771 2296 2807 quos
2316 2759 2391 2796 nati
2410 2759 2488 2796 fue-

1431 2819 1513 2848 rant
1533 2818 1568 2847 et
1587 2811 1726 2858 nutriti,
1757 2818 1793 2858 et
1815 2811 1863 2848 de
1892 2811 2095 2858 Idumaeis,
2125 2811 2210 2848 filiis
2238 2812 2341 2848 Esau
2369 2812 2491 2849 fratris

1431 2865 1557 2910 Iacob,
1586 2863 1759 2903 intertia
1781 2865 2025 2912 generatione
2054 2864 2310 2913 reciperentur
2336 2864 2374 2902 in
2403 2877 2492 2902 con-

1431 2917 1590 2954 sortium
1618 2917 1768 2966 populi;
1797 2917 1954 2966 quidam
1982 2930 2094 2965 vero,
2125 2917 2213 2965 quia
2242 2917 2422 2954 hostiliter
2450 2930 2491 2955 se

1432 2971 1481 3007 ad
1510 2982 1576 3007 eos
1604 2971 1827 3017 habuerant,
1848 2970 1942 3008 sicut
1960 2970 2206 3008 Ammonitae
2227 2978 2264 3007 et
2281 2970 2489 3019 Moabitae,

1432 3035 1630 3071 nunquam
1659 3023 1698 3060 in
1726 3023 1958 3060 consortium
1986 3023 2118 3071 populi
2146 3022 2432 3060 admitterentur
2453 3023 2490 3070 *;

1431 3076 1666 3114 Amalecitae
1692 3084 1834 3122 autem,
1854 3075 1919 3125 qui
1946 3076 2065 3123 magis
2094 3075 2146 3112 eis
2174 3076 2323 3113 fuerant
2355 3076 2491 3114 adver-

1433 3129 1513 3176 sati,
1535 3136 1572 3165 et
1590 3141 1678 3165 curn
1699 3129 1752 3165 eis
1772 3129 1918 3165 nullum
1939 3128 2172 3176 cognationis
2190 3129 2383 3167 habebant
2401 3142 2491 3167 con-

1433 3181 1604 3228 sortium,
1626 3180 1733 3229 quasi
1750 3181 1879 3217 hostes
1898 3181 2070 3230 perpetui
2087 3182 2334 3228 haberentur;
2359 3182 2494 3220 dicitur

1866 2036 1890 2044 -
1906 2016 2037 2054 Tertio
2065 2029 2172 2064 vero,
2193 2018 2348 2064 quando
2376 2017 2490 2066 aliqui
2516 2029 2525 2039 ·

2542 2029 2577 2050 Cf.
2594 2034 2640 2056 arg.
2655 2035 2675 2056 3.

2518 2423 2541 2445 s
2539 2398 2596 2444 ῗίῑ
2610 2403 2665 2445 ’,εὲἒῑ
2678 2403 2702 2444 3·
2718 2407 2728 2411 ·

2518 3037 2525 3045 ·
2541 3035 2581 3057 cf.
2596 3042 2644 3063 arg.
2660 3042 2675 3057 r.

1434 3235 1535 3272 enirn
1553 3234 1677 3270 Exod.
1693 3233 1810 3270 xvi1*:
1838 3233 1987 3270 Bellum
2006 3234 2081 3270 Dei
2097 3234 2169 3271 erit
2185 3240 2316 3272 contra
2335 3236 2493 3273 Amalec
2520 3249 2528 3256 ·
2558 3246 2602 3268 'ers

1433 3300 1457 3324 a
1483 3287 1728 3336 generatione
1754 3286 1791 3322 in
1819 3287 2113 3336 generationem.

1488 3339 1667 3376 Similiter
1695 3338 1806 3376 etiam
1835 3347 2022 3387 quantum
2049 3341 2096 3378 ad
2125 3340 2301 3378 hostilem
2321 3353 2493 3379 commu-

1488 3453 1515 3486 γ)
1531 3453 1683 3484 proposuit.
1696 3467 1714 3471 —
1727 3454 1820 3484 posuit
1839 3453 1884 3477 Pa.

1488 3487 1513 3521 δ)
1535 3488 1600 3513 nisi.
1612 3506 1635 3512 ..
1655 3488 1811 3513 existerent.
1825 3502 1842 3507 -
1861 3489 2006 3514 existentes
2025 3489 2063 3519 H;
2082 3497 2130 3522 pro
2148 3490 2240 3519 abavo,
2260 3493 2340 3515 atavo
2360 3490 2406 3514 Pa.
