2840 4010
85 2927 163 2977 {gp}
172 2933 191 2950 ι.
200 2939 212 2945 -
221 2926 297 2951 S-Th.

1006 173 1270 220 QUAESTIO
1300 172 1439 220 XCIV,
1467 171 1761 209 ARTICULUS
1791 171 1842 208 IV

336 264 417 291 non
433 251 558 300 primo
577 251 748 297 inclinat3
770 251 837 288 sed
855 263 924 300 per
942 251 1093 288 rationis
1112 251 1150 288 in
1205 250 1394 288 isitionem

337 317 387 342 ea
408 304 585 342 homines
614 305 900 352 adinvenerunt,
929 304 1037 353 quasi
1056 309 1073 325 ²
1099 304 1153 341 uti
1180 316 1202 340 a
1229 304 1277 347 acl
1297 304 1394 339 bene

335 357 558 396 vivendum.

389 411 449 447 An
481 422 618 452 ramum
649 422 748 448 ERGO
783 414 969 447 morannum(
1004 409 1110 456 quod
1144 406 1394 456 temperantia

337 469 394 500 est
421 463 520 500 circa
547 463 868 512 concupiscentias
904 461 1091 499 naturales
1119 459 1192 496 cibi
1221 467 1256 495 et
1283 467 1395 507 potus

337 523 374 552 et
399 528 668 563 venereorurn,
698 528 795 565 quae
823 515 977 564 quidem
1007 512 1229 550 ordinantur
1256 512 1305 548 ad
1328 512 1395 548 bo-

337 580 432 606 num
461 581 667 607 commune
694 576 870 613 naturae,
898 566 994 603 sicut
1021 573 1058 602 et
1085 564 1158 601 alia
1184 564 1316 612 legalia
1336 576 1394 600 or-

339 621 515 658 dinantur
541 622 591 659 ad
618 623 765 659 bonum
793 630 1000 656 commune
1028 617 1185 654 morale.

389 676 449 711 AD
477 686 667 712 sacuumm
699 683 882 710 memnon
918 671 1022 719 quod
1060 677 1192 707 natura
1227 668 1394 706 hominis

336 734 462 776 potest
490 727 561 764 dici
587 727 651 764 vel
677 726 739 763 illa
766 736 864 772 quae
884 731 939 760 est
957 723 1110 772 propria
1132 722 1279 759 homini
1298 720 1329 758 βε
1360 728 1396 758 et

337 780 549 817 secundum
575 779 666 824 hoc,
696 777 827 815 omnia
853 784 1027 825 peccata,
1056 775 1281 824 inquantum
1308 782 1396 811 sunt

277 832 310 877 ,ἶ
337 840 471 870 contra·
495 831 694 878 rationem,
723 837 811 867 sunt
839 829 952 866 etiam
981 837 1111 866 contra
1138 835 1325 874 naturam,
1356 834 1394 864 ut

302 888 309 894 '
335 892 440 934 patet
456 897 525 934 per
541 885 838 930 Damascenum,
858 883 896 919 in
916 884 945 919 ΙΙ
967 882 1063 919 libro
1077 882 1109 918 ⁸⁸.
1129 882 1199 918 Vel
1216 880 1278 917 illa
1296 892 1395 929 quae

388 996 417 1031 α)
434 996 520 1029 quast.
537 1009 558 1016 -
575 973 636 1022 oin.
656 996 707 1022 Er.

2435 184 2500 220 171

1449 258 1505 287 est
1532 249 1747 287 communis
1773 249 1918 287 homini
1946 257 1983 287 et
2005 249 2085 287 aliis
2113 250 2359 288 animalibus:
2389 259 2426 288 et
2450 263 2508 288 se-

1450 303 1618 340 cundum
1640 303 1726 350 hoc,
1748 302 1936 351 quaedam
1957 302 2132 352 specialia
2150 311 2306 352 peccata
2335 303 2509 341 dicuntur

1450 368 1532 392 esse
1561 363 1691 392 contra
1717 363 1909 402 naturam;
1934 355 2029 393 sicut
2047 363 2178 393 contra
2197 356 2506 394 commixtionem

1449 408 1563 445 maris
1583 415 1619 444 et
1645 407 1821 455 feminae,
1841 421 1939 456 quae
1961 416 2016 446 est
2034 408 2211 446 naturalis
2231 409 2410 446 omnibus
2429 409 2508 446 ani-

1450 460 1630 507 malibus,
1660 468 1716 497 est
1743 461 1964 498 concubitus
1990 462 2260 508 masculorum,
2290 463 2395 510 quod
2423 474 2507 511 spe·

1450 513 1589 549 cialiter
1617 513 1751 550 dicitur
1776 513 1910 550 vitium
1940 522 2070 552 contra
2097 522 2284 552 naturam.

1501 567 1560 601 AD
1588 577 1746 603 TERTmM
1775 578 1958 604 monimum
1986 567 2091 616 quod
2119 567 2212 605 ratio
2249 567 2310 604 illa
2335 567 2507 617 procedit

1450 617 1498 654 de
1534 617 1680 654 actibus
1717 619 1928 656 secundum
1965 620 2110 668 seipsos
2147 620 2403 658 consideratis.
2443 620 2506 658 Sic

1449 669 1562 716 enirn,
1579 677 1732 718 propter
1747 671 1914 708 diversas
1928 672 2130 710 hominum
2150 673 2398 720 conditiones,
2415 685 2504 710 con-

1448 722 1554 769 tingit
1584 723 1699 782 quod·
1723 723 1836 772 aliqui
1864 732 1967 761 actus
2001 732 2087 762 sunt
2114 726 2298 775 aliquibus
2324 726 2503 774 virtuosi,

1448 782 1630 823 tanquam
1669 787 1720 812 els
1753 777 2028 824 proportionati
2056 785 2092 814 et
2120 779 2410 826 convenientes,
2439 778 2504 827 qui

1447 835 1576 887 tamen
1604 835 1690 865 sunt
1717 828 1796 865 aliis
1814 829 1952 877 vitiosi,
1972 838 2152 878 tanquam
2175 832 2229 868 eis
2248 844 2326 869 non
2343 844 2504 881 propor-

1447 887 1587 917 t1onat1.

1501 992 1526 1026 β)
1542 995 1657 1026 propria
1675 994 1784 1020 homini.
1801 1007 1820 1014 -
1832 995 1945 1027 proprie
1964 995 2076 1020 hominis
2094 995 2126 1024 K.
2139 995 2254 1028 propria
2272 996 2384 1021 hominis
2403 997 2432 1022 P.

1110 1139 1426 1182 ARTICULUS
1457 1139 1726 1191 QUARTUS

916 1232 1072 1267 UTRUM
1095 1233 1179 1264 LEX
1201 1231 1410 1262 NATURAE
1435 1231 1501 1262 SIT
1525 1233 1615 1263 UNA
1638 1233 1753 1264 APUD
1778 1232 1924 1264 OMNES

608 1314 641 1339 11·
660 1314 716 1343 11⁵0.
736 1321 779 1346 qu.
794 1321 854 1343 nvn,
873 1318 920 1339 art.
935 1321 958 1343 2,
977 1313 1010 1338 ad
1026 1319 1048 1343 η
1066 1311 1099 1337 m
1117 1311 1200 1341 Sem«,
1219 1311 1277 1337 dist.
1291 1317 1383 1340 mvn.
1403 1315 1448 1335 art.
1464 1310 1493 1341 3;
1513 1316 1560 1336 art.
1578 1318 1603 1342 4η
1623 1311 1654 1335 ad
1675 1319 1702 1342 2;
1722 1312 1768 1341 1v,
1787 1312 1845 1337 dist.
1863 1320 1948 1342 xmu,
1967 1321 2012 1346 qu.
2027 1321 2044 1344 1,
2063 1319 2109 1339 art.
2125 1320 2148 1345 2,
2167 1315 2198 1339 ad
2217 1322 2238 1346 1;

1032 1347 1076 1372 De
1091 1346 1174 1375 Malo,
1193 1354 1237 1379 qu.
1255 1353 1283 1376 11,
1303 1350 1351 1371 art.
1369 1353 1394 1377 4,
1413 1346 1445 1370 ad
1462 1345 1505 1377 13;
1524 1347 1547 1370 V
1568 1346 1661 1375 Ethic„
1686 1347 1741 1371 lect.
1760 1355 1804 1372 x11.

371 1584 373 1591 ⁴
392 1592 477 1632 >'''e‘
503 1590 600 1634 &ius
619 1595 792 1633 naturale
810 1601 863 1631 est
879 1595 980 1642 quod
993 1595 1030 1630 in
1044 1595 1150 1644 Lege
1163 1594 1247 1640 etjin
1262 1594 1390 1630 Evan-

330 1649 430 1700 gelio
445 1650 664 1686 continetur.
687 1649 764 1685 Sed
778 1649 853 1685 hoc
873 1659 950 1684 non
967 1655 1022 1684 est
1041 1658 1248 1683 commune
1268 1646 1391 1683 omni-

331 1703 422 1740 bus:
443 1702 543 1751 quia,
562 1710 604 1739 ut
624 1701 756 1739 dicitur
773 1702 885 1738 Rom.
901 1700 964 1745 x*,
981 1703 1055 1736 non
1071 1710 1199 1736 omnes
1211 1699 1394 1736 obediunt

319 1756 553 1806 Evangelio.
583 1756 686 1803 Ergo
714 1755 774 1790 lex
802 1753 980 1792 naturalis
1008 1765 1086 1790 non
1115 1759 1170 1789 est
1191 1765 1270 1789 una
1288 1752 1390 1801 apud

331 1820 479 1846 omnes.

386 1874 420 1899 2.
451 1863 686 1906 PRAETEREA,
717 1872 762 1896 ea
790 1871 887 1908 quae
912 1865 999 1896 sunt
1022 1858 1225 1895 secundum
1253 1858 1387 1907 legem,

229 1937 237 1944 -
291 1932 303 1938 -
331 1915 426 1952 insta
452 1925 531 1951 esse
557 1914 742 1957 dicuntur,
770 1919 812 1949 ut
839 1912 972 1949 dicitur
998 1911 1036 1949 in
1063 1912 1099 1948 V
1123 1911 1243 1948 Ethic.
1263 1910 1284 1932 ’³‘
1312 1911 1389 1948 Sed

329 1966 526 2006 rn‘eodem
547 1967 642 2003 libro
661 1965 682 1988 ⁸⁸
700 1965 834 2003 dicitur
861 1965 965 2014 quod
993 1964 1084 2003 nihil
1107 1971 1163 2001 est
1181 1964 1230 2000 ita
1249 1964 1389 2000 iustum

295 2020 301 2027 ‘
331 2020 434 2071 apud
449 2032 595 2067 omnes,
607 2019 699 2068 quin
714 2018 816 2067 apud
832 2019 978 2067 aliquos
990 2017 1273 2055 diversificetur.
1286 2018 1388 2064 Ergo

329 2074 404 2111 lex*
418 2073 531 2110 etiam
559 2072 737 2110 naturalis
761 2083 840 2108 non
869 2078 923 2108 est
950 2071 1053 2119 apud
1077 2081 1212 2107 omnes
1240 2070 1386 2107 eadem.

372 2127 420 2163 ·3.
440 2127 676 2171 mermi,
702 2124 750 2161 ad
778 2125 901 2171 legem
930 2131 1088 2161 naturae
1105 2123 1265 2172 pertinet
1283 2122 1320 2160 id
1340 2123 1388 2160 ad

330 2179 580 2228 quodwhomo
610 2177 821 2214 secundum
850 2185 1025 2214 naturam
1045 2188 1154 2213 suam
1179 2175 1387 2223 inclinatur,

329 2239 371 2269 ut
397 2240 512 2281 supra
529 2230 721 2272 *dictum
749 2237 817 2267 est.
848 2229 925 2266 Sed
954 2228 1092 2266 diversi
1119 2229 1295 2266 homines
1323 2241 1388 2266 na-

329 2285 496 2322 turaliter
517 2285 571 2321 'ad
599 2283 750 2321 diversa
785 2282 1029 2319 inclinantur:
1057 2281 1118 2318 alii
1154 2281 1308 2331 quidem
1339 2282 1386 2319 ad

189 2343 198 2357 ⁴
218 2342 256 2385 ’,μ’
274 2343 277 2346 ’
311 2337 677 2386 -concupiscentiam
695 2336 947 2384 voluptatum,
967 2334 1029 2372 alii
1047 2335 1096 2372 ad
1115 2334 1301 2372 desideria
1319 2336 1388 2372 ho-

327 2402 480 2435 norum,
510 2389 576 2427 alii>
599 2389 648 2426 ad
676 2389 760 2425 alia.
782 2389 892 2436 Ergo
921 2399 1000 2425 non
1028 2394 1084 2424 est
1106 2399 1181 2426 una
1202 2388 1261 2424 lex
1280 2395 1386 2425 natu-

327 2444 417 2481 ralis
442 2442 545 2492 apud
574 2453 720 2479 omnes.

332 2520 333 2524 =
381 2497 456 2534 SED
484 2506 629 2532 CONTRA
661 2506 727 2531 EST
754 2493 860 2542 quod
895 2493 1060 2530 Isidorus
1088 2492 1191 2540 dicit,
1225 2492 1262 2530 in
1289 2493 1384 2530 libro

325 2549 491 2598 Etymol.
507 2548 545 2585 *ε
570 2549 636 2585 Ius
655 2547 828 2585 naturale
845 2552 900 2583 est
915 2557 1114 2583 commune
1131 2547 1299 2583 omnium
1319 2559 1385 2584 na—

326 2603 469 2640 tionum
490 2607 519 2638 ⁴².

380 2656 606 2692 stpounzo
625 2664 808 2690 memnon
827 2652 944 2701 quod,
962 2651 1056 2688 sicut
1074 2663 1188 2700 supra
1202 2652 1223 2672 ⁸
1242 2652 1384 2689 dictum

328 2715 394 2754 est,
414 2707 463 2744 ad
482 2708 605 2754 legem
624 2713 781 2742 naturae
805 2705 992 2754 pertinent
1015 2716 1059 2741 ea
1082 2705 1129 2741 ad
1149 2717 1246 2753 quae
1265 2705 1384 2742 homo

327 2760 544 2797 naturaliter
562 2758 775 2803 inclinatur;
795 2757 891 2794 inter
910 2770 1007 2806 quae
1021 2757 1167 2794 homini
1187 2758 1384 2807 proprium

327 2820 383 2850 est
413 2819 455 2849 ut
486 2812 683 2848 inclinetur
714 2811 764 2848 ad
797 2810 988 2858 agendum
1026 2811 1237 2848 secundum
1274 2811 1385 2848 ratio—

326 2877 428 2903 nem.
458 2865 519 2902 Ad
545 2864 728 2901 rationem
758 2871 885 2900 autem
913 2863 1074 2912 pertinet
1101 2875 1147 2900 ex
1172 2865 1385 2901 communi-

325 2919 397 2956 bus
425 2918 474 2955 ad
501 2917 655 2966 propria
682 2917 900 2965 procedere,
920 2923 963 2953 ut
979 2924 1082 2965 patet
1101 2928 1147 2953 ex
1166 2918 1179 2953 I
1198 2918 1348 2965 Physic.
1364 2917 1384 2939 *

325 2971 444 3008 Aliter
470 2978 599 3007 tamen
620 2969 716 3006 circa
735 2970 809 3006 hoc
828 2981 868 3006 se
888 2970 1003 3006 habet
1021 2969 1114 3006 ratio
1134 2970 1382 3018 speculativa,

326 3031 363 3061 et
389 3024 495 3060 aliter
522 3023 615 3060 ratio
644 3021 819 3071 practica.
850 3022 950 3069 Quia
978 3022 1080 3060 enim
1100 3023 1192 3059 ratio
1212 3024 1382 3071 specula-

323 3078 402 3114 tiva
429 3076 631 3125 praecipue
660 3075 871 3122 negotiatur
899 3075 996 3111 circa
1022 3075 1253 3122 necessaria,
1283 3088 1382 3123 quae

324 3129 558 3178 impossibile
597 3135 653 3165 est
680 3128 789 3164 aliter
816 3139 855 3164 se
883 3128 1044 3174 habere,
1074 3128 1218 3176 absque
1255 3128 1381 3177 aliquo

325 3183 473 3220 defectu
507 3181 695 3219 invenitur
721 3180 860 3217 veritas
891 3180 929 3217 in
962 3180 1268 3217 conclusionibus
1294 3193 1382 3229 pro-

322 3236 424 3285 priis,
446 3235 541 3272 sicut
561 3242 596 3271 et
614 3234 652 3270 in
671 3233 861 3282 principiis
881 3233 1161 3270 communibus.
1192 3234 1268 3270 Sed
1287 3234 1380 3270 ratio

321 3289 487 3338 practica
516 3286 729 3335 negotiatur
757 3286 854 3323 circa
882 3285 1146 3333 contingentia,
1176 3285 1213 3322 in
1242 3287 1381 3334 quibus

279 3334 284 3338 ἃ
323 3349 410 3379 sunt
428 3341 668 3390 operationes
688 3340 900 3376 humanae:
927 3346 963 3375 et
980 3338 1079 3383 ideo,
1101 3338 1168 3374 etsi
1186 3336 1202 3367 β
1221 3338 1258 3375 in
1278 3351 1381 3375 com-

317 3451 321 3454 *
374 3456 403 3488 α)
421 3456 539 3482 omnium
559 3455 704 3480 nationum.
722 3468 741 3473 -
759 3454 832 3479 omni
850 3453 955 3478 nationi
974 3454 1020 3478 Pa.

375 3490 399 3524 β)
419 3492 477 3517 etsi.
494 3505 513 3510 -
531 3491 554 3516 si
572 3491 709 3515 PACKLa.
727 3503 746 3509 -
765 3490 815 3514 Pro
835 3489 982 3519 necessitas,
1002 3489 1100 3513 veritas
1119 3490 1159 3513 vel
1174 3489 1314 3514 necessitas
1327 3488 1379 3513 EF.

1446 1434 1624 1471 munibus
1653 1434 1700 1471 sit
1727 1435 1852 1484 aliqua
1884 1435 2106 1484 necessitas,
2136 1445 2278 1485 quanto
2306 1439 2425 1486 magis
2454 1440 2502 1477 ad

1444 1487 1597 1536 propria
1626 1488 1876 1535 descenditur,
1905 1496 2008 1525 tanto
2038 1490 2157 1537 magis
2186 1490 2374 1528 invenitur
2401 1492 2502 1529 defe-

1445 1547 1536 1577 ctus.
1567 1541 1629 1577 Sic
1657 1540 1767 1588 igitur
1795 1540 1831 1577 in
1860 1542 2098 1589 speculativis
2127 1550 2182 1579 est
2210 1543 2345 1580 eadem
2363 1545 2502 1582 veritas

1445 1594 1548 1642 apud
1576 1605 1711 1631 omnes
1739 1602 1817 1630 tam
1846 1594 1884 1630 in
1912 1595 2102 1643 principiis
2135 1608 2251 1644 quam
2284 1596 2322 1633 in
2351 1599 2502 1634 conclu-

1444 1646 1634 1683 sionibus:
1664 1646 1750 1683 licet
1776 1646 1915 1683 veritas
1952 1660 2030 1684 non
2068 1650 2168 1696 apud
2198 1661 2333 1686 omnes
2362 1662 2502 1698 cogno-

1444 1707 1567 1736 scatur
1594 1699 1632 1736 in
1661 1698 1978 1746 conclusionibus,
2009 1701 2075 1737 sed
2095 1702 2219 1738 solum
2239 1702 2276 1738 in
2295 1702 2499 1751 principiis,

1444 1764 1542 1800 quae
1571 1752 1746 1789 dicuntur
1768 1764 1983 1789 communes
2002 1754 2267 1802 conceptiones.
2298 1756 2340 1791 In
2369 1767 2501 1804 opera-

1443 1805 1528 1842 tivis
1558 1812 1685 1842 autem
1714 1817 1792 1842 non
1821 1813 1876 1842 est
1905 1807 2037 1843 eadem
2062 1806 2201 1844 veritas
2227 1808 2289 1844 vel
2318 1809 2500 1846 rectitudo

1442 1858 1605 1906 practica
1638 1858 1741 1906 apud
1773 1870 1908 1895 omnes
1940 1866 2123 1907 quantum
2156 1861 2204 1897 ad
2231 1861 2403 1909 propria,
2433 1862 2501 1898 sed

1443 1912 1568 1948 solum
1602 1917 1786 1959 quantum
1819 1911 1868 1947 ad
1896 1916 1911 1939 Υ
1940 1912 2178 1949 communia:
2216 1921 2252 1950 et
2279 1914 2382 1962 apud
2417 1914 2500 1951 illos

1443 1964 1546 2012 apud
1574 1976 1670 2012 quos
1700 1971 1756 2000 est
1783 1964 1918 2000 eadem
1948 1964 2132 2001 rectitudo
2162 1965 2199 2002 in
2226 1966 2400 2015 propriis,
2422 1980 2500 2004 non

1443 2024 1499 2053 est
1526 2017 1733 2065 aequaliter
1760 2017 1938 2053 omnibus
1965 2024 2067 2054 nota.

1496 2070 1558 2106 Sic
1585 2070 1694 2117 igitur
1720 2076 1823 2118 patet
1849 2071 1966 2117 quod,
1997 2078 2182 2118 quantum
2211 2071 2259 2107 ad
2280 2072 2499 2110 communia

1441 2122 1622 2171 principia
1643 2121 1796 2159 rationis
1815 2122 1896 2159 sive
1920 2123 2173 2171 speculativae
2198 2124 2276 2160 sive
2299 2125 2498 2173 practicae,

1443 2183 1498 2212 est
1525 2176 1661 2212 eadem
1688 2175 1827 2212 veritas
1856 2187 1923 2212 seu
1952 2175 2135 2212 rectitudo
2158 2177 2260 2225 apud
2286 2189 2432 2225 omnes,
2463 2186 2500 2215 et

1442 2228 1644 2277 aequaliter
1671 2235 1773 2265 nota.
1803 2228 2001 2274 Quantum
2029 2240 2122 2265 vero
2151 2230 2199 2266 ad
2219 2230 2391 2278 proprias
2411 2244 2499 2268 con-

1442 2281 1628 2318 clusiones
1657 2280 1811 2318 rationis
1839 2281 2106 2330 speculativae,
2133 2289 2188 2318 est
2207 2283 2341 2319 eadem
2361 2284 2498 2321 veritas

1441 2334 1543 2383 apud
1563 2345 1710 2380 omnes,
1726 2346 1804 2370 non
1819 2341 1948 2371 tamen
1967 2334 2173 2382 aequaliter
2191 2335 2370 2372 omnibus
2389 2344 2496 2373 nota:

1441 2387 1542 2436 apud
1585 2399 1719 2423 omnes
1757 2386 1858 2423 enim
1893 2399 2028 2423 verum
2063 2390 2118 2424 e‘st
2154 2388 2258 2435 quod
2293 2389 2497 2437 triangulus

1439 2441 1553 2477 habet
1571 2447 1646 2476 tres
1674 2440 1832 2487 angulos
1855 2440 2033 2487 aequales
2054 2439 2204 2477 duobus
2224 2441 2344 2488 rectis,
2366 2454 2497 2490 quam-

1439 2493 1497 2531 vis
1524 2494 1599 2529 hoc
1627 2504 1704 2529 non
1733 2492 1779 2528 sit
1811 2492 1990 2529 omnibus
2025 2500 2171 2530 notum.
2207 2494 2284 2530 Sed
2312 2503 2495 2543 quantum

1440 2547 1488 2583 ad
1515 2546 1688 2595 proprias
1721 2545 1984 2582 conclusiones
2012 2546 2166 2583 rationis
2193 2547 2397 2594 practicae,
2427 2560 2496 2584 nec

1441 2607 1495 2636 est
1528 2599 1663 2635 eadem
1699 2598 1837 2635 veritas
1875 2610 1942 2635 seu
1979 2599 2162 2636 rectitudo
2200 2600 2302 2647 apud
2339 2613 2494 2646 omnes;

1440 2665 1510 2689 nec
1538 2652 1651 2688 etiam
1684 2651 1786 2700 apud
1815 2663 1912 2699 quos
1941 2659 1996 2688 est
2024 2651 2180 2698 eadem,
2211 2660 2266 2688 est
2293 2653 2497 2701 aequaliter

1439 2713 1540 2742 nota.
1570 2705 1684 2753 Apud
1713 2716 1848 2741 omnes
1877 2704 1976 2741 enim
2009 2705 2083 2741 hoc
2110 2713 2255 2741 rectum
2285 2713 2340 2741 est
2368 2713 2403 2742 et
2429 2718 2494 2742 ve-

1439 2771 1536 2805 rum,
1565 2765 1607 2794 ut
1634 2757 1844 2794 secundum
1874 2757 2060 2794 rationem
2090 2765 2230 2804 agatur.
2260 2759 2317 2793 Ex
2336 2758 2410 2794 hoc
2429 2771 2494 2795 au-

1439 2819 1515 2848 tern
1544 2810 1728 2859 principio
1758 2810 1926 2858 sequitur
1956 2810 2063 2858 quasi
2100 2810 2290 2846 conclusio
2318 2811 2492 2859 propria,

1439 2864 1543 2913 quod
1572 2863 1742 2912 deposita
1770 2863 1844 2899 sint
1871 2862 2075 2899 reddenda.
2097 2863 2146 2899 Et
2173 2863 2246 2899 hoc
2272 2863 2426 2910 quidem
2450 2872 2493 2900 ut

1438 2918 1476 2954 in
1503 2916 1674 2965 pluribus
1698 2927 1834 2952 verum
1865 2923 1934 2952 est:
1964 2915 2031 2952 sed
2056 2923 2180 2963 potest
2198 2916 2236 2952 in
2255 2915 2381 2964 aliquo
2402 2929 2493 2954 casu

1439 2969 1654 3017 contingere
1674 2969 1777 3018 quod
1797 2968 1843 3005 sit
1862 2969 2102 3014 damnosum,
2119 2975 2155 3004 et
2169 2980 2236 3016 per
2255 2980 2492 3017 consequens

1437 3022 1701 3068 irrationabile,
1718 3022 1748 3058 si
1769 3021 1939 3070 deposita
1958 3020 2176 3066 reddantur;
2196 3028 2286 3068 puta
2306 3021 2335 3057 si
2359 3021 2492 3070 aliquis

1436 3083 1539 3124 petat
1558 3076 1606 3112 ad
1626 3074 1923 3123 impugnandam
1943 3073 2114 3121 patriam.
2132 3074 2180 3109 Et
2193 3074 2268 3110 hoc
2286 3081 2389 3110 tanto
2411 3086 2491 3111 ma-

1436 3129 1490 3176 gis
1519 3128 1708 3165 invenitur
1736 3127 1910 3172 deficere,
1940 3133 2082 3173 quanto
2111 3126 2230 3173 magis
2259 3127 2307 3163 ad
2330 3127 2492 3175 particu-

1436 3181 1527 3218 laria
1555 3179 1804 3225 descenditur,
1834 3186 1924 3226 puta
1953 3178 1983 3215 si
2011 3178 2155 3215 dicatur
2182 3179 2286 3227 quod
2319 3179 2491 3228 deposita

1437 3242 1522 3270 sunt
1550 3231 1742 3270 reddenda
1763 3243 1850 3268 cum
1871 3231 1934 3267 tali
1954 3231 2140 3278 cautione,
2159 3232 2221 3268 vel
2241 3231 2301 3268 tali
2320 3233 2439 3270 modo
2459 3231 2489 3270 ⁶:

1436 3293 1578 3334 quanto
1609 3285 1706 3321 enim
1735 3285 1860 3333 plures
1889 3284 2123 3321 conditiones
2151 3284 2392 3332 particulares
2425 3298 2490 3335 ap-

1435 3346 1638 3387 ponuntur,
1667 3345 1771 3374 tanto
1799 3337 1968 3385 pluribus
1996 3337 2121 3374 modis
2149 3337 2286 3386 poterit
2314 3338 2488 3386 deficere,

1485 3453 1511 3486 γ)
1527 3453 1641 3484 propria
1657 3472 1663 3478 .
1675 3471 1680 3478 .
1693 3471 1699 3478 .
1718 3452 1763 3476 ad.
1781 3466 1799 3470 -
1818 3452 1878 3476 Om.
1898 3451 2142 3484 ABCDEFGleH.

1485 3487 1509 3521 δ)
1530 3489 1616 3513 modo.
1634 3502 1652 3507 —
1671 3488 1784 3512 materia
1804 3487 2045 3519 ABCDEFGILpH,
2066 3487 2143 3511 modo
2163 3487 2203 3511 vel
2221 3487 2333 3512 materia
2352 3488 2399 3513 εΗ.
