2840 4010
75 820 85 831 ⁸
96 819 148 847 Qu.
162 825 228 845 mu,
244 823 287 841 m.

72 852 102 894 a
116 851 186 900 ἔχιν,
201 848 245 868 m.
259 852 286 873 2,

949 157 1215 204 QUAESTIO
1245 156 1456 204 LXXXIX,
1485 155 1781 192 ARTICULUS
1809 154 1846 192 V

1427 235 1582 284 quidem
1612 247 1700 271 cum
1729 233 1871 282 angelis
1900 233 1939 271 in
1961 240 2103 281 mente,
2124 233 2202 270 sive
2222 233 2261 270 in
2280 233 2489 282 intellectu3
2509 253 2513 256 ¹

313 233 361 276 ad
388 237 520 283 finem,
550 235 621 272 nisi
649 235 762 272 simul
790 236 836 273 sit
864 236 1101 274 deordinatio
1131 236 1229 273 circa
1252 236 1371 273 finem

311 291 450 340 ipsum,
471 289 576 337 quod
597 296 653 326 est
674 301 743 338 per
770 296 970 338 peccatum
999 290 1170 326 mortale.
1202 288 1279 325 Sed
1306 299 1372 324 an-

312 342 384 391 geli
411 342 504 379 boni
533 354 610 380 non
639 349 845 379 moventur
872 342 911 379 in
940 354 985 379 ea
1013 353 1113 389 quae
1141 347 1229 377 sunt
1255 339 1305 377 ad
1329 340 1372 375 fi-

312 407 421 443 nem,
450 394 521 431 nisi
549 394 587 431 in
616 394 750 432 ordine
778 395 827 432 ad
855 395 974 431 finem
1002 394 1194 439 debitum,
1224 392 1288 440 qui
1318 399 1373 428 est

312 449 429 486 Deus.
459 448 509 484 Et
534 455 691 496 propter
717 448 792 484 hoc
820 459 954 484 omnes
991 457 1125 482 eorum
1154 451 1259 480 actus
1287 451 1374 480 sunt

314 508 419 538 actus
438 500 610 537 caritatis.
640 501 690 537 Et
716 500 770 536 sic
797 499 836 536 in
861 498 914 535 eis
941 510 1021 535 non
1038 504 1165 545 potest
1183 508 1266 532 esse
1285 508 1372 544 pec-

314 561 440 591 catum
469 553 618 591 veniale
637 552 668 589 ²⁸.
697 551 832 600 Angeli
859 562 954 587 vero
983 549 1073 586 mali
1105 549 1144 586 in
1171 548 1262 585 nihil
1291 560 1373 585 mo-

313 614 452 644 ventur
474 605 543 643 nisi
570 605 608 642 in
636 604 769 642 ordine
797 603 846 640 ad
869 602 988 639 finem
1008 601 1153 650 peccati
1173 601 1372 650 superbiae

314 660 498 709 ipsorum.
528 659 578 695 Et
604 657 692 697 ideo
715 656 754 693 in
777 655 957 692 omnibus
976 662 1135 703 peccant
1155 653 1372 699 mortaliter,

315 722 579 761 quaecumque
597 708 751 758 propria
768 708 963 745 voluntate
983 715 1109 755 agunt.
1126 727 1150 735 -
1170 708 1289 744 Secus
1308 717 1373 742 au-

314 773 392 802 tem
421 771 477 801 est
504 763 551 800 de
579 761 747 810 appetitu
770 760 947 798 naturalis
971 760 1063 797 boni
1090 760 1155 809 qui
1176 767 1231 797 est
1249 759 1287 796 in
1307 759 1373 807 eis,

313 825 356 855 ut
382 817 418 854 in
446 815 576 853 Primo
595 814 616 836 *
643 813 797 863 dictum·
816 820 881 850 est.

367 871 426 907 An
445 879 582 906 PRIMUM
610 878 708 903 ERGO
731 878 916 903 DICENDUM
936 866 1040 914 quod
1059 866 1176 902 homo
1197 863 1375 902 convenit

365 991 392 1024 γ)
412 990 518 1015 talibus.
535 1002 553 1008 —
571 989 634 1014 Om.
651 989 697 1013 Pa.

2418 156 2487 201 145

1427 288 1494 324 sed
1522 287 1647 325 differt
1673 287 1711 324 in
1739 286 1860 324 modo
1890 286 2134 335 intelligendi,
2160 293 2202 323 ut
2216 285 2363 337 *dictum
2384 295 2440 324 est
2457 287 2488 325 *.

1480 342 1538 376 An
1567 351 1756 378 SECUNDUM
1786 351 1972 378 morannum
2001 339 2105 388 quod
2134 340 2288 387 angelus
2316 351 2394 377 non
2421 353 2490 388 po-

1427 392 1494 428 tuit
1522 393 1648 430 minus
1678 393 1828 440 diligere
1859 400 2070 430 creaturam
2100 404 2215 441 quam
2243 393 2384 440 Deum,
2418 393 2488 430 nisi

1428 444 1540 481 simul
1568 446 1732 482 referens
1766 457 1851 482 eam
1881 446 1918 482 in
1947 446 2097 492 Deum,
2126 445 2221 482 sicut
2247 445 2286 483 in
2312 445 2487 483 ultimum

1427 497 1566 544 finem,
1595 499 1657 534 vel
1685 498 1851 546 aliquem
1889 498 2007 535 finem
2035 498 2313 547 inordinatum,
2342 499 2488 536 ratione

1428 549 1504 585 iam
1526 551 1546 571 *
1576 550 1685 586 dicta.

1480 603 1538 638 AD
1558 613 1716 639 TERTHJM
1736 615 1919 641 D1CENDUM
1940 604 2045 652 quod
2074 604 2202 641 omnia
2230 604 2291 641 illa
2314 616 2413 654 quae
2433 605 2488 642 vi-

1429 653 1564 690 dentur
1586 666 1667 691 esse
1695 655 1869 702 venialia,
1900 656 2109 693 daemones
2136 665 2342 706 procurant
2359 665 2401 695 ut
2419 658 2488 694 ho-

1428 706 1550 743 mines
1570 707 1619 744 ad
1638 707 1695 743 sui
1715 708 2003 746 familiaritatem
2023 711 2220 757 attrahant,
2243 718 2279 747 et
2297 710 2350 747 sic
2369 710 2488 748 dedu-

1429 767 1514 796 cant
1543 772 1609 796 eos
1637 759 1675 796 in
1702 768 1903 808 peccatum
1922 763 2092 799 mortale.
2121 763 2234 800 Unde
2253 763 2291 800 in
2310 763 2487 803 omnibus

1427 812 1562 849 talibus
1586 818 1601 840 Υ
1629 813 1836 850 mortaliter
1863 823 2033 863 peccant,
2053 823 2209 864 propter
2236 816 2485 854 intentionem

1428 865 1526 901 finis.

982 1067 1314 1100 Commentaria
1336 1066 1587 1099 Cardinalis
1609 1068 1808 1101 Caietam

341 1159 363 1180 n
386 1148 518 1180 articulo
542 1154 656 1190 quarto
673 1148 798 1179 adverte
821 1148 896 1179 duo.
919 1147 1037 1184 Primo,
1053 1146 1142 1188 quod
1164 1148 1286 1177 Auctor
1300 1146 1373 1186 plus

316 1161 530 1225 Ideterminat
548 1203 648 1234 quam
670 1193 875 1234 quaesiverat.
900 1193 984 1223 Nam
1006 1191 1086 1222 ratio
1102 1191 1194 1221 allata
1215 1190 1249 1220 in
1272 1190 1373 1221 littera

312 1238 510 1272 nonmlum
533 1237 694 1268 concludit
717 1238 756 1267 de
779 1237 893 1276 angelo
916 1237 1003 1267 bono
1028 1242 1059 1266 et
1081 1235 1178 1271 malo,
1202 1234 1257 1264 sed
1280 1235 1371 1265 abso-

252 1282 262 1284 *
311 1283 392 1314 lute:
415 1282 571 1323 quoniam
594 1291 689 1322 super
712 1281 894 1312 conditione
918 1290 993 1311 suae
1015 1286 1144 1310 naturae
1166 1278 1326 1309 fundatur.

73 1948 83 1958 ”
96 1946 165 1970 Vm.
180 1952 197 1969 ι.

71 2574 83 2586 ⁸
87 2573 126 2596 Al.
132 2573 162 2596 de
167 2574 282 2597 concord.

73 2599 282 2629 Gras.ee1.ab.Arb.,

71 2631 124 2655 etp.
133 2633 174 2655 vn,
186 2627 216 2650 nl.
225 2633 281 2650 xvu.

68 2947 78 2958 ⁸
92 2946 151 2969 lbid.

66 3315 77 3326 ·
92 3315 158 3338 νει-ι.
171 3321 208 3344 34.

368 1326 534 1363 Secundo,
557 1326 647 1366 quod
669 1325 755 1356 aliud
779 1332 825 1356 est
851 1325 942 1365 loqui
966 1324 1004 1355 de
1031 1333 1158 1364 peccare
1180 1323 1370 1359 mortaliter,

313 1377 343 1402 et
365 1370 452 1401 aliud
474 1370 513 1400 de
537 1369 706 1400 demereri:
731 1369 812 1400 sicut
841 1369 927 1400 aliud
955 1375 1001 1399 est
1026 1367 1117 1409 loqui
1140 1367 1178 1398 de
1202 1373 1274 1398 actu
1297 1367 1372 1397 cari-

2517 298 2526 307 ‘
2541 297 2566 319 In
2581 302 2688 326 corpore.

2515 557 2524 566 ·
2539 556 2597 578 Ibid.

1427 1147 1507 1184 tatis,
1529 1155 1558 1178 et
1580 1148 1665 1178 aliud
1689 1149 1727 1179 de
1750 1148 1875 1180 merito.
1900 1149 2062 1186 Quoniam
2081 1150 2230 1181 meritum
2245 1158 2275 1181 et
2298 1151 2486 1182 demeritum
2527 1162 2529 1173 ³

1426 1191 1555 1222 viatoris
1570 1199 1653 1228 sunt,
1672 1192 1746 1233 quia
1770 1193 1803 1222 in
1827 1194 2041 1233 expectatione
2064 1194 2255 1225 consistunt:
2280 1195 2361 1226 male
2379 1202 2486 1226 autem

1428 1242 1457 1266 et
1480 1236 1559 1266 bene
1587 1246 1677 1276 agere
1704 1237 1880 1268 voluntarie
1908 1238 2026 1277 agentis
2054 1245 2138 1269 sunt.
2166 1239 2298 1279 Propter
2320 1240 2426 1280 quod,
2450 1239 2486 1270 li-

1427 1287 1475 1310 cet
1498 1281 1669 1311 daemones
1691 1281 1724 1311 in
1748 1282 1897 1312 omnibus
1921 1282 1986 1312 suis
2009 1283 2129 1313 actibus
2152 1290 2281 1323 peccent
2303 1283 2484 1320 mortaliter,

1426 1333 1492 1353 non
1515 1331 1620 1355 tamen
1645 1325 1861 1356 demerentur:
1886 1326 1962 1366 quia
1989 1333 2073 1357 extra
2095 1326 2180 1357 viam
2207 1327 2271 1357 iam
2294 1328 2325 1357 in
2349 1327 2484 1358 termino

1426 1374 1509 1398 sunt.

1095 1519 1412 1562 ARTICULUS
1443 1521 1698 1573 QUINTUS

509 1612 664 1643 UTRUM
686 1611 803 1642 PRIMI
826 1611 978 1643 Morus
1002 1607 1335 1642 SENSUALITATIS
1360 1612 1402 1641 IN
1427 1612 1690 1643 INFIDELIBUS
1714 1613 1811 1643 SINT
1836 1613 2037 1650 PEccATA
2061 1614 2288 1646 MORTALIA

349 1794 409 1829 »ἃ
428 1797 500 1841 W«
524 1789 546 1816 n
576 1789 739 1820 QUINTUM
758 1790 811 1815 sm
830 1789 1070 1815 PROCEDlTUR.
1090 1778 1248 1815 Videtur
1267 1778 1372 1826 quod

341 1824 388 1851 '··'
438 1822 502 1878 (ζηη
526 1831 639 1880 primi
666 1838 794 1867 motus
823 1830 1070 1868 sensualitatis
1095 1831 1133 1867 in
1157 1830 1372 1868 infidelibus

428 1870 600 1932 ff'fsint
626 1891 782 1932 peccata
810 1884 992 1921 mortalia.
1021 1883 1122 1920 Dicit
1147 1883 1247 1920 enim
1268 1885 1372 1933 Apo-

349 1920 378 1963 Ι*
400 1930 465 1972 ἴ’ὲῖ99
480 1930 512 1973 K
528 1938 665 1984 stolus,
701 1937 752 1973 ad
777 1938 889 1973 Rom.
910 1936 1027 1983 V111*,
1060 1938 1166 1984 quod
1202 1937 1294 1974 nihil
1321 1943 1375 1973 est

312 1991 563 2029 damnationis
581 1990 637 2027 his
660 1990 726 2038 qui
750 1995 836 2026 sunt
858 1990 895 2026 in
921 1989 1066 2027 Christo
1089 1991 1187 2036 Iesu,
1208 1990 1275 2038 qui
1296 2002 1370 2026 non

310 2045 514 2082 secundum
551 2054 704 2080 carnem
737 2042 952 2079 ambulant:
982 2050 1018 2079 et
1046 2042 1211 2091 loquitur
1243 2043 1293 2079 ibi
1323 2043 1370 2079 de

313 2097 618 2146 concupiscentia
636 2095 896 2143 sensualitatis,
912 2103 955 2132 ut
973 2107 1017 2132 ex
1036 2095 1254 2144 praemissis
1267 2095 1287 2117 '¹‘
1306 2108 1371 2144 ap-

311 2157 429 2200 paret.
461 2150 567 2186 Haec
602 2161 691 2196 ergo
722 2160 836 2185 causa
864 2155 919 2185 est
956 2160 1072 2196 quare
1102 2149 1369 2198 concupiscere

312 2216 390 2241 non
409 2203 455 2239 sit
474 2201 692 2239 damnabile
711 2202 770 2238 his
789 2201 854 2249 qui
882 2213 961 2238 non
980 2202 1191 2240 secundum
1216 2213 1370 2238 carnem

312 2256 529 2303 ambulant,
560 2254 832 2292 consentiendo
861 2254 1000 2291 scilicet
1027 2255 1369 2304 concupiscentiae,

312 2309 401 2359 quia
420 2315 508 2346 sunt
525 2308 563 2345 in
584 2307 734 2345 Christo
760 2309 856 2344 lesu.
887 2307 964 2344 Sed
988 2307 1160 2345 infideles
1178 2320 1258 2345 non
1285 2316 1372 2345 sunt

311 2362 350 2400 in
378 2361 529 2399 Christo
559 2363 655 2398 Iesu.
686 2361 788 2408 Ergo
817 2360 855 2396 in
882 2360 1099 2398 infidelibus
1129 2369 1184 2398 est
1212 2362 1371 2399 damna-

310 2415 397 2453 bile.
427 2415 545 2451 Primi
573 2414 683 2462 igitur
710 2421 838 2450 motus
865 2413 1076 2451 infidelium
1104 2422 1191 2451 sunt
1214 2423 1371 2463 peccata

311 2468 495 2506 mortalia.

365 2533 400 2558 2.
417 2522 649 2567 PRAETEREA,
666 2519 869 2556 Anselmus
889 2519 987 2566 dicit,
1009 2519 1047 2556 in
1065 2519 1159 2556 libro
1174 2520 1220 2557 de
1238 2521 1370 2558 Gratia

310 2574 446 2614 ethib.
466 2574 560 2610 Arb.
575 2574 612 2609 *.·
644 2572 720 2615 Qui
737 2583 811 2609 non
830 2577 916 2608 sunt
934 2573 971 2609 in
996 2573 1153 2619 Christo,
1177 2574 1371 2611 sentientes

310 2639 485 2671 carnem,
518 2632 724 2674 sequuntur
756 2625 1057 2671 damnationem,
1096 2626 1207 2663 etiam
1234 2627 1268 2663 si
1294 2639 1368 2664 non

308 2680 513 2716 secundum
540 2690 695 2716 carnem
722 2677 928 2716 ambulant.
963 2679 1041 2716 Sed
1069 2678 1262 2716 damnatio
1291 2691 1370 2717 non

310 2732 470 2769 debetur
506 2731 576 2768 nisi
604 2738 762 2779 peccato
790 2731 951 2769 mortali.
982 2733 1101 2780 Ergo,
1131 2744 1220 2770 cum
1248 2734 1368 2770 homo

310 2784 444 2821 sentiat
472 2796 626 2821 carnem
656 2784 867 2824 secundum
903 2784 1070 2833 primum
1100 2793 1249 2822 motum
1279 2799 1369 2823 con-

309 2836 574 2886 cupiscentiae,
602 2837 753 2874 videtur
781 2837 886 2884 quod
914 2837 1059 2886 primus
1079 2845 1206 2875 motus
1227 2851 1368 2876 concu-

306 2890 512 2939 piscentiae
540 2889 579 2926 in
606 2889 822 2927 infidelibus
849 2890 895 2927 sit
920 2898 1122 2939 peccatum
1150 2893 1321 2929 mortale.

363 2944 396 2980 3.
414 2943 646 2990 PRAETEREA,
662 2942 866 2980 Anselmus
886 2943 985 2991 dicit,
1005 2943 1044 2981 in
1059 2944 1198 2981 eodem
1219 2944 1315 2982 libro
1330 2946 1365 2981 *:

307 2997 369 3032 Sic
388 2997 521 3044 factus
558 3001 613 3032 est
635 2996 768 3043 homo,
799 3003 839 3034 ut
864 2997 1200 3045 concupiscentiam
1232 2998 1368 3035 sentire

307 3061 381 3085 non
402 3049 558 3085 deberet.
589 3049 676 3085 Hoc
695 3054 821 3085 autern
850 3049 1030 3087 debitum*
1046 3050 1197 3088 videtur
1219 3050 1367 3088 homini

306 3101 508 3138 remissum
537 3113 606 3149 per
633 3101 791 3149 gratiam
819 3102 1099 3151 baptismalem,
1129 3115 1245 3152 quam
1274 3103 1366 3140 infe-

307 3155 410 3192 deles
430 3167 510 3192 non
537 3154 689 3191 habent.
720 3155 822 3202 Ergo
851 3155 1174 3205 quandocumque
1203 3155 1365 3193 infidelis

306 3207 548 3256 concupiscit,
574 3207 689 3244 etiam
708 3207 739 3244 si
758 3219 837 3244 non
861 3208 1082 3256 consentiat,
1108 3217 1243 3258 peccat
1265 3205 1367 3246 mor-

305 3261 436 3308 taliter,
467 3267 597 3297 contra
625 3260 795 3298 debitum
822 3260 974 3298 faciens.

635 1721 637 1723 ι
671 1690 713 1715 De
731 1690 814 1719 Malo,
836 1697 879 1722 qu.
898 1697 942 1721 vn,
963 1694 1010 1715 art.
1031 1689 1053 1719 3,
1073 1689 1104 1714 ad
1127 1696 1171 1722 17;
1191 1694 1237 1714 art.
1256 1688 1287 1720 83
1309 1689 1405 1719 Quodl.
1424 1690 1465 1720 IV,
1486 1698 1528 1722 qu.
1548 1698 1580 1719 xx.
1601 1695 1646 1715 art.
1667 1698 1695 1720 2;
1714 1691 1758 1715 Ad
1776 1691 1862 1721 Rom„
1882 1699 1937 1723 cap.
1956 1700 2009 1723 v111,
2030 1693 2086 1717 lect.
2106 1700 2122 1717 1.

1426 1779 1585 1827 imputat
1604 1779 1652 1816 ad
1673 1779 1971 1827 damnationem,
2001 1792 2072 1817 nec
2102 1782 2215 1818 alteri.
2247 1783 2323 1819 Sed
2340 1783 2484 1831 primos

1427 1840 1553 1868 motus
1587 1832 1762 1869 fidelibus
1800 1845 1878 1869 non
1915 1833 2075 1882 imputat
2108 1835 2155 1871 ad
2184 1834 2481 1873 damnationem.

1427 1886 1527 1933 Ergo
1558 1885 1671 1922 etiam
1700 1898 1771 1922 nec
1799 1885 2026 1923 infidelibus.

1479 1939 1703 1975 RESPONDEO
1719 1950 1902 1976 mmmmm
1918 1940 2023 1987 quod
2037 1939 2336 1977 irrationabiliter
2351 1941 2484 1978 dicitur

1427 1991 1529 2040 quod
1557 1991 1669 2040 primi
1698 1998 1824 2028 motus
1857 1992 2066 2029 infidelium
2102 1993 2173 2029 sint
2199 2001 2354 2041 peccata
2382 2007 2484 2031 mor-

1426 2044 1523 2091 talia,
1549 2044 1578 2081 si
1599 2044 1651 2080 eis
1670 2057 1748 2082 non
1775 2045 2040 2082 consentiatur.
2066 2047 2115 2082 Et
2138 2047 2212 2082 hoc
2236 2054 2337 2095 patet
2365 2047 2484 2096 dupli-

1427 2097 1527 2133 citer.
1565 2098 1693 2134 Primo
1723 2097 1898 2146 quidem,
1933 2100 2021 2147 quia
2049 2099 2129 2147 Ipsa
2157 2100 2378 2137 sensualitas
2406 2113 2484 2138 non

1425 2158 1549 2198 potest
1569 2163 1650 2187 esse
1671 2150 1883 2187 subiectum
1900 2152 2045 2199 peccati
2070 2152 2249 2199 mortalis,
2270 2160 2310 2189 ut
2335 2166 2450 2202 supra
2464 2154 2485 2175 ’¹‘

1425 2203 1596 2240 habiturn
1613 2211 1678 2240 est.
1700 2204 1767 2240 Est
1781 2211 1910 2240 autem
1937 2204 2070 2241 eadem
2087 2212 2219 2242 natura
2235 2207 2484 2243 sensualitatis

1425 2257 1463 2293 in
1491 2256 1706 2293 infidelibus
1727 2264 1763 2293 et
1790 2256 1977 2294 fidelibus.
2008 2258 2119 2295 Unde
2147 2270 2226 2295 non
2253 2266 2378 2307 potest
2402 2272 2483 2296 esse

1426 2309 1530 2358 quod
1558 2310 1661 2346 solus
1681 2317 1808 2346 motus
1832 2310 2082 2347 sensualitatis
2104 2316 2121 2332 ²
2148 2311 2187 2347 in
2206 2311 2420 2349 infidelibus
2440 2313 2485 2349 sit

1424 2370 1623 2411 peccatum
1651 2363 1821 2399 mortale.
2075 2390 2088 2401 ,

1478 2416 1563 2452 Alio
1584 2415 1715 2462 modo,
1738 2428 1783 2452 ex
1802 2423 1898 2452 statu
1917 2415 2033 2465 ipsius
2052 2417 2252 2464 peccantis.
2275 2418 2482 2466 Nunquam

1426 2469 1527 2505 enim
1557 2468 1715 2516 dignitas
1747 2480 1935 2517 personae
1964 2468 2139 2506 diminuit
2166 2478 2386 2518 peccatum,
2417 2471 2484 2508 sed

1425 2522 1543 2569 magis
1563 2529 1686 2569 auget,
1707 2529 1748 2558 ut
1767 2533 1813 2558 ex
1832 2534 1947 2571 supra
1965 2521 1986 2543 ’¹‘
2013 2522 2120 2559 dictis
2139 2531 2252 2571 patet.
2282 2523 2393 2560 Unde
2412 2536 2483 2560 nec

1423 2582 1622 2623 peccatum
1643 2581 1699 2611 est
1717 2575 1843 2612 minus
1868 2575 1906 2612 in
1926 2575 2027 2612 fideli
2048 2587 2163 2623 quam
2184 2576 2221 2612 in
2241 2576 2395 2622 infideli,
2417 2577 2483 2614 sed

1424 2629 1543 2664 multo
1573 2627 1708 2664 maius.
1743 2628 1845 2665 Nam
1874 2635 1911 2664 et
1942 2628 2152 2665 infidelium
2181 2637 2336 2677 peccata
2364 2630 2482 2677 magis

1424 2687 1617 2717 merentur
1630 2680 1797 2728 veniam,
1818 2688 1974 2730 propter
1991 2681 2254 2729 ignorantiam,
2271 2684 2481 2720 secundum

1423 2734 1514 2771 illud
1533 2735 1546 2769 I
1569 2734 1621 2770 ad
1642 2734 1736 2770 Tim.
1755 2733 1815 2770 1²⁸:
1843 2734 2150 2771 Msericordiam
2175 2736 2249 2771 Dei
2267 2741 2482 2772 consecutus

1421 2799 1517 2832 sum,
1538 2787 1626 2834 quia
1655 2787 1838 2836 ignorans
1853 2788 1940 2834 feci
1966 2789 2002 2823 in
2033 2788 2287 2824 incredulitate
2313 2800 2417 2833 mea;
2446 2796 2482 2825 et

1422 2847 1578 2888 peccata
1601 2839 1772 2876 fidelium
1802 2848 2054 2887 aggravantur
2080 2848 2234 2888 propter
2261 2841 2400 2888 gratiae
2425 2853 2482 2877 sa-

1423 2900 1626 2938 eramenta,
1651 2893 1863 2930 secundum
1883 2893 1973 2929 illud
1992 2894 2112 2929 Hehr.
2128 2905 2150 2928 x
2165 2893 2200 2929 *ε
2234 2893 2382 2935 Quanto
2402 2906 2482 2931 ma-

1420 2946 1480 2995 gis
1493 2946 1634 2994 putatis
1661 2946 1846 2982 deteriora
1866 2946 2006 2982 mereri
2030 2946 2221 2994 supplicia,
2242 2947 2308 2994 qui
2327 2948 2481 2996 sangui-

1422 3010 1506 3035 nem
1535 2998 1751 3044 testamenti,
1773 2999 1809 3035 in
1835 3011 1907 3047 quo
1935 2999 2185 3044 sanctificatus
2208 3004 2270 3044 est,
2294 2999 2480 3047 pollutum

1421 3051 1599 3088 duxerit?

1474 3106 1532 3141 AD
1552 3115 1688 3140 prunum
1703 3115 1801 3140 ERGO
1817 3115 2001 3140 DICENDUM
2016 3103 2122 3151 quod
2136 3105 2344 3152 Apostolus
2360 3105 2482 3153 loqui-

1420 3164 1481 3194 tur
1501 3157 1548 3194 de
1569 3156 1812 3193 damnatione
1834 3156 1959 3193 debita
1986 3164 2143 3204 peccato
2171 3157 2351 3205 originali,
2381 3170 2480 3206 quae

1421 3210 1588 3246 aufertur
1604 3220 1673 3257 per
1691 3208 1848 3256 gratiam
1870 3210 1954 3245 Iesu
1971 3209 2119 3257 Christi,
2136 3211 2313 3257 quamvis
2328 3220 2482 3249 maneat

1422 3261 1750 3310 concupiscentiae
1783 3261 1918 3298 fomes.
1953 3262 2064 3299 Unde
2098 3263 2174 3299 hoc
2207 3264 2312 3312 quod
2346 3265 2480 3302 fideles

360 3314 434 3351 SED
455 3325 600 3351 CONTRA
623 3325 689 3350 EST
717 3314 823 3361 quod
843 3312 976 3351 dicitur
994 3313 1076 3350 Act.
1096 3326 1120 3351 x
1138 3313 1174 3350 *z
1202 3314 1294 3352 Non
1315 3320 1368 3352 est
1421 3314 1703 3363 concupiscunt,
1733 3326 1811 3351 non
1842 3322 1896 3351 est
1914 3314 1953 3352 in
1973 3314 2026 3352 eis
2046 3315 2195 3363 signum
2226 3316 2479 3355 damnationis

299 3377 552 3415 personarum
580 3372 754 3415 acceptor
780 3367 895 3404 Deus.
930 3366 1047 3413 Quod
1075 3379 1165 3415 ergo
1193 3367 1259 3404 uni
1286 3380 1365 3404 non
1390 3359 1394 3412 Ι
1419 3367 1608 3415 originalis
1635 3367 1792 3416 peccati,
1822 3367 1918 3405 sicut
1945 3376 2000 3405 est
2026 3368 2065 3406 in
2091 3368 2319 3407 infidelibus.

358 3479 385 3512 α)
403 3479 593 3505 sensualitatis.
611 3494 630 3499 -
648 3480 674 3504 in
694 3487 721 3505 se
739 3480 922 3506 consideratus
941 3481 1036 3506 addunt
1055 3481 1106 3506 EF.

446 3534 556 3559 Summa
574 3533 676 3559 Timor..
694 3534 725 3558 D.
739 3534 853 3558 Tuoms-
872 3534 904 3559 T.
924 3534 965 3559 IV.

2307 3544 2335 3569 ιο

2511 2162 2519 2170 ·
2532 2160 2579 2188 Qu.
2590 2166 2666 2188 cxxiv,
2678 2164 2720 2183 art.

2510 2193 2533 2213 4·

2512 2530 2519 2538 ¹
2530 2529 2578 2556 Qu.
2587 2535 2669 2556 uxm,
2678 2532 2720 2551 nrt.

2510 2561 2542 2576 ιο.

2510 2748 2519 2756 ·
2533 2746 2599 2768 νει-ε.
2613 2752 2642 2775 13.

2509 2906 2518 2914 ·
2533 2904 2599 2927 Vers.
2614 2910 2652 2932 ²9·
