2840 4010
0 2095 6 2151 ,i

0 2158 6 2169 .

0 2179 5 2205 ἓ

0 2207 7 2230 ξι

106 499 117 508 ·
131 497 197 519 νει-ι.
210 502 247 524 24,
262 502 295 524 25.

107 925 317 953 'metanrmm

104 1083 116 1094 '
130 1082 236 1112 Vae-¹58,
250 1089 282 1111 ¹7·

1031 206 1297 253 QUAEsT1o
1326 206 1429 254 xcl,

341 294 464 335 equus
493 292 529 322 et
555 285 638 322 bos.
669 284 754 321 Alio
784 284 916 332 modo,
937 285 1032 322 sicut
1050 286 1260 334 perfectum
1281 293 1316 322 et
1334 286 1419 337 im-¹

343 339 552 388 perfectum
590 337 628 374 in
667 338 802 375 eadem
838 338 984 386 specie:
1015 338 1110 375 sicut
1139 350 1236 386 puer
1272 346 1309 375 et
1334 339 1403 375 vir.

342 393 393 428 Et
428 392 503 428 hoc
539 391 658 428 modo
688 391 747 427 lex
784 391 912 428 divina
946 391 1183 438 distinguitur
1210 391 1248 426 in
1280 391 1404 438 legem

341 451 514 481 veterem
552 451 588 480 et
613 444 737 491 legem
766 454 922 481 novam.
956 443 1067 480 Unde
1099 443 1326 491 Apostolus,
1356 444 1407 480 ad

346 497 430 534 Gal.
462 509 498 534 111
525 496 564 543 ³¹³,
595 503 793 545 comparat
826 503 962 533 statum
997 495 1136 532 veteris
1167 495 1258 544 legis
1295 496 1405 532 statui

342 550 477 599 puerili
511 550 680 586 existenti
717 549 789 585 sub
825 548 1071 597 paedagogo:
1100 554 1239 583 statum
1276 555 1404 584 autem

344 615 470 640 novae
498 602 588 650 legis
617 608 814 650 comparat
840 600 950 637 statui
968 599 1040 636 viri
1057 599 1224 648 perfecti,
1245 600 1311 648 qui
1328 601 1404 637 iam

344 668 423 692 non
451 663 508 692 est
535 655 604 692 sub
632 655 868 703 paeda-gogo.

397 708 613 746 Attenditur
639 714 766 744 autem
794 704 975 754 perfectio
1000 711 1036 740 et
1059 704 1293 753 imperfectio
1317 705 1405 742 utri-

343 772 467 811 usque
487 764 505 784 a
533 760 623 808 legis
650 758 862 796 secundum
890 757 959 794 tria
985 769 1084 805 quae
1108 758 1156 794 ad
1179 759 1302 805 legem
1320 769 1405 807 per-

344 815 485 862 tinent,
519 820 562 850 ut
602 822 718 862 supra
759 810 901 847 dietum
939 817 1006 846 est.
1042 811 1170 847 Primo
1215 810 1316 847 enim
1355 811 1403 847 ad

344 868 466 915 legem
485 865 648 915 pertinet
673 871 713 900 ut
741 864 935 901 ordinetur
959 863 1007 900 ad
1031 864 1177 900 bonum
1198 875 1403 900 commune

344 920 441 957 sicut
467 919 517 956 ad
538 919 670 964 finem,
690 924 731 953 ut
750 929 864 965 supra
882 916 903 938 ’¹‘
931 916 1073 953 dictum
1098 923 1164 953 est.
1186 916 1304 963 Quod
1323 916 1405 963 qui-

345 972 433 1010 dem
459 977 586 1020 potest
605 980 687 1006 esse
717 969 868 1018 duplex.
890 969 1037 1006 Scilicet
1064 970 1210 1006 bonum
1229 969 1404 1006 sensibile

344 1032 381 1062 et
407 1033 620 1061 terrenum:
651 1030 688 1059 et
715 1023 765 1060 ad
789 1024 862 1059 tale
882 1023 1030 1059 bonum
1042 1022 1246 1060 ordinabat
1265 1022 1404 1059 directe

343 1079 403 1114 lex
429 1084 558 1122 vetus;
586 1076 689 1113 unde
719 1076 854 1122 statim,
882 1075 1011 1112 Exodi
1028 1086 1064 1113 111
1082 1075 1119 1122 *‚
1147 1075 1186 1112 in
1218 1075 1403 1123 principio

342 1130 445 1178 legis,
467 1129 645 1167 invitatur
662 1130 827 1178 populus
847 1129 895 1165 ad
915 1140 1072 1177 regnum
1091 1136 1285 1165 terrenum
1306 1128 1405 1164 Cha-

342 1192 591 1220 nanaeorum.
621 1183 671 1219 Et
697 1182 832 1219 iterum
855 1183 1000 1218 bonum
1020 1181 1246 1230 intelligibile
1265 1188 1303 1217 et
1321 1193 1404 1217 cae-

342 1237 456 1282 leste:
486 1236 600 1273 etad
628 1236 703 1272 hoc
731 1236 879 1272 ordinat
906 1236 965 1271 lex
993 1247 1107 1272 nova.
1140 1235 1250 1272 Unde
1279 1234 1404 1270 statim

303 1284 516 1327 ”Christus
553 1289 606 1342 ad.
639 1296 798 1336 regnum
837 1289 1030 1325 caelorum
1067 1288 1106 1324 in
1138 1287 1404 1335 suae-praedi—

307 1343 312 1347 '
344 1342 502 1382 cationis
529 1340 716 1392 principio
743 1341 930 1387 invitavit,
960 1341 1109 1379 dicens:
1136 1341 1404 1378 Poenitentiam

104 1773 302 1805 anuph-002⁶.

103 1882 115 1893 ⁸
127 1881 197 1904 Vm.
209 1886 247 1903 zo.

257 2069 315 2096 „m

102 2068 155 2092 ἀ

101 2095 178 2124 Sena,
217 2099 246 2118 nt.
262 2102 301 2118 xz..

105 3369 115 3379 ·
127 3367 176 3396 Qu.
189 3375 226 3396 xc,
241 3374 282 3393 ιη.
293 3376 314 3394 2.

343 1396 471 1446 agite.-
507 1395 824 1444 appropinquavit
857 1395 970 1431 enim·
997 1403 1158 1444 regnum
1199 1393 1404 1439 caelorum,

343 1449 476 1486 Matth.
499 1448 579 1486 w‘.
599 1449 649 1485 Et
667 1448 754 1484 ideo
774 1447 1011 1495 Augustinus
1028 1447 1126 1495 dicit,
1145 1447 1184 1484 in
1204 1447 1256 1484 IV
1274 1453 1405 1483 contra

342 1503 524 1540 Faustum
543 1501 575 1548 ¹¹²,
591 1501 697 1550 quod
717 1501 979 1549 temporalium
997 1506 1124 1538 rerum
1137 1501 1406 1549 promissiones

347 1556 583 1592 Testamenta
602 1553 617 1583 β
643 1554 762 1591 veteri
783 1554 1028 1601 continentur,
1048 1557 1084 1591 et
1109 1554 1192 1590 ideo
1209 1559 1313 1591 vetus
1340 1566 1406 1602 ap-

338 1607 524 1657 pellatur:
551 1607 618 1644 sed
642 1613 819 1644 aeternae
844 1607 942 1644 vitae
964 1607 1164 1656 promissio
1187 1607 1239 1644 ad
1265 1618 1404 1643 novum

336 1661 500 1710 pertinet
529 1661 817 1697 Testamentum.

378 1710 581 1760 'Secundo'
606 1713 654 1750 ad
682 1715 805 1761 legem
834 1713 995 1761 pertinet
1027 1713 1185 1762 dirigere
1213 1714 1404 1750 humanos

343 1761 449 1804 aetus
468 1767 680 1803 secundum
701 1766 876 1803 ordinem
901 1765 1059 1802 iustitiae
1077 1766 1172 1803 *flu
1190 1778 1268 1815 quo
1289 1766 1403 1803 etiam

344 1820 630 1869 superabundat
648 1819 706 1856 lex
725 1831 828 1856 nova
847 1819 918 1866 legi
937 1819 1067 1866 veteri,
1087 1819 1283 1856 interiores
1300 1827 1404 1856 actus

343 1873 460 1910 animi
481 1873 714 1918 ordinand03
734 1872 946 1909 secundum
965 1871 1056 1909 illud
1075 1873 1208 1909 Matth.
1225 1885 1248 1909 v
1261 1872 1297 1909 *z
1317 1873 1407 1910 Nisi

342 1926 593 1963 abundaverit
609 1926 745 1962 iustitia
763 1931 888 1962 uestra
897 1925 984 1973 plus
1002 1937 1116 1973 quam
1136 1926 1354 1963 Scribarum
1371 1932 1406 1962 et

341 1979 652 2024 Harisaeorum,
663 1986 737 2015 non
751 1979 953 2015 *intrabitis
960 1979 997 2015 in
1017 1986 1177 2028 regnum
1197 1979 1401 2016 caelorum.

342 2032 392 2068 Et
419 2031 508 2068 ideo
541 2031 675 2069 dicitur
702 2031 807 2080 quod
835 2032 898 2068 lex
924 2037 1028 2068 vetus
1054 2032 1199 2068 cohibet
1224 2044 1400 2078 manum,

341 2084 406 2121 lex
433 2096 532 2121 nova
559 2085 728 2121 animum
757 2084 787 2121 ²⁸.

396 2198 424 2235 et)
442 2199 590 2232 ¹utrt‘usqmt.
607 2212 626 2218 —
644 2199 707 2224 Om.
724 2199 754 2225 P.

395 2234 422 2270 β)
446 2235 622 2261 Testamento.
641 2249 660 2255 -
677 2235 705 2260 in
726 2234 895 2261 Testamenta
913 2235 942 2260 P.

1458 207 1752 245 ARTICULUS
1780 206 1831 244 VI

1512 286 1642 323 Tertio
1670 286 1720 323 ad
1748 287 1871 333 legem
1895 285 2055 334 pertinet
2073 285 2254 322 inducere
2274 285 2449 322 homines
2469 286 2519 323 ad

1458 339 1720 376 observantias
1749 339 2016 376 mandatorum
2036 338 2068 375 ²¹².
2097 339 2146 375 Et
2172 339 2247 375 hoc
2275 338 2431 387 quidem
2459 339 2519 375 lex

1457 399 1567 429 vetus
1587 392 1748 429 faciebat
1771 392 1907 429 timore
1925 401 2161 441 poenarum:
2190 392 2248 428 lex
2268 398 2396 428 autem
2416 403 2519 428 nova

1458 445 1544 480 facit
1572 446 1646 481 hoc
1673 457 1742 494 per
1761 457 1946 491 amorem,
1968 445 2033 492 qui
2052 445 2089 482 in
2109 444 2287 482 cordibus
2307 443 2443 480 nostris
2463 443 2519 480 in—

1458 497 1625 534 funditur
1652 510 1719 546 per
1746 500 1905 545 gratiam
1935 498 2083 545 Christi,
2113 510 2211 546 quae
2239 497 2278 534 in
2305 498 2387 545 lege
2416 509 2518 534 nova

1459 550 1659 597 confertur,
1690 551 1758 587 sed
1785 551 1824 587 in
1852 552 1933 598 lege
1951 551 2070 587 veteri
2094 551 2336 598 figurabatur.
2363 551 2412 586 Et
2430 550 2517 587 ideo

1460 602 1547 637 dicit
1574 603 1826 650 Augustinus,
1861 605 2002 641 Contra
2020 604 2265 640 Adimantum
2297 603 2521 640 Manichaei

1458 654 1691 702 Discipulum
1713 657 1744 700 ³¹²,
1766 656 1869 703 quod
1889 657 2011 693 brevis
2037 657 2247 706 differentia
2271 662 2324 693 est
2346 655 2461 705 Legis
2484 661 2520 692 et

1456 707 1669 756 Evangelii,
1699 708 1811 744 timor
1838 714 1874 744 et
1898 721 2020 746 amor.

1510 761 1570 795 An
1598 771 1735 796 ramum
1760 772 1857 797 ERGO
1882 773 2064 798 DICENDUM
2098 762 2215 810 quod,
2237 762 2331 799 sicut
2356 761 2516 810 paterfa-

1458 811 1579 848 milias
1607 812 1645 848 in
1675 813 1792 849 domo
1822 813 1893 849 alia
1922 814 2100 851 mandata
2128 815 2307 863 proponit
2332 814 2460 862 pueris
2481 821 2518 850 et

1458 864 1605 911 adultis,
1622 866 1671 901 ita
1687 866 1799 901 etiam
1820 862 1918 902 unus
1933 879 1996 902 rex
2013 868 2130 913 Deus,
2147 868 2184 903 in
2203 880 2281 904 uno
2301 879 2371 903 suo
2387 879 2516 914 regno,

1458 917 1570 953 aliam
1599 919 1722 965 legem
1752 918 1854 954 dedit
1887 919 2105 956 hominibus
2139 921 2264 956 adhuc
2291 919 2517 968 imperfectis

1459 970 1721 1016 existentibus;
1751 979 1788 1007 et
1810 971 1923 1007 aliam
1944 972 2206 1019 perfectiorem
2226 973 2301 1009 iam
2331 972 2518 1009 manudu-

1458 1023 1525 1059 ctis
1553 1035 1622 1071 per
1649 1023 1816 1071 priorem
1844 1024 1967 1071 legem
1997 1025 2045 1061 ad
2065 1025 2250 1062 maiorem
2271 1025 2516 1073 capacitatem

1459 1075 1689 1112 divinorum.

1511 1131 1569 1165 An
1599 1140 1787 1166 SECUNDUM
1815 1140 1999 1166 DmENDUM
2037 1131 2140 1178 quod
2178 1130 2278 1166 salus
2313 1130 2516 1166 hominum

1458 1192 1536 1218 non
1564 1189 1712 1231 poterat
1743 1193 1825 1218 esse
1860 1182 1930 1218 nisi
1965 1195 2034 1231 per
2062 1182 2276 1229 Christum;
2306 1184 2516 1220 secundum

1459 1235 1548 1272 illud
1576 1235 1658 1271 Act.
1687 1247 1722 1271 1v
1740 1234 1776 1271 *ε
1804 1235 1896 1272 Non
1926 1241 1980 1272 est
2004 1235 2110 1272 aliud
2135 1247 2269 1272 nomen
2298 1236 2426 1272 datum
2454 1237 2518 1272 ho-

1458 1289 1631 1333 minibus,
1652 1288 1690 1324 in
1715 1299 1788 1336 quo
1817 1294 1987 1336 oporteat
2003 1300 2070 1325 nos
2097 1289 2220 1325 salvos
2236 1289 2341 1336 fieri.
2362 1289 2412 1325 Et
2429 1288 2516 1325 ideo

1459 1342 1517 1377 lex
1549 1342 1714 1389 perfecte
1751 1341 1799 1378 ad
1832 1342 1991 1378 salutem
2030 1353 2165 1378 omnes
2197 1342 2406 1388 inducens,
2436 1341 2516 1378 dari

1459 1406 1538 1430 non
1574 1394 1697 1442 potuit
1733 1394 1802 1430 nisi
1839 1401 1926 1442 post
1969 1395 2106 1431 Christi
2142 1394 2363 1431 adventum.
2393 1396 2516 1431 Antea

1458 1459 1551 1484 vero
1581 1447 1660 1484 dari
1688 1447 1855 1495 oportuit
1880 1448 2026 1495 populo
2055 1459 2100 1483 ex
2129 1459 2206 1494 quo
2236 1447 2406 1484 Christus
2439 1454 2518 1483 erat

1459 1501 1680 1548 nasciturus,
1710 1501 1832 1548 legem
1862 1500 2184 1548 praeparatoriam
2213 1501 2262 1536 ad
2291 1500 2428 1536 Christi
2457 1512 2517 1536 su-

1459 1554 1714 1602 sceptionem,
1744 1554 1782 1590 in
1810 1565 1886 1600 qua
1922 1553 2112 1600 quaedam
2145 1553 2359 1590 rudimenta
2377 1557 2393 1580 '¹
2421 1554 2517 1589 salu-

1457 1607 1544 1643 taris
1572 1606 1730 1643 iustitiae
1760 1606 2052 1643 continerentur.

1511 1662 1569 1696 AD
1588 1671 1747 1696 TERTIUM
1766 1671 1949 1696 montinum
1974 1659 2079 1707 quod
2107 1659 2166 1695 lex
2194 1658 2369 1695 naturalis
2397 1657 2519 1705 dirigit

1458 1713 1656 1749 hominem
1676 1713 1887 1749 secundum
1912 1712 2103 1760 quaedam
2122 1719 2325 1761 praecepta
2344 1723 2517 1748 commu-

1459 1765 1532 1813 nia,
1561 1766 1599 1802 in
1629 1766 1766 1815 quibus
1791 1766 2024 1802 conveniunt
2041 1773 2119 1802 tam
2138 1765 2292 1814 perfecti
2311 1776 2428 1813 quam
2448 1764 2517 1800 im-

1458 1819 1632 1867 perfecti:
1664 1826 1699 1855 et
1722 1819 1809 1856 ideo
1829 1826 1885 1855 est
1904 1831 1980 1855 una
2000 1819 2186 1855 omnium.
2218 1818 2294 1854 Sed
2313 1818 2371 1853 lex
2391 1817 2518 1854 divina

1459 1871 1580 1919 dirigit
1611 1872 1809 1908 hominem
1844 1872 1956 1908 etiam
1987 1872 2025 1908 in
2053 1871 2282 1919 quibusdam
2320 1870 2518 1918 particula-

1459 1925 1573 1971 ribus,
1603 1925 1651 1961 ad
1680 1936 1778 1973 quae
1804 1937 1882 1962 non
1902 1925 2070 1961 similiter
2089 1937 2130 1961 se
2149 1925 2290 1961 habent
2308 1923 2463 1972 perfecti
2483 1930 2519 1959 et

1458 1978 1679 2026 imperfecti.
1705 1979 1754 2015 Et
1782 1978 1868 2015 ideo
1899 1978 2065 2027 oportuit
2091 1979 2213 2026 legem
2243 1977 2410 2014 divinam
2436 1988 2516 2012 esse

1461 2031 1663 2080 duplicem,
1693 2031 1788 2068 sicut
1815 2031 1892 2067 iam
1911 2032 1931 2052 *
1959 2031 2099 2068 dictum
2128 2038 2194 2068 est.

2450 202 2519 254 157

1510 2200 1537 2233 γ)
1557 2199 1717 2224 rudimenta.
1735 2211 1754 2218 -—
1771 2198 1927 2223 indumenta
1945 2197 2167 2230 CDFGleABH,
2186 2197 2354 2222 erudimenta
2372 2197 2411 2221 εΗ
2425 2201 2450 2221 et
2461 2203 2487 2221 a.
2499 2209 2519 2216 -

1458 2235 1509 2259 Pro
1526 2235 1735 2263 continerentur,
1752 2235 1924 2261 continentur
1942 2234 1971 2259 P.

1510 2321 1563 2328 W

1154 2384 1471 2438 Armenius
1501 2391 1709 2437 SEXTUS

964 2497 1154 2528 UTRUM
1183 2497 1268 2528 SIT
1299 2498 1509 2534 ALIQUA
1539 2497 1641 2527 LEX
1670 2497 1898 2528 FOMITIS

1045 2583 1119 2614 Infra¹
1138 2591 1183 2616 qu.
1201 2591 1272 2614 xcm,
1291 2589 1338 2610 art.
1357 2584 1383 2615 3;
1402 2585 1446 2609 Ad
1464 2584 1550 2614 Rom„
1571 2592 1626 2617 cap.
1644 2592 1688 2614 vn,
1708 2585 1766 2610 lect.
1784 2592 1818 2609 tv.

356 2668 359 2671 ¹
381 2688 435 2711 »υ
461 2693 529 2734 og<
552 2685 575 2710 n
604 2683 746 2709 SEXTUM
773 2667 826 2708 st:
855 2683 1094 2708 PROCEDrrUR.
1117 2671 1275 2709 Videtur
1299 2673 1403 2720 quod
1457 2684 1550 2708 num
1577 2671 1780 2720 privatum.
1811 2672 1913 2719 Ergo
1942 2672 2065 2708 fomes
2089 2683 2167 2709 non
2186 2672 2300 2708 habet
2327 2671 2513 2707 rationem

371 2713 524 2783 5¹ssss
555 2737 632 2761 non
647 2725 693 2762 sit
711 2725 836 2772 aliqua
855 2726 913 2761 lex
928 2724 1081 2761 fomitis.
1101 2723 1199 2761 Dicit
1218 2725 1318 2762 enim
1340 2726 1404 2762 lsi-

311 2798 317 2804 .
361 2780 481 2854 Arga
500 2780 523 2818 γ,
538 2774 543 2778 “
556 2778 682 2824 dorus,
699 2777 954 2826 inVEtyrmol.
973 2779 1004 2824 ²¹²,
1022 2777 1127 2826 quod
1146 2777 1209 2814 Iex
1227 2779 1372 2816 ratione
1385 2784 1416 2806 ²«

400 2843 409 2858 2=
434 2821 497 2861 23⁶)
512 2821 545 2863 K
555 2831 727 2867 consistit.
749 2831 890 2867 Fomes
909 2838 1036 2867 autem
1064 2842 1142 2867 non
1162 2830 1329 2877 consistit
1347 2843 1404 2869 ra-

342 2882 471 2929 tione,
500 2882 567 2919 sed
604 2882 724 2930 magis
755 2895 776 2919 a
809 2883 952 2919 ratione
981 2883 1118 2920 deviat.
1149 2879 1404 2932 Ergo‘'·1²0r11es

343 2947 423 2972 non
449 2935 565 2972 habet
592 2935 777 2972 rationem
805 2935 908 2984 legis.

398 3000 433 3025 2.
462 2988 701 3035 PRAETEREA,
738 2988 863 3026 omnis
895 2989 955 3025 lex
987 2989 1210 3037 obligatoria
1242 2997 1317 3036 est,
1353 2990 1403 3027 ita

343 3041 448 3090 quod
476 3040 541 3089 qui
574 3041 695 3090 ipsam
724 3052 803 3078 non
830 3049 998 3088 servant,
1025 3047 1320 3089 transgressores
1350 3043 1402 3079 di-

344 3101 492 3131 cuntur.
523 3095 600 3130 Sed
624 3093 747 3130 fomes
767 3105 845 3131 non
874 3093 1063 3131 constituit
1090 3095 1256 3143 aliquem
1285 3102 1403 3132 trans-

342 3157 555 3194 gressorem
580 3158 625 3183 ex
643 3147 718 3183 hoc
746 3147 850 3196 quod
877 3146 1001 3195 ipsum
1022 3159 1100 3183 non
1120 3147 1306 3196 sequitur,
1336 3149 1403 3186 sed

342 3199 463 3247 magis
491 3206 745 3247 transgressor
772 3199 940 3236 redditur
966 3199 997 3235 si
1016 3199 1100 3247 quis
1118 3199 1244 3248 ipsum
1270 3213 1403 3250 sequa-

342 3259 413 3290 tur.
443 3253 545 3300 Ergo
574 3252 698 3289 fomes
726 3264 804 3289 non
830 3251 947 3288 habet
972 3251 1158 3289 rationem
1186 3251 1288 3300 legis.

399 3306 433 3342 3.
463 3305 700 3352 PRAETEREA,
729 3305 788 3341 lex
816 3304 1011 3341 ordinatur
1038 3304 1087 3341 ad
1118 3305 1265 3341 bonurn
1300 3317 1402 3342 com-

342 3370 476 3404 mune,
505 3365 546 3394 ut
574 3370 689 3407 supra
711 3356 732 3379 *
759 3357 930 3394 habitum
961 3364 1025 3393 est.
1060 3357 1136 3394 Sed
1168 3357 1291 3394 fornes
1324 3371 1402 3394 non

343 3410 495 3447 inclinat
522 3410 571 3447 ad
598 3411 746 3447 bonum
775 3421 992 3457 commune,
1023 3409 1090 3446 sed
1119 3409 1239 3457 magis
1267 3411 1314 3447 ad
1335 3411 1402 3447 bo-

380 3523 555 3556 ,ot),ra11‘one.
573 3536 591 3542 -
610 3523 635 3547 in
656 3522 760 3548 ratione
778 3523 812 3554 E;
832 3530 892 3547 mox
912 3523 937 3547 iu
958 3523 1062 3547 ratione
1081 3523 1108 3547 P.

1457 2725 1558 2772 legis.

1511 2778 1585 2814 SED
1615 2789 1760 2814 CONTRA
1787 2789 1853 2813 EST
1887 2777 1992 2825 quod
2019 2777 2225 2826 Apostolus
2259 2776 2370 2822 dicit,
2399 2777 2510 2812 Rom.

1456 2842 1505 2867 vu
1523 2830 1559 2867 *ε
1586 2831 1699 2868 Video
1719 2830 1834 2867 aliam
1862 2830 1984 2879 legem
2013 2830 2050 2866 in
2079 2830 2255 2866 membris
2282 2829 2384 2874 meis,
2405 2840 2513 2877 repu-

1456 2889 1636 2933 gnantem
1664 2883 1742 2932 legi
1766 2883 1898 2919 mentis
1925 2895 2042 2919 meae.

1511 2937 1735 2973 RESPONDEO
1755 2947 1940 2973 DlCENDUM
1959 2936 2076 2983 quod,
2092 2935 2187 2971 sicut
2205 2946 2317 2982 supra
2331 2933 2352 2955 '¹‘
2371 2934 2513 2971 dictum

1459 2997 1524 3034 est,
1545 2991 1604 3025 lex
1625 2989 1866 3025 essentialiter
1885 2988 2071 3025 invenitur
2089 2988 2127 3024 in
2147 2988 2338 3034 regulante
2355 2994 2390 3023 et
2408 2999 2514 3023 men-

1458 3047 1622 3089 surante,
1651 3041 1911 3090 participative
1940 3049 2066 3077 autem
2093 3040 2131 3076 in
2160 3052 2206 3076 eo
2231 3039 2335 3087 quod
2362 3051 2514 3076 mensu-

1457 3103 1560 3131 ratur
1580 3103 1615 3131 et
1635 3093 1842 3142 regulatur,
1872 3094 1922 3130 ita
1950 3093 2054 3142 quod
2083 3093 2207 3128 omnis
2235 3092 2424 3129 inclinatio
2451 3093 2514 3130 vel

1457 3147 1644 3184 ordinatio
1669 3159 1766 3194 quae
1786 3146 1976 3182 invenitur
1994 3146 2031 3182 in
2049 3145 2106 3181 his
2122 3157 2221 3193 quae
2240 3145 2409 3182 subiecta
2428 3153 2516 3182 sunt

1456 3200 1537 3248 legi,
1567 3199 1825 3248 participative
1854 3198 1986 3235 dicitur
2013 3198 2088 3244 lex,
2116 3206 2158 3234 ut
2186 3210 2230 3234 ex
2254 3198 2476 3246 supradictis
2494 3198 2515 3220 '¹‘

1455 3259 1569 3301 patet.
1599 3253 1728 3287 Potest
1755 3258 1883 3287 autem
1911 3250 1949 3286 in
1977 3250 2034 3287 his
2063 3263 2162 3298 quae
2190 3251 2404 3288 subduntur
2430 3251 2512 3299 legi,

1456 3305 1581 3352 aliqua
1609 3303 1799 3340 inclinatio
1828 3303 1986 3340 inveniri
2014 3303 2212 3352 dupliciter
2239 3316 2261 3340 a
2288 3305 2511 3352 legislatore.

1455 3358 1541 3394 Uno
1571 3356 1702 3402 modo,
1731 3356 1956 3404 inquantum
1977 3356 2115 3393 directe
2143 3357 2295 3394 inclinat
2317 3369 2407 3394 suos
2427 3358 2514 3394 sub-

1457 3409 1554 3446 ditos
1583 3409 1631 3445 ad
1651 3408 1807 3457 aliquid3
1830 3417 1866 3445 et
1885 3409 2056 3446 diversos
2076 3407 2091 3438 β
2110 3409 2301 3447 interdum
2322 3410 2370 3447 ad
2391 3410 2514 3447 diver-

1509 3521 1534 3555 β)
1554 3522 1679 3547 diversos.
1697 3535 1717 3542 -
1734 3522 1794 3547 Om.
1815 3523 1842 3547 P.

2545 347 2556 358 ⁸
2573 347 2620 374 Qu.
2630 353 2668 374 xc,
2679 350 2721 370 art.
2730 354 2759 377 3,

2547 373 2576 394 ad
2590 379 2610 395 2.

2546 664 2556 673 '
2578 662 2636 690 Cap.
2657 669 2716 685 xvn.

2544 1247 2554 1256 '¹
2569 1245 2636 1267 Vers.
2650 1252 2681 1268 12.

2543 2031 2555 2042 ⁴⁸
2568 2031 2594 2053 In
2609 2037 2716 2059 corpore.

2540 2837 2550 2846 ·
2563 2836 2630 2858 Vers.
2644 2842 2679 2865 ²3-

2539 2943 2551 2954 ⁸
2559 2943 2610 2964 Art.
2621 2949 2644 2969 ας
2659 2949 2698 2971 qu.
2712 2949 2752 2970 xc,

2539 2973 2582 2991 nrt.
2596 2975 2613 2996 ι,
2628 2969 2657 2991 ad
2672 2976 2688 2991 1.

2540 3207 2550 3218 “
2563 3206 2623 3228 Ibid.

2638 3405 2656 3438 β
