2840 4010
98 2493 224 2516 *ner-'tae
236 2494 312 2520 orm„

101 2519 142 2543 lib.
155 2520 178 2543 Π
210 2526 236 2543 οι
255 2536 262 2543 .
277 2526 312 2547 iv,

101 2537 240 2570 xxm-bra:
258 2547 312 2574 .1v‚

99 2579 152 2602 esp.
165 2580 206 2596 xx.

100 2651 113 2664 ⁸
126 2651 194 2675 νοω,
209 2657 241 2674 21.
251 2663 262 2669 -
276 2651 314 2674 Cf.

101 2684 152 2707 etp.
163 2684 199 2706 ιιι,
210 2684 272 2701 vers.
281 2684 311 2700 αι.

105 3258 115 3268 ·
138 3257 185 3285 Qu.
209 3263 313 3283 mxvii,

102 3286 146 3306 art.
161 3283 183 3306 6.

1014 175 1280 220 QUAESTIO
1311 175 1414 220 CIX,
1445 176 1739 213 ARTICULUS
1768 176 1836 213 VII

337 251 400 283 hoc
422 250 606 290 intelligitur
629 251 668 280 de
691 251 899 291 dispositione
922 259 952 283 et
976 253 1213 293 praeparatione
1237 262 1303 282 non
1323 253 1398 283 sim-

338 294 470 337 pliciter,
493 294 548 326 sed
571 301 730 335 quantum
753 302 799 326 est
823 305 859 326 ex
882 303 968 338 parte
992 307 1057 328 sua.

393 337 434 369 Et
456 347 574 374 rursus,
599 338 637 368 de
662 338 868 380 dispositione
891 339 1074 381 simpliciter
1097 339 1289 380 accipiendo,
1310 339 1398 370 intel-

337 381 445 422 ligitur
466 388 503 412 ut
526 381 618 412 faciat
647 383 734 424 quod
758 383 790 413 in
814 394 847 414 se
871 390 917 414 est
940 390 1047 415 motus
1076 383 1250 424 specialiter
1273 393 1290 412 a
1314 383 1398 419 Deo,

337 425 545 466 obsequendo
565 426 681 458 scilicet
699 427 834 458 motioni
858 427 996 459 divinae:
1021 434 1057 458 ut
1079 427 1111 457 in
1134 427 1340 467 responsione
1360 427 1399 457 ad

339 470 515 501 secundum
535 473 657 502 Auctor
678 471 730 502 hic
753 471 836 507 dicit,
857 471 939 502 dicta
957 481 1015 502 sua
1037 471 1070 501 in
1086 471 1111 500 ll
1127 470 1214 501 Sem.
1232 471 1272 500 ad
1287 471 1399 501 melio-

338 524 406 545 rem
429 524 558 547 sensum
581 516 743 553 reducens,
768 515 957 547 declarando
979 521 1011 546 et
1033 514 1190 545 addendo.

396 558 464 590 VII.
490 559 524 590 ln
554 559 762 600 responsione
791 560 831 590 ad
862 558 1056 593 secundum,
1081 557 1216 589 dubium
1246 557 1397 593 occurrit,

339 601 415 643 quia
438 604 560 634 Auctor
581 603 615 633 in
638 603 812 644 aequivoco
839 602 982 632 laborare
1004 601 1136 632 videtur.
1168 601 1251 632 Nam
1280 601 1399 632 intenta

340 646 504 677 conclusio
527 646 724 677 defendenda
747 653 794 677 est
817 645 855 676 de
878 645 1006 685 speciali
1029 645 1187 676 adiutorio
1211 645 1270 676 Dei
1293 655 1398 675 neces-

340 690 421 720 sario
436 691 476 720 ad
495 691 766 731 praeparationem
789 689 920 730 gratiae:
945 689 1112 719 auctoritas
1128 699 1203 720 vero
1217 689 1346 719 inducta
1362 699 1398 718 ex

340 734 426 765 Ioan.
442 744 492 770 xv,
518 734 595 765 Sine
609 744 660 764 me
675 734 755 764 nihil
770 734 904 774 potestis
917 733 1044 774 facere,
1070 734 1108 763 de
1132 733 1296 764 communi
1321 743 1397 773 ope-

340 778 460 809 ratione
483 778 552 815 Dei,
576 788 640 819 qua
659 778 767 808 omnia
786 779 824 808 ab
845 777 916 817 ipso
938 777 1018 808 sicut
1038 787 1056 807 a
1072 777 1176 818 primo
1195 783 1306 817 agente
1322 786 1396 817 pen-

339 822 423 858 dent,
449 822 619 853 concludit.
644 822 718 852 Non
742 828 788 852 est
807 821 901 861 igitur
925 821 1031 852 efficax
1053 831 1219 861 processus
1241 820 1304 851 ille.

2434 176 2502 212 301

1506 254 1557 284 Ad
1580 254 1642 285 hoc
1664 254 1777 286 dicitur
1799 255 1888 295 quod
1911 254 1998 285 nulla
2014 261 2060 286 est
2075 254 2305 295 aequivocatio,
2323 255 2376 285 sed
2391 254 2509 285 intenta

1453 298 1615 328 conclusio
1639 298 1760 339 optime
1783 298 1969 330 defenditur.
1987 298 2151 336 Quoniam
2174 298 2343 329 auctoritas
2366 298 2419 329 illa
2442 308 2509 328 non

1452 348 1498 371 est
1520 341 1682 372 limitanda
1697 343 1737 372 ad
1756 352 1964 373 communem
1978 341 2134 375 influxum
2150 348 2291 378 tantum:
2307 342 2362 372 sed
2377 349 2423 373 est
2438 342 2507 372 uni-

1451 385 1622 421 versaliter,
1646 393 1682 417 ut
1704 393 1804 422 sonat,
1825 386 2035 426 intelligenda,
2057 393 2088 417 et
2105 385 2384 426 proportionaliter
2407 385 2509 416 distri-

1452 429 1587 459 buenda.
1604 429 1648 460 lta
1663 431 1762 470 quod,
1777 430 2051 471 quemadmodum
2068 430 2147 460 nihil
2162 437 2291 460 naturae
2305 429 2372 460 sine
2387 429 2456 460 Deo
2473 436 2510 460 ut

1452 472 1607 512 principio
1635 474 1786 510 naturali,
1811 474 1852 505 ita
1882 474 1960 504 nihil
1986 474 2102 514 gratiae
2125 474 2192 505 sine
2221 483 2260 504 eo
2289 480 2324 504 ut
2351 474 2507 514 principio

1452 516 1575 554 gratiae,
1597 517 1696 547 facere
1715 528 1897 558 possumus.
1913 520 1959 548 Ac
1978 528 2034 558 per
2049 518 2120 555 hoc,
2135 519 2210 559 quia
2227 517 2327 548 facere
2342 517 2508 548 hominem

1452 560 1540 599 quod
1559 560 1591 590 in
1607 571 1640 591 se
1657 568 1711 597 est,
1728 561 1770 592 ita
1787 569 1822 592 ut
1838 572 1893 602 per
1911 562 1972 593 hoc
1988 562 2028 592 sit
2042 561 2232 593 sufficienter
2251 569 2453 602 praeparatus
2467 562 2507 591 ad

1452 603 1583 642 gratiam
1603 602 1661 646 (sic
1685 605 1770 635 enim
1793 605 1824 635 in
1848 605 2014 646 proposito
2039 606 2174 636 sumitur
2193 605 2292 636 facere
2311 606 2400 646 quod
2422 606 2455 636 in
2475 616 2508 636 se

1453 645 1522 688 est),
1540 647 1658 688 aliquid
1678 649 1792 688 gratiae
1812 657 1874 685 est;
1899 649 1970 680 ideo
1991 649 2058 680 sine
2077 649 2146 680 Deo
2162 657 2198 680 ut
2213 649 2388 690 specialiter
2403 649 2508 680 influit

1452 690 1593 729 gratiam,
1618 693 1706 731 quod
1730 700 1776 723 est
1799 694 1899 723 dicere
1923 693 1989 723 sine
2013 693 2138 733 speciali
2161 693 2318 724 adiutorio
2343 694 2417 729 Dei,
2442 703 2508 724 non

1453 741 1557 773 potest
1579 735 1679 765 horno
1704 735 1802 767 facere
1826 738 1914 777 quod
1938 737 1969 767 in
1993 747 2026 767 se
2050 744 2105 772 est,
2130 744 2160 768 et
2178 748 2242 768 non
2259 745 2364 778 potest
2379 747 2508 778 praepa-

1453 788 1569 851 {arese
1593 779 1632 808 ad
1655 780 1800 819 gratiam;
1825 781 1981 821 quidquid
1997 781 2029 811 in
2046 781 2071 811 11
2089 781 2174 812 Sent.
2190 782 2207 800 *
2231 782 2335 812 minus
2352 782 2507 822 digestum

1466 829 1554 853 uerit.

1123 973 1439 1016 ARTICULUS
1469 954 1734 1017 strumus

640 1067 796 1098 UTRUM
820 1067 949 1098 HOMO
973 1067 1120 1099 POSSIT
1144 1066 1398 1098 RESURGERE
1422 1069 1451 1096 A
1474 1066 1678 1098 PECCATO
1703 1067 1797 1098 SINE
1820 1068 1997 1099 AUXILIO
2022 1068 2212 1099 GRATIAE

358 1144 432 1174 Infra.
446 1153 491 1178 qu.
501 1151 570 1175 exin,
586 1150 631 1169 art.
648 1152 676 1174 23
690 1144 710 1169 Il
725 1145 808 1174 Sent.,
825 1145 882 1169 dist.
892 1152 977 1176 xxviii,
993 1150 1040 1170 art.
1057 1152 1087 1175 23
1100 1144 1131 1169 Ill
1149 1144 1400 1210 Cant-AGderZthap.
1410 1151 1492 1174 (τινας
1507 1144 1549 1203 lii,
1563 1152 1620 1177 cap.
1634 1152 1713 1175 Lxx11;
1730 1145 1771 1170 De
1789 1145 1877 1175 Verit„
1893 1153 1937 1178 qu.
1947 1153 2012 1175 xxm
2032 1150 2077 1170 art.
2092 1153 2130 1177 12,
2145 1146 2176 1170 ad
2192 1145 2224 1178 34
2230 1153 2237 1176 ;
2250 1154 2294 1179 qu.
2308 1153 2393 1177 xxvnr,
2408 1150 2453 1170 art.
2466 1153 2493 1177 23

1348 1186 1393 1207 es„
1413 1187 1467 1211 cap.
1486 1187 1510 1210 v,
1542 1185 1589 1204 eet.
1608 1187 1633 1205 v.

388 1293 441 1325 'os'
468 1292 529 1318 ‘w‘
553 1280 576 1306 D
596 1280 774 1305 SEPTIMUM
794 1280 847 1306 sxc
867 1279 1105 1318 euoenprrua.
1121 1266 1278 1306 Videtur
1297 1267 1400 1315 quod

371 1321 423 1376 εἴ]
435 1332 458 1369 ,g
472 1313 526 1381 ἢῆ
553 1321 674 1359 homo
702 1321 822 1369 possit
858 1333 1052 1368 resurgere
1081 1332 1104 1365 a
1130 1327 1287 1370 peccato
1320 1320 1400 1356 sine

360 1371 407 1419 ’,γῗ
421 1372 479 1417 ἓῑ,
504 1368 521 1415 ff,
537 1373 692 1411 auxilio
711 1374 863 1421 gratiae.
880 1374 974 1410 lllud
994 1373 1094 1410 enirn
1109 1373 1215 1423 quod
1233 1373 1402 1422 praeexi-

403 1447 405 1449 >
477 1443 495 1449 ·⁷
526 1426 651 1474 gitur
669 1427 716 1463 ad
741 1426 910 1474 gratiam,
931 1427 974 1463 fit
1001 1427 1081 1463 sine
1100 1426 1227 1474 gratia.
1249 1426 1326 1463 Sed
1346 1437 1400 1462 re-

344 1490 495 1530 surgere
515 1475 538 1516 a
564 1486 721 1528 peccato
740 1479 992 1528 praeexigitur
1019 1479 1068 1517 ad
1087 1478 1400 1518 illuminationem

343 1532 504 1582 gratiae:
533 1531 668 1570 dicitur
696 1532 796 1570 enirn
833 1532 885 1569 ad
908 1533 1044 1581 Ephes.
1073 1545 1097 1569 v
1122 1531 1160 1569 *ε
1187 1532 1351 1582 Exurge
1377 1544 1401 1568 a

343 1585 512 1630 mortuis,
539 1590 575 1622 et
601 1585 826 1622 illuminabit
851 1591 885 1622 te
904 1590 920 1606 ²
945 1586 1122 1624 Christus.
1151 1585 1254 1633 Ergo
1281 1586 1401 1622 homo

342 1645 468 1687 potest
495 1650 691 1686 resurgere
719 1651 742 1675 a
769 1646 927 1687 peccato
955 1638 1035 1675 sine
1063 1637 1188 1686 gratia.

399 1702 434 1727 2.
456 1691 688 1738 PRAETEREA,
708 1699 908 1740 peccatum
931 1691 1058 1728 virtuti
1086 1691 1288 1740 opponitur
1308 1690 1403 1727 sicut

309 1768 315 1775 ·
344 1744 503 1781 morbus
523 1744 681 1792 sanitati,
701 1751 744 1781 ut
762 1755 876 1793 supra
898 1745 918 1765 ⁸¹¹
937 1744 1079 1781 dictum
1100 1750 1164 1781 est.
1186 1743 1261 1781 Sed
1281 1745 1400 1781 homo

343 1808 413 1845 per
439 1796 620 1834 virtutem
648 1798 809 1834 naturae
832 1804 958 1846 potest
986 1809 1180 1845 resurgere
1210 1796 1256 1836 de
1285 1797 1401 1845 aegri-

344 1848 475 1889 tudine
502 1850 552 1887 ad
584 1850 783 1888 sanitatem
819 1850 898 1887 sine
928 1850 1067 1888 auxilio
1101 1849 1294 1888 exterioris
1323 1862 1400 1887 rne-

344 1901 502 1950 dicinae,
522 1911 677 1952 propter
694 1903 769 1940 hoc
784 1903 890 1951 quod
909 1903 1008 1940 intus
1027 1910 1155 1940 manet
1173 1903 1400 1952 principium

342 1955 455 2002 vitae,
477 1968 498 1992 a
526 1967 604 2005 quo
622 1956 795 2005 procedit
813 1956 984 2004 operatio
1013 1955 1200 1994 naturalis.
1221 1957 1324 2004 Ergo
1346 1957 1402 1994 vi-

343 2007 455 2045 detur
472 2009 588 2058 quod,
618 2009 728 2045 simili
757 2008 913 2056 ratione,
943 2010 1061 2046 homo
1090 2009 1208 2059 possit
1235 2010 1399 2059 reparari

341 2073 411 2110 per
439 2062 624 2111 seipsum,
654 2061 850 2099 redeundo
881 2062 927 2099 de
957 2069 1054 2099 statu
1080 2061 1224 2111 peccati
1252 2063 1301 2100 ad
1329 2070 1400 2099 sta-

341 2122 422 2152 tum
452 2114 624 2162 iustitiae,
645 2115 789 2163 absque
818 2115 955 2152 auxilio
985 2114 1177 2152 exterioris
1195 2115 1346 2163 gratiae.

396 2168 430 2205 3.
452 2168 686 2215 PRAETEREA,
706 2168 895 2216 quaelibet
919 2180 977 2204 res
998 2168 1176 2205 naturalis
1203 2175 1327 2217 potest
1345 2181 1401 2206 re-

341 2220 421 2257 dire
450 2220 498 2258 ad
528 2228 654 2258 actum
685 2221 977 2258 convenientem
996 2232 1087 2257 suae
1110 2229 1284 2258 naturae:
1306 2222 1402 2259 sicut

341 2285 442 2321 aqua
471 2274 649 2310 calefacta
685 2286 754 2322 per
782 2274 947 2322 seipsam
984 2273 1080 2311 redit
1107 2275 1155 2311 ad
1189 2275 1400 2312 naturalem

340 2326 593 2375 frigiditatem,
610 2334 646 2364 et
660 2327 754 2375 lapis
774 2339 925 2364 sursum
940 2326 1130 2376 proiectus
1147 2339 1218 2376 per
1232 2328 1399 2376 seipsum

341 2379 437 2416 redit
463 2380 514 2417 ad
533 2392 645 2417 suum
674 2381 884 2418 naturalem
914 2387 1074 2417 motum.
1096 2380 1174 2418 Sed
1200 2388 1401 2429 peccatum

342 2440 397 2469 est
424 2432 581 2481 quidam
611 2441 717 2469 actus
754 2440 886 2470 contra
914 2440 1108 2478 naturam;
1136 2440 1179 2470 ut
1205 2441 1308 2482 patet
1333 2446 1402 2483 per

340 2486 646 2534 Damascenum,
675 2486 713 2522 in
742 2487 774 2522 11
803 2486 897 2523 libro
926 2486 956 2522 *.
984 2486 1086 2533 Ergo
1113 2485 1265 2523 videtur
1296 2487 1401 2536 quod

340 2538 460 2575 homo
487 2538 607 2587 possit
634 2551 702 2587 per
736 2539 903 2588 seipsum
942 2538 1062 2576 redire
1093 2538 1140 2575 de
1167 2547 1324 2588 peccato
1354 2540 1401 2577 ad

342 2598 482 2628 statum
510 2591 681 2628 iustitiae.

396 2644 470 2681 SED
486 2656 632 2681 CONTRA
646 2656 712 2681 EST
722 2645 827 2692 quod
838 2645 1044 2693 Apostolus
1061 2644 1159 2692 dicit,
1174 2646 1226 2683 ad
1237 2646 1320 2684 Gal.
1333 2646 1400 2683 11²⁸:

341 2697 384 2733 Si
409 2697 497 2733 data
516 2703 570 2733 est
595 2697 658 2733 lex
677 2709 774 2745 quae
796 2703 916 2746 potest
935 2697 1146 2745 iustificare,
1168 2709 1261 2748 ergo
1295 2700 1400 2736 Chri-

340 2755 417 2786 stus
434 2750 555 2799 gratis
573 2755 743 2786 mortuus
767 2756 830 2797 est,
846 2750 942 2787 idest
960 2750 1041 2787 sine
1065 2762 1188 2789 causa.
1205 2752 1292 2789 Pari
1313 2764 1401 2800 ergo

343 2801 499 2848 ratione,
521 2802 551 2838 si
570 2802 690 2838 homo
719 2803 834 2839 habet
853 2810 1027 2839 naturam
1055 2815 1124 2853 per
1143 2816 1260 2852 quam
1279 2813 1403 2854 potest

342 2854 546 2902 iustificari,
572 2855 738 2892 Christus
763 2856 896 2905 gratis,
916 2855 1013 2893 idest
1040 2856 1119 2894 sine
1149 2869 1273 2905 causa,
1303 2870 1403 2895 mor-

343 2913 427 2943 tuus
455 2913 517 2944 est.
540 2907 617 2944 Sed
645 2908 719 2944 hoc
749 2905 804 2944 est
830 2908 1104 2946 inconveniens
1134 2909 1269 2947 dicere.
1300 2912 1402 2959 Ergo

342 2972 422 2997 non
448 2967 574 3008 potest
599 2961 719 2997 homo
739 2959 755 2990 β
782 2973 851 3010 per
884 2962 1051 3010 seipsum
1080 2963 1282 3011 iustificari,
1308 2964 1404 3001 idest

343 3012 465 3049 redire
495 3013 543 3050 de
571 3020 670 3050 statu
699 3014 833 3062 culpae
861 3014 910 3051 ad
938 3022 1075 3052 statum
1105 3015 1274 3053 iustitiae.

396 3066 622 3103 Responfizo
650 3077 834 3104 memma
863 3067 969 3115 quod
1003 3068 1123 3104 homo
1151 3068 1254 3105 nullo
1283 3069 1403 3106 modo

342 3125 468 3166 potest
494 3131 690 3167 resurgere
718 3132 740 3156 a
766 3127 924 3168 peccato
951 3132 1021 3168 per
1045 3119 1211 3170 seipsum
1241 3121 1319 3160 sine
1339 3133 1404 3158 au-

342 3171 431 3208 xilio
450 3172 602 3220 gratiae.
630 3172 730 3209 Cum
752 3172 854 3209 enim
883 3179 1083 3221 peccatum
1107 3173 1292 3210 transiens
1318 3181 1403 3211 actu

343 3233 539 3262 remaneat
556 3230 572 3254 ἵ
601 3232 719 3271 reatu,
738 3233 780 3261 ut
808 3237 922 3274 supra
941 3225 961 3247 ²¹¹
979 3225 1121 3262 dictum
1141 3233 1213 3272 est;
1242 3222 1321 3263 non
1349 3235 1404 3263 est

342 3277 444 3315 idem
474 3290 668 3326 resurgere
697 3289 719 3317 a
745 3285 903 3327 peccato
931 3278 1037 3328 quod
1066 3289 1212 3315 cessare
1241 3280 1289 3316 ab
1318 3287 1404 3316 actu

395 3393 424 3426 α)
443 3396 477 3419 te.
490 3407 510 3413 -
527 3393 575 3418 tibi
594 3391 778 3418 Auem-:Fon
798 3392 839 3417 hic
857 3397 882 3417 et
902 3393 926 3417 in
945 3392 1074 3417 solutione
1093 3393 1246 3424 argumenti·

396 3427 421 3460 β)
441 3428 528 3454 homo.
542 3442 560 3448 -
579 3429 640 3454 Om.
656 3429 684 3454 P.

395 3463 423 3496 γ)
442 3467 587 3489 remaneat.
602 3478 621 3483 —
640 3467 747 3489 maneat
766 3463 914 3493 ABCDKL,
930 3467 1091 3495 permaneat
1110 3463 1143 3487 Η.

396 3497 422 3531 ὃ)
441 3500 580 3524 maculam.
594 3513 612 3519 -·
629 3500 722 3531 culpae
741 3499 838 3524 addunt
857 3498 909 3523 EF.

1453 1267 1607 1316 peccati.
1639 1269 1715 1305 Sed
1736 1280 1927 1316 resurgere
1951 1281 1973 1306 a
1996 1276 2153 1318 peccato
2178 1276 2232 1306 est
2260 1269 2424 1318 reparari
2442 1270 2510 1306 ho-

1453 1321 1595 1357 minem
1625 1321 1673 1357 ad
1702 1333 1747 1358 ea
1774 1333 1872 1370 quae
1891 1322 2087 1370 peccando
2115 1321 2249 1359 amisit.
2271 1322 2428 1359 Incurrit
2445 1334 2510 1359 au-

1453 1381 1530 1410 tem
1559 1375 1677 1410 homo
1705 1374 1837 1422 triplex
1864 1374 2130 1411 detrimentum
2159 1375 2368 1423 peccandO,
2397 1383 2438 1412 ut
2465 1387 2511 1412 ex

1454 1426 1677 1475 supradictis
1695 1426 1715 1448 ³¹⁶
1733 1434 1853 1475 patet:
1879 1427 2017 1464 scilicet
2045 1428 2235 1464 maculam
2253 1426 2278 1474 ⁶,
2304 1428 2511 1477 corruptio-

1455 1491 1543 1516 nem
1573 1479 1750 1516 naturalis
1779 1480 1881 1527 boni,
1903 1487 1939 1516 et
1967 1487 2112 1517 reatum
2137 1492 2296 1528 poenae.
2318 1481 2510 1517 Maculam

1456 1532 1611 1581 quidem
1639 1532 1803 1579 incurrit,
1825 1533 2050 1582 inquantum
2077 1532 2245 1582 privatur
2264 1533 2400 1569 decore
2428 1545 2510 1581 gra·
2539 1521 2555 1536 ¹'

1454 1585 1526 1622 tiae
1556 1597 1602 1622 ex
1629 1585 1866 1623 deformitate
1894 1586 2051 1634 peccati.
2071 1587 2224 1622 Bonum
2253 1593 2379 1623 autern
2407 1594 2512 1623 natu-

1456 1651 1519 1675 rae
1548 1638 1813 1686 corrumpitur,
1834 1638 2059 1686 inquantum
2088 1646 2222 1675 natura
2255 1638 2420 1676 hominis
2448 1639 2511 1676 de-

1455 1691 1661 1739 ordinatur,
1689 1692 1884 1728 voluntate
1913 1691 2077 1728 hominis
2106 1692 2190 1728 Deo
2220 1703 2297 1728 non
2326 1692 2510 1728 subiecta:

1456 1745 1529 1781 hoc
1557 1744 1659 1781 enim
1685 1744 1817 1781 ordine
1846 1745 2006 1790 sublato,
2028 1756 2264 1792 consequens
2294 1751 2349 1781 est
2371 1752 2411 1780 ut
2434 1752 2512 1781 tota

1456 1805 1588 1834 natura
1624 1796 1790 1834 hominis
1827 1797 2017 1846 peccantis
2058 1797 2270 1834 inordinata
2307 1804 2510 1834 remaneat.

1456 1852 1597 1887 Reatus
1624 1862 1718 1886 vero
1746 1862 1895 1899 poenae
1924 1857 1979 1887 est
2006 1862 2075 1898 per
2102 1862 2218 1898 quem
2239 1855 2250 1870 Β
2278 1850 2397 1887 homo
2425 1862 2513 1898 pec-

1456 1903 1578 1940 cando
1598 1903 1803 1940 mortaliter
1821 1911 1988 1940 meretur
2008 1902 2291 1939 damnationem
2307 1910 2511 1940 aeternam.

1508 1956 1751 1993 Manifestum
1774 1963 1829 1992 est
1846 1963 1974 1993 autem
1995 1955 2042 1992 de
2062 1955 2215 2003 singulis
2230 1956 2368 1992 horum
2387 1955 2512 2003 trium,

1455 2010 1560 2057 quod
1589 2021 1665 2045 non
1686 2016 1846 2058 possunt
1874 2009 2037 2058 reparari
2060 2008 2128 2045 nisi
2156 2021 2224 2057 per
2251 2009 2390 2045 Deum.
2414 2009 2513 2045 Cum

1455 2062 1556 2099 enirn
1587 2062 1703 2099 decor
1730 2061 1870 2110 gratiae
1897 2061 2098 2110 proveniat
2125 2074 2170 2098 ex
2198 2061 2439 2099 illustratione
2460 2061 2514 2098 di-

1453 2115 1532 2152 vini
1560 2115 1723 2161 luminis,
1744 2127 1822 2152 non
1850 2122 1974 2164 potest
2001 2114 2082 2151 talis
2111 2115 2225 2151 decor
2243 2114 2283 2151 in
2310 2114 2438 2151 anima
2457 2127 2514 2151 re-

1454 2168 1589 2217 parari,
1609 2168 1678 2204 nisi
1706 2169 1791 2204 Deo
1821 2167 1949 2204 denuo
1969 2167 2173 2204 illustrante
2192 2167 2232 2204 *z
2261 2168 2362 2204 unde
2391 2167 2514 2214 requi-

1455 2222 1544 2258 ritur
1571 2220 1762 2257 habituale
1791 2220 1960 2267 donum,
1987 2220 2091 2269 quod
2120 2227 2175 2257 est
2203 2219 2341 2267 gratiae
2370 2220 2512 2257 lumen.

1456 2274 1632 2311 Similiter
1660 2275 1755 2311 ordo
1785 2281 1940 2310 naturae
1970 2273 2135 2322 reparari
2163 2285 2241 2310 non
2267 2280 2407 2321 potest,
2434 2281 2475 2309 ut
2502 2272 2514 2296 ῑ

1454 2329 1631 2365 voluntas
1659 2326 1826 2364 hominis
1853 2327 1938 2364 Deo
1968 2325 2205 2374 subiiciatur,
2234 2325 2306 2362 nisi
2333 2327 2417 2363 Deo
2445 2338 2513 2362 vo-

1455 2382 1637 2418 luntatem
1674 2379 1842 2417 hominis
1876 2379 1925 2416 ad
1953 2391 1993 2416 se
2029 2377 2220 2426 trahente,
2247 2379 2342 2415 sicut
2370 2378 2511 2415 dictum

1456 2442 1511 2470 est
1529 2433 1559 2470 ³¹⁶.
1582 2432 1760 2470 Similiter
1788 2432 1901 2469 etiam
1930 2439 2054 2469 reatus
2081 2444 2230 2480 poenae
2259 2439 2432 2468 aeternae
2458 2443 2513 2467 re-

1456 2486 1550 2523 mitti
1568 2498 1646 2523 non
1673 2493 1798 2534 potest
1816 2485 1884 2522 nisi
1914 2497 1936 2522 a
1964 2486 2061 2532 Deo,
2082 2485 2121 2521 in
2149 2497 2262 2533 quern
2284 2492 2339 2521 est
2366 2484 2512 2520 offensa

1456 2539 1670 2586 commissa,
1692 2546 1728 2575 et
1755 2538 1820 2586 qui
1840 2545 1895 2575 est
1912 2538 2113 2575 hominurn
2134 2537 2258 2574 iudex.
2275 2538 2324 2573 Et
2350 2536 2436 2573 ideo
2457 2549 2513 2573 re-

1456 2592 1614 2640 quiritur
1646 2591 1824 2628 auxilium
1853 2591 1991 2638 gratiae
2025 2591 2073 2627 ad
2105 2591 2180 2626 hoc
2212 2590 2316 2638 quod
2345 2590 2462 2625 homo
2492 2602 2513 2625 a

1456 2653 1612 2695 peccato
1628 2651 1807 2692 resurgat,
1825 2651 1861 2680 et
1879 2651 2065 2692 quantum
2081 2643 2129 2680 ad
2144 2643 2332 2679 habituale
2353 2642 2510 2687 donum,

1457 2705 1492 2735 et
1520 2705 1703 2746 quantum
1733 2697 1780 2734 ad
1810 2696 2026 2733 interiorem
2056 2696 2127 2733 Dei
2156 2695 2377 2732 motionem.

1509 2753 1567 2788 An
1596 2762 1732 2787 PRIMUM
1760 2761 1858 2786 ERGO
1886 2748 2201 2797 uicENDUMUquod
2222 2748 2312 2784 illud
2341 2747 2513 2784 indicitur

1456 2803 1602 2841 homini
1626 2803 1731 2851 quod
1750 2802 1909 2851 pertinet
1932 2803 1980 2839 ad
2008 2809 2132 2838 actum
2153 2800 2257 2837 liberi
2286 2800 2424 2836 arbitrii
2448 2800 2512 2847 qui

1457 2856 1655 2906 requiritur
1682 2856 1720 2892 in
1749 2856 1823 2892 hoc
1846 2855 1951 2904 quod
1974 2861 1992 2882 η
2020 2856 2138 2891 homo
2164 2866 2184 2890 a
2207 2860 2364 2902 peccato
2393 2865 2513 2889 resur-

1457 2918 1529 2958 gat.
1550 2910 1599 2946 Et
1626 2908 1712 2945 ideo
1744 2920 1831 2945 cum
1861 2907 2006 2954 dicitur,
2030 2908 2200 2956 Exurge,
2231 2912 2267 2942 et
2292 2906 2516 2942 illuminabit

1457 2970 1490 2999 te
1514 2963 1691 3007 Christus,
1709 2974 1785 2998 non
1808 2968 1862 2997 est
1881 2960 2162 3008 intelligendum
2183 2959 2286 3007 quod
2309 2966 2386 2995 tota
2407 2970 2513 2994 exur-

1458 3015 1572 3053 rectio
1590 3027 1612 3052 a
1625 3022 1782 3063 peccato
1797 3013 2000 3062 praecedat
2019 3011 2332 3049 illuminationem
2352 3011 2511 3059 gratiae:

1458 3069 1524 3105 sed
1544 3068 1632 3116 quia
1653 3079 1740 3103 cum
1764 3067 1884 3103 homo
1903 3078 1972 3114 per
1990 3065 2150 3102 liberum
2170 3063 2364 3101 arbitrium
2384 3075 2407 3100 a
2425 3064 2511 3102 Deo

1458 3127 1606 3158 motum
1635 3131 1788 3166 surgere
1813 3126 1973 3155 conatur
1991 3130 2012 3157 a
2040 3125 2209 3166 peccato,
2231 3115 2360 3165 recipit
2381 3117 2513 3155 lumen

1458 3173 1594 3221 gratiae
1622 3171 1866 3209 iustificantis.

1510 3229 1568 3262 AD
1588 3235 1777 3261 SECUNDUM
1797 3235 1979 3260 metianum
2002 3222 2107 3272 quod
2127 3222 2302 3260 naturalis
2322 3222 2415 3259 ratio
2435 3226 2514 3259 non

1459 3285 1513 3315 est
1541 3277 1733 3316 sufficiens
1760 3276 1984 3325 principium
2009 3276 2120 3314 huius
2148 3274 2313 3312 sanitatis
2336 3287 2435 3323 quae
2458 3282 2514 3311 est

1509 3394 1530 3422 ε)
1550 3399 1635 3423 quem.
1647 3405 1666 3409 —
1685 3392 1733 3416 hoc
1751 3391 1822 3423 quod
1841 3391 1891 3419 EF.
1910 3390 1981 3422 quod
1999 3389 2030 3415 Κ.

1509 3426 1534 3458 ζ)
1555 3430 1622 3451 ut.-
1639 3426 1738 3451 scilicet
1757 3426 1852 3450 addunt
1872 3426 1916 3450 Pa.

1511 3463 1536 3493 η)
1557 3462 1583 3485 ιἰι
1603 3462 1652 3486 hoc
1671 3461 1749 3493 quod.
1763 3476 1780 3480 -
1797 3465 1826 3486 ut
1843 3461 1876 3491 E,
1896 3461 1933 3485 ad
1951 3460 2000 3485 hoc
2018 3461 2089 3493 quod
2107 3461 2139 3484 Κ.

2535 786 2543 794 ·
2555 784 2591 806 Cf.
2607 784 2657 805 loca
2673 784 2710 805 cit.
2723 784 2744 804 in

2536 816 2586 838 cap.
2602 814 2644 831 art.

2539 1437 2547 1445 ⁶
2557 1435 2603 1463 Qu.
2613 1441 2696 1460 cxxxv,
2705 1439 2746 1456 art.

2538 1467 2599 1489 13qu.
2608 1468 2699 1487 Lxxxvr,
2706 1466 2747 1483 art.

2538 1491 2747 1515 1;qu.1.xxxvn,art.

2543 2180 2551 2187 ·
2565 2178 2594 2199 D.
2609 2177 2663 2199 680.

2539 2445 2547 2452 ·
2564 2445 2613 2464 Art.
2629 2443 2733 2470 praeced.
