2840 4010
0 521 5 550 ζ
49 521 61 531 ·
67 519 197 542 commem.
206 524 228 540 u.
235 523 262 539 n.

0 570 16 590 μ

0 3975 6 4010 ‘v-
0 3780 13 3970 νψιῇτιγΨγ-ππ
1 3724 6 3734 ’«

945 172 1209 218 QUAESTIO
1240 172 1380 220 LXXI,
1410 172 1703 209 ARTICULUS
1731 171 1781 207 VI

285 253 378 293 quasi
393 250 538 292 formale
560 249 592 279 in
616 255 755 289 peccat0,
781 256 810 279 et
832 259 898 278 non
923 249 997 279 dixit
1020 249 1162 279 absolute
1187 249 1275 289 quod
1299 255 1344 278 est

285 296 433 327 formale:
455 301 484 325 et
496 294 611 324 'eadem
626 293 756 329 ratione,
772 300 859 323 actus
874 293 1095 323 denominatus
1112 294 1149 322 ab
1164 293 1217 322 illa
1233 292 1345 322 dicitur

287 339 375 381 quod
399 345 444 369 est
466 338 559 378 quasi
574 337 741 367 materiale
764 337 796 366 in
819 344 958 377 peccato.
976 354 997 359 -
1012 337 1127 367 Utrum
1151 343 1258 366 autem
1273 345 1343 375 pec-

287 391 402 420 catum,
427 382 502 422 quia
520 381 652 412 includit
668 381 744 411 haec
768 381 843 416 duo,
868 380 907 411 sit
929 390 1031 410 unum
1046 389 1102 419 per
1121 379 1274 415 accidens,
1291 385 1345 408 aut

287 437 390 459 unum
418 436 474 466 per
497 435 529 455 se
553 431 583 455 et
606 425 740 455 alterum
764 424 802 455 sit
825 432 1000 459 annexum;
1025 422 1168 463 quamvis
1192 422 1242 452 hic
1266 428 1346 452 esset

289 471 472 505 dicendum,
497 469 551 499 ubi
575 470 613 499 de
636 469 720 509 quod
742 469 818 509 quid
841 473 887 498 est
909 466 1027 507 peccati
1056 472 1220 501 tractatur;
1244 465 1276 494 in
1300 475 1346 495 se-

288 514 398 556 quenti
421 521 527 544 tamen
550 513 682 544 articulo
698 512 724 548 *,
749 512 803 542 ubi
826 512 864 541 de
887 509 1030 550 specifica
1053 509 1252 539 distinctione
1276 518 1345 548 pec-

289 566 433 590 catorum
456 563 613 592 tractatur,
637 557 765 587 dicetur.

343 602 425 633 VIII.
450 602 484 631 In
508 601 622 631 eodem
645 606 731 630 sexto
755 597 901 632 articulo,
925 596 957 625 in
981 595 1185 635 responsione
1208 596 1247 626 ad
1277 595 1347 626 ulti-

290 657 392 682 mum,
416 645 551 676 occurrit
574 644 717 678 dubium,
741 651 780 671 an
803 646 967 680 peccatum
986 639 1019 669 in
1039 639 1211 669 moralibus
1235 650 1271 670 ex
1287 639 1348 669 hoc

290 692 361 731 ipso
378 690 466 731 quod
481 695 527 719 est
541 693 714 728 peccatum,
729 685 768 715 sit
783 683 971 714 offensivum
985 683 1053 719 Dei,
1070 691 1099 714 et
1111 683 1252 714 similiter
1264 693 1348 713 aver-

291 735 396 765 sivum
419 744 436 763 a
454 733 543 764 Deo:
566 740 606 761 an
622 740 659 761 ex
681 729 744 759 alio
759 728 872 758 habeat
895 728 983 767 quod
999 727 1038 757 sit
1061 734 1168 757 contra
1183 728 1347 763 rationem,

293 785 323 809 et
345 788 382 808 ex
405 777 467 807 alio
490 775 578 816 quod
600 773 640 803 sit
657 771 846 802 offensivum
869 771 936 801 Dei.
963 772 997 800 In
1016 771 1116 802 littera
1140 771 1225 801 enim
1240 771 1349 801 distin-

292 822 399 862 guitur
425 825 588 860 peccatum
616 816 792 846 secundum
818 815 874 845 has
903 815 980 845 duas
1007 815 1158 851 rationes,
1185 822 1214 845 et
1237 815 1350 845 dicitur

293 865 382 906 quod
399 865 588 903 inquantum
602 867 648 890 est
659 866 767 890 contra
781 859 945 895 rationem,
963 865 1109 890 tractatur
1124 869 1142 888 a
1156 858 1348 898 philosopho

292 907 419 942 ωσι-Δίς
443 906 633 945 inquantum
658 910 703 934 est
726 902 914 933 offensivum
938 903 1006 939 Dei,
1029 913 1047 933 a
1066 902 1226 942 theologo.
1252 902 1349 939 Quod

293 951 376 982 enim
393 959 429 980 ex
445 948 572 979 diversis
586 948 662 978 haec
685 947 880 987 proveniant,
900 947 1011 977 suadet
1032 946 1136 986 primo
1155 946 1222 986 ipsa
1241 946 1348 976 distin-

293 994 355 1026 ctio
370 993 464 1024 facta:
489 991 602 1022 deinde
621 991 710 1022 ratio.
735 991 818 1028 Quia
834 991 912 1021 ratio
933 997 1039 1021 nostra
1054 997 1100 1020 est
1116 990 1279 1030 quoddam
1295 1000 1350 1020 ens

292 1037 530 1079 participatum:
555 1036 641 1066 Deus
670 1042 776 1065 autem
803 1041 848 1065 est
876 1035 983 1074 ipsum
1006 1044 1072 1064 esse
1095 1044 1150 1073 per
1173 1034 1348 1064 essentiam.

293 1082 427 1114 Constat
449 1086 556 1111 autem
579 1080 668 1120 quod
687 1079 879 1110 contrarium
902 1078 952 1109 vel
974 1077 1106 1118 privatio
1131 1077 1209 1107 entis
1228 1077 1350 1117 partici-

293 1125 367 1166 pati,
392 1134 457 1155 non
480 1130 526 1154 est
549 1123 741 1154 contrarium
764 1133 822 1153 nec
844 1122 977 1162 privatio
1001 1121 1079 1152 entis
1098 1131 1154 1161 per
1173 1121 1348 1151 essentiam.

293 1170 460 1200 Peccatum
476 1168 570 1207 igitur
586 1177 622 1197 ex
635 1167 696 1197 hoc
708 1167 797 1207 quod
813 1174 859 1197 est
874 1173 982 1196 contra
997 1165 1152 1196 rationem
1166 1165 1349 1201 humanam,

293 1223 360 1244 non
379 1219 425 1243 est
448 1211 637 1243 offensivum
655 1211 724 1241 Dei.
740 1228 758 1233 -
775 1211 839 1240 Nec
859 1209 972 1240 sufficit
993 1210 1033 1239 ad
1056 1209 1254 1239 evadendum
1273 1209 1351 1247 hoc,

255 1279 267 1281 A
293 1257 398 1288 dicere
411 1255 510 1297 quod,
527 1255 600 1295 quia
616 1255 695 1285 ratio
711 1255 851 1284 humana
867 1254 1022 1284 derivatur
1037 1263 1055 1283 a
1071 1253 1184 1289 divina,
1202 1254 1291 1293 quod
1307 1259 1352 1284 est

294 1307 403 1332 contra
426 1300 581 1330 rationem
603 1299 787 1334 humanam,
812 1305 858 1328 est
876 1304 987 1328 contra
1003 1296 1150 1327 divinam.
1175 1297 1263 1327 Turn
1279 1297 1352 1337 quia

295 1344 435 1385 cognitio
455 1343 601 1374 sensitiva
617 1343 773 1373 derivatur
797 1342 891 1372 etiam
906 1352 924 1372 a
940 1341 1044 1371 divina
1067 1341 1262 1380 cognitione:
1287 1351 1352 1371 non

294 1396 401 1420 tamen
424 1387 616 1419 contrarium
640 1386 812 1425 cognitioni
836 1385 1010 1422 sensitivae,
1030 1392 1076 1415 est
1092 1385 1285 1415 contrarium
1301 1395 1353 1415 co-

294 1432 429 1473 gnitioni
447 1431 580 1461 divinae.
605 1431 694 1460 Tum
714 1430 788 1470 quia
812 1440 848 1460 ex
871 1430 932 1460 hoc
951 1429 1029 1459 nihil
1047 1428 1132 1459 aliud
1148 1429 1280 1459 habetur
1295 1429 1354 1458 nisi

295 1477 386 1518 quod
411 1481 577 1516 peccatum
605 1481 651 1504 est
680 1481 788 1504 contra
813 1474 968 1504 rationem
999 1473 1138 1503 divinam
1164 1473 1354 1513 inquantum

296 1519 478 1561 participata
506 1525 552 1549 est
578 1518 611 1548 in
639 1518 759 1548 ratione
790 1518 945 1554 humana,
969 1517 1059 1558 quod
1085 1517 1163 1547 nihil
1194 1517 1279 1547 aliud
1309 1523 1355 1547 est

297 1573 395 1605 quam
418 1572 484 1593 esse
513 1569 621 1593 contra
649 1561 795 1592 effectum
822 1562 899 1592 Dei:
929 1568 959 1592 et
986 1560 1128 1602 quaestio
1158 1567 1203 1591 est
1227 1562 1264 1591 de
1289 1570 1354 1590 esse

296 1614 407 1639 contra
421 1606 528 1647 ipsum
546 1606 660 1642 Deum,
678 1613 713 1636 ut
729 1605 917 1645 offensivum
940 1605 1017 1642 eius,
1042 1614 1107 1635 non
1131 1615 1264 1635 suorum
1285 1604 1354 1634 effe-

297 1657 418 1683 ctuum.

314 1707 320 1710 ·
352 1695 524 1730 Praeterea,
549 1694 574 1724 si
597 1700 771 1733 peccatum,
796 1700 832 1724 ut
854 1693 907 1728 sic,
932 1699 1012 1723 esset
1034 1691 1223 1722 offensivum
1246 1692 1304 1722 Dei
1326 1699 1356 1722 et

282 1738 475 1771 ·aversivum
498 1739 537 1768 ab
561 1747 610 1774 eo,
634 1745 743 1777 posset
765 1738 826 1767 hoc
850 1737 999 1777 cognosci
1021 1736 1155 1766 naturali
1177 1736 1307 1772 ratione,
1327 1742 1356 1766 et

298 1794 317 1814 a
331 1782 533 1824 philosophis
556 1782 681 1812 deberet
704 1781 835 1812 tractari.
860 1781 1008 1818 Quorum
1028 1787 1176 1811 neutrum
1196 1787 1333 1820 apparet.

354 1827 390 1858 ln
413 1826 600 1867 oppositum
623 1832 684 1861 est,
709 1825 782 1866 quia
805 1825 916 1855 odium
943 1825 1003 1855 Dei
1026 1831 1056 1854 et
1081 1825 1275 1864 blasphemia
1298 1824 1356 1854 Dei

299 1877 374 1902 sunt
396 1877 523 1911 peccata
547 1869 700 1905 mortalia,
725 1869 845 1899 seclusa
869 1869 957 1898 omni
980 1867 1042 1898 fide
1065 1875 1095 1898 et
1117 1868 1227 1908 gratia;
1253 1874 1282 1898 et
1302 1878 1355 1898 na-

298 1914 440 1946 turaliter
462 1913 685 1954 cognoscibilia
709 1923 774 1943 non
798 1913 904 1943 solum
928 1912 1016 1953 quod
1039 1918 1113 1942 sunt
1135 1918 1277 1952 peccata,
1303 1912 1356 1942 sed

299 1959 389 2000 quod
411 1965 485 1989 sunt
503 1957 653 1996 offensiva
676 1957 744 1987 Dei.
769 1957 809 1987 Et
831 1956 892 1987 hoc
915 1966 980 1986 non
1004 1956 1063 1986 nisi
1085 1956 1160 1996 quia
1183 1963 1290 1986 contra
1310 1966 1357 1985 ra-

298 2003 422 2035 tionem
444 2009 561 2033 rectam
584 2008 671 2032 actus
695 2001 759 2031 odii
782 2001 876 2031 habet
898 2001 1068 2032 obiectum.
1091 2000 1186 2040 Ergo.

356 2047 408 2078 IX.
431 2046 483 2076 Ad
505 2046 567 2076 hoc
590 2045 704 2076 dicitur
727 2045 815 2085 quod
833 2045 909 2075 istae
928 2045 1009 2075 duae
1025 2044 1161 2075 rationes
1179 2044 1211 2074 in
1227 2050 1356 2083 peccato

301 2091 537 2131 distinguuntur
559 2099 626 2120 non
649 2096 684 2120 ut
709 2089 896 2129 disparatae,
921 2089 976 2118 sed
999 2095 1035 2119 ut
1057 2088 1291 2119 subordinatae:
1315 2088 1357 2118 ita

300 2135 390 2177 quod
412 2140 578 2175 peccatum
594 2143 660 2163 esse
676 2139 784 2163 contra
800 2133 964 2168 rationem,
979 2132 1202 2163 subordinatur
1225 2132 1264 2161 ad
1291 2141 1357 2161 esse

301 2186 410 2210 contra
433 2179 554 2213 Deum;
579 2184 609 2208 et
631 2177 710 2207 illud
732 2176 826 2207 infert
848 2177 918 2213 hoc,
943 2176 1033 2216 quasi
1055 2183 1092 2206 ut
1113 2176 1243 2206 inferius
1262 2185 1357 2206 suum

301 2222 455 2263 superius.
481 2222 531 2252 Ad
558 2221 648 2252 cuius
676 2220 882 2256 evidentiam,
907 2220 1069 2250 sciendum
1093 2227 1139 2250 est
1168 2220 1256 2260 quod
1287 2219 1356 2249 finis

300 2266 432 2298 ultimus
461 2272 618 2296 creaturae
641 2264 810 2300 rationalis,
835 2271 871 2295 ut
893 2264 952 2300 sic,
982 2271 1028 2295 est
1054 2264 1141 2295 Deus
1171 2264 1356 2303 dupliciter:

300 2311 421 2352 primo,
444 2316 480 2340 ut
503 2309 664 2340 obiectum
687 2308 887 2339 beatitudinis
909 2308 1067 2348 possibilis
1091 2308 1287 2344 naturaliter;
1313 2317 1358 2337 se-

300 2355 417 2391 cundo,
442 2360 478 2384 ut
501 2353 662 2384 obiectum
684 2352 885 2383 beatitudinis
900 2352 1062 2383 revelatae.
1086 2353 1152 2382 Nec
1167 2353 1254 2383 Deus
1270 2352 1313 2382 sic
1329 2358 1359 2382 et

299 2399 344 2430 sic
367 2408 434 2429 sese
457 2397 551 2428 habet
574 2404 609 2427 ut
632 2397 697 2427 duo
720 2396 866 2436 disparati
889 2395 966 2426 fines
990 2396 1110 2426 ultimi:
1135 2397 1189 2426 sed
1205 2395 1369 2436 quoniam'

299 2443 398 2484 gratia
420 2441 648 2482 praesupponit
664 2447 694 2471 et
712 2439 832 2480 perficit
855 2445 1008 2476 naturam,
1027 2440 1114 2471 Deus
1131 2446 1166 2470 ut
1180 2439 1251 2470 finis
1267 2446 1358 2470 natu-

300 2487 383 2523 ralis,
407 2493 453 2517 est
475 2484 547 2515 finis
570 2485 701 2515 ultimus
725 2485 814 2524 quasi
838 2484 869 2514 in
893 2493 1023 2524 genere,
1047 2490 1078 2514 et
1100 2484 1191 2524 quasi
1214 2483 1358 2514 subordi-

300 2538 394 2563 natur
415 2529 474 2560 sibi
496 2529 556 2569 ipsi
579 2535 615 2560 ut
637 2528 708 2559 finis
735 2535 781 2559 est
801 2527 1000 2559 beatitudinis
1021 2528 1183 2564 revelatae,
1207 2535 1358 2568 tanquam

300 2575 356 2606 fini
375 2574 489 2605 ultimo
506 2572 696 2613 simpliciter.
722 2573 853 2612 Propter
869 2572 957 2612 quod
977 2571 1132 2612 quidquid
1154 2572 1359 2612 contrariatur

300 2620 370 2650 Deo
395 2625 431 2649 ut
452 2617 508 2648 fini
531 2617 665 2648 naturali
692 2616 850 2647 rationalis
879 2622 1049 2652 creaturae,
1073 2623 1228 2656 repugnat
1251 2625 1358 2646 conse-

301 2669 433 2705 quenter
449 2661 551 2692 eidem
567 2668 603 2692 ut
618 2660 672 2691 fini
692 2660 936 2701 supernaturali:
961 2659 1105 2700 quamvis
1121 2670 1187 2690 non
1203 2659 1359 2700 quidquid

301 2707 464 2737 ordinatur
483 2706 522 2736 ad
545 2705 650 2736 Deum
674 2711 710 2735 ut
731 2704 828 2735 finem
847 2704 1031 2740 naturalem,
1049 2703 1210 2734 ordinetur
1228 2704 1267 2733 ad
1283 2713 1358 2734 eun-

302 2751 376 2781 dem
398 2757 435 2781 ut
457 2749 737 2790 supernaturalem.
763 2749 804 2779 Et
826 2748 905 2778 ratio
929 2747 1116 2787 disparitatis
1140 2755 1185 2778 est
1207 2747 1282 2788 quia
1308 2748 1358 2777 bo-

302 2804 379 2825 num
399 2795 565 2834 consurgit
581 2803 622 2824 ex
640 2802 738 2824 causa
762 2794 902 2833 integra,
925 2792 1044 2822 malum
1069 2797 1175 2822 autem
1196 2801 1237 2822 ex
1254 2793 1357 2831 parti-

302 2839 407 2870 culari
435 2847 633 2878 quocumque
660 2837 795 2878 defectu.
833 2836 918 2867 Cum
948 2842 1055 2866 autem
1086 2834 1157 2866 finis
1187 2835 1358 2866 morafiam

300 2882 454 2913 virtutum
478 2881 517 2912 sit
535 2882 658 2912 bonum
673 2881 801 2911 rationis
817 2880 998 2910 ordinatum
1012 2880 1051 2909 ad
1069 2880 1175 2910 Deum
1191 2879 1288 2910 finem
1303 2889 1357 2909 na-

301 2926 444 2962 turalem,
462 2931 497 2956 ut
513 2925 655 2956 medium
671 2924 881 2955 necessarium
905 2924 943 2954 ad
967 2924 1226 2964 consequendum
1250 2923 1356 2959 illum;

301 2970 343 3001 ita
367 2970 455 3011 quod
483 2970 564 3000 inter
586 2969 709 2999 bonum
739 2968 868 2999 rationis
892 2974 922 2998 et
944 2968 1050 2998 Deum
1078 2967 1174 2998 finem
1198 2967 1358 2998 rationalis

302 3020 469 3049 creaturae,
489 3014 566 3044 haec
585 3019 632 3043 est
647 3013 800 3043 connexio
815 3011 987 3043 necessaria
1002 3017 1033 3042 et
1047 3011 1080 3041 in
1096 3011 1311 3042 ratiocinando
1329 3018 1359 3041 et

301 3058 333 3088 in
350 3057 551 3097 exequendo:
569 3075 589 3080 -
604 3067 679 3088 nam
693 3057 874 3087 inchoando
897 3066 914 3086 a
933 3055 1005 3091 fine,
1023 3062 1052 3086 et
1067 3065 1104 3086 ex
1120 3065 1158 3086 eo
1175 3055 1356 3095 accipiendo

301 3101 457 3132 rationem
485 3100 605 3140 operis,
629 3101 670 3130 ad
692 3101 815 3131 bonum
843 3099 972 3130 rationis
1003 3099 1181 3135 devenitur,
1205 3105 1357 3139 tanquam

302 3156 319 3175 a
342 3144 496 3185 principio
520 3144 560 3174 ad
583 3144 822 3175 conclusionem
845 3143 1066 3180 necessariam;
1091 3150 1122 3174 et
1144 3143 1286 3174 similiter
1308 3142 1357 3172 in-

301 3189 447 3220 choando
471 3188 509 3218 ab
534 3188 718 3228 exequendo
742 3188 828 3217 bono
845 3187 983 3223 rationis,
1000 3187 1180 3227 proceditur
1199 3187 1237 3217 ad
1252 3187 1357 3217 Deum

2407 185 2445 208 11

1399 250 1548 280 ultimum
1578 249 1690 280 finem:
1716 249 1879 280 manifeste
1903 249 1987 279 enim
2011 257 2133 280 constat
2156 251 2244 290 quod
2265 260 2300 280 ex
2324 261 2451 282 summo

1399 294 1485 324 bono
1510 294 1623 324 mentis
1646 303 1711 324 non
1735 293 1900 324 deducitur
1922 293 2042 323 malum
2067 293 2209 330 rationis,
2234 295 2287 324 sed
2310 295 2451 330 bonum;

1400 345 1429 368 et
1446 338 1533 377 quod
1550 338 1588 367 ad
1603 347 1767 368 summurn
1790 338 1904 368 mentis
1927 338 2050 367 bonum
2074 347 2138 367 non
2163 338 2248 368 ducit
2270 338 2392 368 malum
2407 349 2451 368 ra-

1399 381 1504 417 tionis,
1522 381 1576 411 sed
1592 382 1728 412 bonurn:
1743 399 1766 405 —
1782 391 1924 412 connexo
1939 380 2034 421 igitur
2047 381 2134 411 bono
2150 382 2278 412 rationis
2294 392 2366 412 cum
2383 383 2451 412 Deo

1400 423 1461 454 fine
1483 425 1624 461 naturali,
1649 432 1774 465 oportet
1797 425 1885 466 quod
1909 431 2082 465 peccatum,
2102 425 2190 465 quod
2207 433 2252 456 est
2270 426 2390 456 malum
2406 436 2451 456 ra-

1401 467 1505 503 tionis,
1523 478 1559 498 ex
1578 478 1615 498 eo
1639 469 1709 508 ipso
1730 468 2038 509 quod-contrariatur
2054 469 2140 499 bono
2157 469 2295 506 rationis,
2320 471 2453 500 abducat

1401 521 1418 540 a
1434 511 1502 540 Deo
1519 510 1579 541 fine
1595 512 1744 548 naturali;
1768 520 1798 543 et
1821 519 2057 553 consequenter,
2082 520 2117 543 ut
2135 513 2255 543 dictum
2274 521 2328 550 est,
2347 524 2452 554 super-

1402 554 1544 584 naturali.
2118 577 2121 580 Α

1455 598 1496 627 Et
1519 597 1730 629 confirmatur.
1756 600 1838 636 Quia
1859 610 1999 640 peccans,
2025 607 2101 640 puta
2123 600 2358 641 intemperatus,
2378 611 2453 632 con-

1402 640 1501 671 stituit
1520 641 1578 671 sibi
1602 642 1750 672 ultimum
1773 642 1868 673 finem
1889 645 1920 673 in
1944 645 2030 674 bono
2054 644 2200 681 sensibili,
2225 652 2301 685 puta
2325 645 2454 676 delecta-

1401 685 1488 716 tione
1511 685 1664 715 contraria
1687 686 1817 716 rationi:
1843 697 1877 717 ac
1900 698 1955 726 per
1973 688 2043 723 hoc,
2064 698 2137 718 cum
2161 698 2226 718 non
2249 689 2348 728 possit
2371 699 2454 719 unus

1402 729 1516 758 habere
1532 728 1628 759 simul
1642 730 1722 759 duos
1738 729 1865 760 ultimos
1881 730 1968 766 fines,
1985 738 2020 762 ut
2034 732 2067 761 in
2082 741 2136 772 qu.
2149 742 2159 762 1
2174 731 2192 749 ⁴‘
2212 733 2454 764 determinatum

1403 779 1458 808 est,
1483 773 1649 812 praeponit
1671 783 1738 803 rem
1756 773 1939 804 vilissimam
1956 775 2034 810 Deo,
2059 775 2135 805 dans
2159 776 2186 806 ei
2210 776 2393 816 dignitatem
2409 777 2453 807 di-

1402 816 1509 846 vinam
1533 816 1635 847 ultimi
1662 816 1742 853 finis,
1766 817 1851 847 iuxta
1881 817 1960 848 illud
1986 819 2142 858 Apostoli,
2166 820 2208 849 ad
2230 821 2362 860 Philipp.
2376 831 2409 851 111
2425 820 2453 857 θ,

1407 860 1552 897 Quorum
1571 861 1649 891 deus
1673 866 1782 891 venter
1804 867 1859 891 est.
1884 861 1924 891 Et
1939 871 1993 901 per
2007 862 2067 891 hoc
2091 863 2236 893 avertitur
2259 864 2421 895 manifeste
2437 876 2455 895 a

1403 904 1483 942 Deo,
1500 914 1628 934 summo
1644 905 1744 940 bono;
1761 911 1791 935 et
1806 904 1936 935 offendit
1949 905 2065 944 ipsum,
2082 913 2237 945 quantum
2256 914 2300 938 est
2317 918 2352 938 ex
2369 916 2454 948 parte

1404 958 1470 984 sua,
1487 947 1631 978 auferens
1650 948 1694 978 illi
1711 949 1892 988 dignitatem
1912 949 2081 988 propriam,
2099 959 2164 979 esse
2188 950 2335 981 ultimum
2358 952 2454 982 finem

1404 1001 1539 1031 operum
1562 992 1721 1022 rationalis
1745 1000 1910 1028 creaturae,
1931 999 1961 1023 et
1975 1002 2172 1032 praeponens
2186 994 2229 1023 illi
2245 995 2340 1031 aliud,
2357 997 2455 1035 magis

1405 1035 1536 1075 diligens
1555 1035 1632 1066 illud
1647 1036 1732 1066 aliud
1751 1046 1848 1076 quam
1870 1037 1986 1076 ipsum,
2010 1036 2084 1077 quia
2099 1036 2169 1066 finis
2185 1037 2314 1068 ultimus
2330 1046 2375 1070 est
2390 1050 2455 1070 ma-

1404 1079 1486 1109 xime
1506 1086 1638 1110 amatus.
1663 1080 1703 1110 Et
1721 1080 1782 1110 hoc
1799 1087 1844 1110 est
1858 1081 1947 1120 quod
1962 1090 1999 1110 ex
2016 1080 2120 1110 Prima
2134 1081 2233 1117 Parte,
2253 1092 2306 1122 qu.
2321 1093 2413 1113 vatn
2428 1084 2454 1120 *,

1405 1123 1545 1159 habetur,
1570 1123 1685 1154 scilicet
1708 1124 1795 1164 quod
1818 1124 1939 1154 malum
1959 1124 2068 1164 culpae
2087 1125 2292 1155 contrariatur
2307 1126 2394 1157 bono
2411 1128 2456 1157 di-

1404 1167 1479 1197 vino
1503 1167 1536 1196 in
1559 1177 1601 1203 se,
1626 1167 1778 1208 quoniam
1802 1167 2007 1198 contrariatur
2029 1168 2129 1198 amori
2145 1179 2210 1209 quo
2233 1169 2318 1200 Deus
2335 1178 2457 1201 amatur

1405 1211 1437 1240 in
1461 1211 1574 1250 seipso,
1600 1221 1664 1241 non
1692 1211 1798 1241 solum
1822 1212 1944 1242 caritate
1967 1211 2080 1247 infusa,
2105 1213 2159 1242 sed
2182 1213 2340 1253 acquisita.
2366 1215 2456 1245 Unde

1405 1254 1544 1290 inierim,
1561 1255 1593 1285 in
1609 1265 1662 1295 qu.
1678 1265 1786 1292 Lxxm,
1805 1262 1860 1286 art.
1879 1267 1908 1296 7,
1925 1256 1964 1285 ad
1983 1257 2010 1292 3,
2028 1255 2141 1286 dicitur
2155 1257 2242 1296 quod
2259 1259 2455 1289 aversionem

1406 1309 1425 1328 α
1449 1299 1565 1339 regula
1589 1300 1722 1329 rationis
1744 1301 1888 1339 sequitur
1905 1301 2028 1330 aversio
2047 1309 2066 1329 a
2083 1300 2162 1337 Deo,
2187 1302 2239 1330 cui
2261 1302 2351 1331 homo
2369 1303 2458 1333 debet

1406 1343 1559 1383 coniungi
1575 1353 1638 1382 per
1660 1348 1778 1373 rectam
1803 1345 1968 1373 rationem.

1462 1387 1628 1416 Peccatum
1651 1386 1754 1426 igitur,
1778 1387 1898 1416 seclusa
1921 1387 2009 1416 omni
2032 1386 2092 1417 fide
2117 1394 2146 1417 et
2162 1388 2334 1427 pertinente
2357 1390 2397 1419 ad
2419 1390 2456 1419 il-

1406 1430 1479 1466 lam,
1497 1437 1543 1460 est
1565 1437 1672 1460 contra
1689 1431 1811 1460 bonum
1827 1430 1956 1460 rationis
1976 1437 2127 1470 tanquam
2146 1431 2327 1471 proximum
2351 1433 2455 1470 finem,

1408 1481 1437 1504 et
1452 1481 1559 1504 contra
1582 1475 1705 1504 bonum
1725 1474 1867 1504 divinum
1890 1481 2041 1514 tanquam
2058 1475 2205 1505 ultimum
2224 1475 2328 1512 finem,
2347 1487 2382 1506 ex
2398 1478 2458 1508 hoc

1407 1518 1477 1558 ipso
1501 1518 1590 1558 quod
1613 1525 1659 1548 est
1681 1525 1862 1557 peccatum:
1888 1525 1918 1548 et
1949 1518 2138 1548 inordinatio
2163 1519 2230 1549 eius
2258 1527 2303 1550 est
2325 1520 2457 1560 privatio

1409 1561 1549 1592 formalis
1567 1561 1760 1592 rectitudinis
1776 1569 1872 1597 actus,
1890 1561 1990 1592 ferens
2014 1562 2208 1592 aversionem
2224 1563 2262 1593 ab
2281 1563 2457 1595 incommu-

1401 1605 1494 1638 ,tabili
1517 1606 1613 1642 bono,
1639 1612 1670 1636 et
1693 1605 1844 1636 offensam
1868 1605 1960 1636 illius.
1983 1606 2023 1636 Et
2046 1606 2199 1646 quoniam
2222 1607 2382 1638 beatitudo
2405 1619 2457 1639 su-

1408 1649 1611 1689 pernaturalis
1635 1649 1787 1690 supponit
1810 1650 1991 1685 naturalem,
2016 1660 2052 1680 ex
2075 1651 2289 1691 consequenti,
2304 1659 2458 1692 quantum

1410 1700 1455 1723 est
1471 1703 1506 1723 ex
1522 1703 1564 1729 se,
1589 1700 1635 1724 est
1654 1700 1761 1724 contra
1777 1694 1882 1724 Deum
1898 1700 1933 1724 ut
1949 1693 2108 1724 obiectum
2131 1694 2330 1725 beatitudinis
2353 1706 2459 1736 super-

1410 1737 1567 1773 naturalis,
1592 1744 1622 1768 et
1644 1737 1820 1768 aversivum
1835 1738 1873 1767 ab
1890 1747 1938 1773 eo,
1959 1744 1988 1767 et
2004 1737 2191 1768 offensivum
2206 1738 2282 1769 eius.
2299 1757 2319 1762 -
2334 1739 2458 1779 Suppo-

1409 1781 1466 1812 sita
1489 1788 1596 1811 autem
1614 1781 1685 1817 fide,
1702 1788 1866 1821 peccatum
1881 1781 1987 1821 ipsum
2003 1781 2102 1821 privat
2125 1782 2308 1813 rectitudine
2328 1793 2392 1813 non
2409 1794 2460 1814 so-

1409 1825 1477 1855 lum
1493 1825 1569 1865 legis
1589 1832 1716 1856 naturae
1731 1835 1787 1855 seu
1802 1825 1940 1861 rationis,
1956 1826 2009 1855 sed
2029 1825 2164 1855 divinae:
2188 1827 2360 1866 opponitur
2376 1827 2460 1857 enim

1411 1869 1512 1899 ordini
1537 1869 1669 1900 caritatis
1692 1868 1823 1906 infusae,
1848 1876 1878 1899 et
1901 1876 1946 1899 est
1969 1868 2155 1899 offensivum
2179 1870 2237 1900 Dei
2261 1870 2363 1901 ultimi
2390 1871 2460 1901 finis

1411 1913 1600 1952 simpliciter.
1629 1913 1694 1943 Has
1719 1913 1802 1943 enim
1827 1913 2022 1943 conditiones
2043 1923 2109 1943 non
2132 1913 2279 1945 haberent
2302 1915 2462 1945 actualiter

1411 1964 1536 1997 peccata
1551 1957 1703 1993 mortalia,
1720 1957 1745 1987 si
1761 1957 1846 1987 Deus
1864 1963 2036 1987 creaturam
2051 1957 2234 1988 rationalem
2249 1958 2280 1987 in
2294 1958 2358 1988 suis
2374 1959 2459 1998 puris

1411 2001 1604 2031 naturalibus
1619 2001 1792 2041 praeceptis
1808 2011 1843 2031 ac
1858 2000 1973 2031 finibus
1987 2000 2175 2041 reliquisset:
2196 2002 2340 2042 quamvis
2363 2013 2462 2043 quan-

1411 2052 1480 2075 tum
1503 2051 1549 2075 est
1568 2055 1604 2075 ex
1623 2055 1665 2081 se,
1687 2052 1723 2076 ut
1737 2045 1857 2075 dictum
1881 2051 1942 2081 est,
1965 2051 2175 2084 repugnarent
2197 2045 2291 2076 etiam
2315 2056 2463 2086 superna-

1411 2088 1572 2124 malibus,
1596 2095 1707 2128 utpote
1729 2088 2057 2129 praesupponentibus
2080 2089 2243 2120 naturalia.

1465 2133 1504 2163 X.
1521 2133 1571 2162 Ad
1587 2132 1722 2172 primam
1738 2139 1844 2163 autem
1861 2132 2071 2163 obiectionem
2092 2133 2124 2162 in
2141 2133 2324 2172 oppositum
2340 2134 2356 2152 *
2379 2140 2464 2174 patet

1412 2177 1586 2216 responsio.
1604 2176 1770 2207 Distinctio
1787 2176 1881 2212 enim,
1894 2186 1932 2206 ex
1945 2176 2006 2206 hoc
2023 2177 2111 2217 quod
2127 2183 2173 2207 est
2188 2177 2354 2214 distinctio,
2372 2178 2464 2208 habet

1412 2230 1559 2261 magnam
1581 2220 1788 2251 latitudinem.
1805 2238 1826 2244 -—
1842 2220 1996 2258 Quamvis
2019 2227 2126 2260 posset
2149 2220 2209 2250 dici
2232 2222 2319 2261 quod
2344 2224 2464 2252 Auctor

1411 2265 1543 2295 intendit
1567 2265 1604 2294 de
1629 2265 1749 2295 ratione
1773 2264 1914 2294 offensivi
1937 2264 2126 2304 inquantum
2150 2271 2196 2295 est
2222 2271 2330 2295 contra
2357 2266 2462 2295 Deum

1412 2308 1681 2348 supernaturalem
1695 2307 1803 2346 finem,
1827 2309 1916 2349 quod
1931 2318 2028 2348 purae
2051 2315 2096 2338 est
2119 2308 2296 2348 theologiae
2320 2309 2462 2339 conside-

1411 2363 1487 2383 rare.
1512 2353 1572 2383 Sed
1587 2352 1648 2382 hoc
1664 2352 1750 2392 parvi
1765 2352 1871 2382 refert:
1896 2352 1971 2392 quia
1986 2352 2152 2391 theologus
2173 2352 2265 2383 etiam
2290 2353 2465 2383 considerat

1412 2403 1537 2436 peccata
1564 2396 1755 2436 inquantum
1785 2403 1858 2427 sunt
1888 2403 1995 2426 contra
2026 2394 2194 2431 rati'onem,
2223 2397 2255 2426 in
2286 2396 2395 2427 ordine
2425 2398 2464 2426 ad

1412 2440 1634 2471 abductionem
1658 2450 1676 2470 a
1699 2440 1783 2476 Deo;
1809 2440 1888 2470 sicut
1911 2440 2005 2470 etiam
2029 2439 2203 2470 considerat
2231 2441 2269 2470 de
2292 2441 2464 2470 moralibus

1411 2484 1577 2515 virtutibus
1601 2484 1759 2524 acquisitis
1782 2484 1815 2514 in
1838 2484 1947 2514 ordine
1971 2484 2010 2514 ad
2032 2484 2146 2514 Deum.

1467 2529 1516 2558 Ad
1533 2528 1704 2560 secundam
1727 2527 1840 2558 dicitur
1862 2528 1950 2568 quod
1968 2534 2132 2567 peccatum
2155 2527 2243 2558 aliter
2261 2528 2464 2558 contrariatur

1412 2572 1555 2603 rationali
1578 2572 1674 2608 vitae,
1699 2578 1730 2602 et
1753 2572 1839 2602 aliter
1861 2572 1941 2602 Deo.
1966 2572 2048 2602 Nam
2071 2571 2151 2602 vitae
2172 2571 2318 2612 ‘rationali
2342 2578 2462 2602 contra-

1412 2617 1507 2647 riatur
1531 2615 1711 2652 formaliter,
1736 2615 1816 2646 sicut
1832 2615 1969 2646 calidum
1985 2615 2107 2655 frigido,
2125 2615 2175 2645 vel
2193 2616 2319 2646 tenebra
2332 2615 2463 2645 lumini:

1412 2661 1480 2690 Deo
1504 2666 1610 2690 autem
1635 2659 1840 2690 contrariatur
1863 2659 2024 2695 obiective,
2050 2669 2114 2690 non
2134 2658 2305 2695 efficaciter,
2321 2660 2374 2689 sed
2393 2658 2463 2688 affe-

1413 2711 1531 2740 ctuose,
1555 2703 1643 2738 idest,
1659 2713 1726 2733 non
1745 2704 1834 2744 quod
1856 2703 1925 2734 Deo
1948 2703 2008 2743 ipsi
2030 2703 2062 2733 in
2087 2713 2119 2733 se
2135 2703 2253 2743 aliquid
2270 2713 2305 2733 ex
2321 2703 2373 2733 tali
2388 2712 2460 2732 con-

1412 2748 1564 2778 trarietate
1588 2747 1753 2782 adimatur,
1778 2747 1833 2777 sed
1854 2754 2011 2788 quantum
2035 2753 2081 2777 est
2103 2757 2139 2777 ex
2162 2746 2271 2778 affectu
2292 2746 2461 2786 peccantis;

1413 2791 1564 2832 explicite,
1589 2798 1624 2821 ut
1646 2791 1680 2821 in
1703 2791 1778 2821 odio
1802 2791 1878 2827 Dei,
1901 2791 2062 2831 implicite,
2082 2798 2118 2821 ut
2140 2791 2172 2820 in
2191 2790 2352 2825 adulterio,
2378 2790 2462 2820 furto

1412 2843 1442 2867 et
1465 2835 1659 2866 huiusmodi.
1685 2835 1776 2865 Unde
1799 2845 1836 2865 ex
1859 2835 1919 2866 hoc
1942 2835 2012 2874 ipso
2036 2835 2124 2875 quod
2147 2841 2309 2874 peccatum
2325 2841 2371 2864 est
2387 2843 2460 2864 con-

1412 2879 1541 2910 trarium
1565 2878 1677 2909 rationi
1700 2878 1880 2915 formaliter,
1905 2879 1999 2910 habet
2020 2879 2108 2919 quod
2125 2885 2170 2908 est
2185 2877 2374 2908 contrarium
2393 2877 2462 2908 Deo

1412 2923 1562 2954 obiective
1579 2923 1677 2952 modo
1695 2922 1794 2953 dicto:
1818 2933 1884 2952 non
1901 2923 1985 2953 enim
2002 2929 2047 2952 est
2063 2921 2252 2952 contrarium
2271 2921 2383 2951 rationi
2399 2920 2463 2951 for-

1412 2967 1542 3003 maliter,
1567 2966 1627 2996 nisi
1642 2966 1716 3007 quia
1731 2966 1957 2997 voluntarium.
1982 2966 2112 3005 Propter
2127 2966 2214 3005 quod
2230 2972 2461 3005 argumentum,

1411 3011 1499 3051 quod
1524 3011 1562 3040 de
1586 3010 1800 3041 contrarietate
1824 3010 1948 3040 formali
1971 3009 2120 3050 loquitur,
2145 3018 2209 3038 non
2233 3009 2345 3039 obstat.

1467 3055 1518 3085 Ad
1541 3055 1664 3085 tertiam
1687 3054 1799 3085 dicitur
1822 3054 2023 3084 concedendo
2047 3053 2134 3093 quod
2158 3053 2218 3083 hoc
2242 3053 2346 3092 potuit
2372 3058 2463 3083 natu-

1412 3098 1514 3129 raliter
1538 3098 1686 3138 cognosci
1712 3105 1741 3129 et
1764 3098 1823 3128 dici
1840 3108 1857 3127 a
1872 3097 2078 3137 pliilosophiS‚
2095 3104 2131 3126 ut
2146 3096 2308 3127 manifeste
2324 3102 2410 3136 patet
2424 3097 2463 3126 de

1411 3142 1486 3173 odio
1510 3142 1585 3172 Dei:
1610 3142 1770 3182 quamvis,
1795 3148 1941 3181 negantes
1966 3140 2104 3170 divinam
2127 3140 2357 3180 providentiam
2385 3140 2464 3171 circa

1410 3186 1568 3217 humanos
1591 3192 1687 3221 actus,
1713 3185 1750 3215 de
1774 3185 1821 3214 his
1845 3195 1909 3214 non
1933 3184 2047 3214 fuerint
2066 3183 2198 3214 solliciti.

1122 3315 1645 3366 ἡψ-

2481 742 2488 750 ·
2505 742 2555 762 Art.
2570 748 2588 769 5.

2482 826 2490 834 ·
2505 823 2571 845 Vers.
2588 830 2619 851 ¹9-

2482 1087 2492 1096 ⁸
2507 1087 2556 1107 Art.
2573 1087 2594 1107 6.

2492 2141 2499 2148 ·
2515 2138 2551 2160 Cf.
2566 2145 2629 2161 num.
2644 2145 2694 2160 vui.
