2840 4010
133 941 144 952 ·
158 939 226 963 Vere.
239 946 261 969 3.

132 1350 268 1389 ⁸Voem31.

1073 97 1339 144 QUAESTIO
1369 97 1419 144 C,
1449 97 1745 134 ARTICULUS
1773 98 1808 133 X

2466 109 2540 145 219

1158 239 1472 282 ARTICULUS
1503 239 1752 281 DECIMUS

722 343 876 375 UTRUM
899 342 1048 374 MODUS
1071 339 1301 372 cARlTATls
1325 339 1473 370 CADAT
1497 340 1574 371 SUB
1598 340 1855 372 PRAECEPTO
1879 341 2054 373 DIVINAE
2075 340 2197 372 tems

781 431 813 456 111
832 431 914 460 Sent„
933 430 993 455 dist.
1010 435 1092 458 xxxvi,
1112 432 1159 452 art.
1178 426 1206 458 63
1226 427 1268 451 De
1290 426 1379 456 Verit„
1400 434 1443 458 qu.

1462 434 1530 458 xxm,
1551 433 1596 452 art.
1616 436 1640 460 7,
1660 429 1691 453 ad
1710 428 1739 459 83
1759 437 1804 461 qu.
1822 436 1888 459 xxm,
1907 434 1954 454 art.
1977 436 2016 460 12,
2035 430 2067 454 ad
2089 428 2133 460 16;

1227 461 1269 486 De
1287 461 1369 491 Malo,
1389 469 1434 494 qu.
1451 469 1479 493 n,
1499 467 1545 487 art.
1566 462 1589 492 5,
1609 463 1640 487 ad
1660 471 1685 495 7.

442 585 469 608 c,
493 596 521 611 ,Ι
583 575 606 600 D
626 574 787 600 mzcmun
806 573 859 598 s1c
878 569 1118 597 raecum-run.
1145 557 1305 595 Videtur
1325 558 1429 607 quod

424 629 445 658 ’ἡ
522 619 555 660 ἢ
583 615 723 653 modus
751 612 912 651 caritatis
932 611 1042 648 cadat
1060 611 1131 648 sub
1151 618 1355 660 praecepto
1376 610 1429 648 di-

497 656 694 705 ·''vinae
720 666 823 714 legis.
852 664 1001 702 Dicitur
1028 664 1130 701 enim
1158 665 1294 701 Matth.
1313 675 1374 700 xur
1392 663 1428 700 *t

395 719 405 726 ²*
429 740 439 755 ψ
452 718 518 749 ”’“ν’
543 716 625 759 Si
640 720 696 757 vis
715 719 766 756 ad
782 718 899 755 vitam
922 717 1082 767 ingredi,
1101 727 1212 767 serva
1230 717 1429 754 mandata:

373 786 419 812 ex
461 777 539 824 quo‘
573 773 727 810 videtur
761 771 866 820 quod
904 770 1120 807 observatio
1163 769 1430 806 mandatorum

373 826 535 865 sufficiat
561 825 610 863 ad
638 823 956 862 introducendum
986 823 1023 860 in
1051 823 1181 860 vitam.
1211 823 1288 860 Sed
1313 834 1432 871 opera

372 880 476 918 bona
502 890 580 915 non
608 876 800 915 sufficiunt
828 877 877 914 ad
904 876 1222 925 introducendum
1241 874 1280 912 in
1298 875 1430 922 vitam,

372 932 444 970 nisi
465 942 510 968 ex
529 931 680 968 caritate
700 931 814 967 fiant:
838 929 972 967 dicitur
991 929 1091 966 enim
1112 930 1125 966 1
1145 929 1198 966 ad
1218 929 1381 965 Coraml
1395 927 1431 965 *ε

372 985 416 1022 Si
431 984 650 1021 distribuero
675 984 711 1020 in
741 983 841 1020 cibos
858 994 1073 1031 pauperum
1093 993 1220 1019 omnes
1225 981 1433 1029 facultates

372 1034 487 1082 meas,
507 1042 543 1073 et
559 1037 593 1073 si
610 1037 798 1073 tradidero
827 1047 962 1084 corpus
989 1047 1114 1072 meum
1133 1035 1184 1071 ita
1204 1039 1245 1070 ut
1261 1034 1431 1080 ardeam,

373 1091 565 1127 caritatem
594 1095 718 1126 autem
739 1102 812 1126 non
834 1090 1012 1134 habuero,
1038 1088 1129 1125 nihil
1155 1087 1248 1124 mihi
1267 1088 1431 1136 prodest.

372 1143 476 1191 Ergo
505 1143 645 1180 modus
673 1142 832 1179 caritatis
861 1150 916 1179 est
943 1141 982 1178 in
1008 1148 1224 1190 praecepto.

428 1207 463 1232 2.
484 1197 717 1243 PRAETEREA,
739 1196 787 1232 ad
807 1195 969 1232 modum
989 1194 1149 1231 caritatis
1176 1193 1328 1244 proprie
1348 1206 1432 1242 per-

352 1248 465 1286 *tinet
500 1257 542 1286 ut
578 1248 707 1285 omnia
740 1249 834 1285 fiant
866 1255 1021 1296 propter
1052 1248 1188 1284 Deum.
1222 1246 1300 1283 Sed
1333 1246 1433 1284 istud

374 1301 474 1339 cadit
500 1302 571 1339 sub
599 1309 825 1350 praecepto:
855 1301 943 1337 dicit
971 1300 1074 1337 enim
1101 1300 1319 1349 Apostolus,
1346 1301 1359 1336 Ι
1384 1300 1435 1336 ad

379 1356 465 1392 Cor.
481 1367 505 1392 x
520 1354 555 1391 *τ
590 1354 725 1391 Omnia
744 1354 781 1390 in
800 1353 966 1403 gloriam
985 1353 1061 1390 Dei
1065 1354 1197 1401 facite.
1227 1353 1329 1400 Ergo
1350 1365 1431 1389 mo-

375 1408 447 1447 dus
474 1407 635 1444 caritatis
664 1406 764 1443 cadit
792 1407 862 1443 sub
890 1414 1107 1455 praecepto.

306 1471 311 1473 ·
375 1500 377 1502 ,
405 1461 465 1498 .3,
484 1461 717 1507 PRAETEREA,
739 1459 770 1497 si
788 1459 929 1497 modus
958 1459 1119 1496 caritatis
1146 1470 1225 1496 non
1244 1458 1343 1496 cadit
1361 1459 1431 1495 sub

133 1839 147 1854 ¹⁸
153 1838 223 1863 ΡΜ.
231 1843 346 1861 mxvzn.

371 1519 590 1563 praecepto,
620 1525 710 1561 ergo
738 1512 872 1560 aliquis
899 1519 1025 1561 potest
1051 1511 1208 1561 implere
1230 1519 1432 1561 praecepta

354 1564 464 1623 ’legis
483 1577 562 1602 non
581 1566 726 1603 habens
755 1565 957 1602 caritatem.
988 1565 1066 1602 Sed
1084 1564 1188 1614 quod
1205 1572 1332 1614 potest
1349 1565 1432 1602 fieri

372 1618 454 1656 sine
482 1618 646 1666 caritate,
675 1626 800 1668 potest
818 1618 903 1657 fieri
921 1618 1001 1656 sine
1019 1618 1149 1667 gratia,
1163 1628 1263 1665 quae
1282 1624 1443 1667 semper

372 1671 549 1722 adiuncta
577 1679 633 1709 est
661 1671 814 1709 caritati.
843 1672 944 1720 Ergo
974 1671 1107 1720 aliquis
1133 1677 1258 1720 potest
1276 1670 1433 1720 implere

371 1733 576 1774 praecepta
604 1724 695 1773 legis
723 1725 804 1762 sine
831 1725 960 1772 gratia.
990 1725 1078 1762 Hoc
1103 1731 1230 1761 autem
1253 1731 1309 1760 est
1326 1725 1434 1761 Pela-

371 1777 472 1826 giani
501 1777 658 1824 erroris;
687 1786 728 1815 ut
753 1784 858 1827 patet
885 1790 954 1827 per
980 1777 1249 1826 Augustinum,
1271 1777 1310 1814 in
1336 1777 1432 1814 libro

372 1831 418 1868 de
431 1830 664 1868 Haeresibus
677 1830 708 1868 ²¹².
733 1831 835 1879 Ergo
857 1831 996 1868 modus
1015 1830 1175 1868 caritatis
1195 1837 1250 1867 est
1267 1829 1306 1867 in
1324 1842 1432 1879 prae—

374 1890 497 1933 cepto.

427 1937 502 1974 SED
531 1948 677 1974 CONTRA
709 1948 775 1974 ns‘r
809 1936 897 1986 quia
930 1936 1161 1985 quicumque
1197 1948 1276 1973 non
1308 1945 1434 1974 servat

372 1985 642 2040 praeceptum,
671 1996 805 2038 peccat
838 1989 1056 2027 mortaliter.
1091 1989 1131 2026 Si
1157 1988 1267 2038 igitur
1293 1991 1433 2027 modus

372 2042 533 2080 caritatis
562 2042 672 2080 cadat
699 2043 769 2080 sub
797 2050 1014 2092 praecept0,
1043 2042 1210 2091 sequitur
1228 2042 1334 2091 quod
1353 2043 1433 2091 qui-

374 2107 540 2144 cumque
560 2103 739 2145 operatur
753 2095 893 2145 aliquid
909 2103 946 2132 et
959 2107 1038 2132 non
1058 2107 1103 2133 ex
1123 2095 1285 2142 caritate,
1301 2104 1434 2144 peccet

373 2148 591 2186 mortaliter.
622 2149 700 2186 Sed
728 2149 960 2198 quicumque
989 2161 1067 2194 non
1094 2149 1209 2186 habet
1229 2148 1431 2197 caritatem,

317 2223 319 2226 ⁴
374 2209 553 2251 operatur
571 2214 650 2239 non
671 2214 715 2238 ex
736 2202 898 2239 caritate.
919 2202 1021 2249 Ergo
1041 2202 1209 2251 sequitur
1228 2202 1332 2250 quod
1352 2203 1432 2251 qui-

374 2267 540 2306 cumque
559 2267 638 2305 non
657 2255 772 2292 habet
790 2255 996 2302 caritatem,
1014 2261 1147 2303 peccet
1169 2254 1376 2292 mortaliter
1394 2256 1433 2293 in

373 2308 480 2348 omni
509 2306 633 2357 opere
658 2308 762 2357 quod
794 2308 899 2355 facit,
929 2315 1282 2357 quantumcumque
1310 2308 1356 2345 sit
1384 2309 1431 2346 de

370 2373 509 2411 genere
533 2362 742 2406 bonorum.
774 2362 891 2408 Quod
918 2368 974 2398 est
1001 2360 1284 2399 inconveniens.

425 2415 652 2458 Respounzo
679 2426 863 2466 monimum
900 2414 1005 2463 quod
1040 2414 1139 2451 circa
1170 2414 1245 2452 hoc
1281 2415 1432 2452 fuerunt

365 2467 584 2517 ‚contrariae
612 2467 824 2516 opiniones.
854 2467 1024 2514 Quidam
1053 2466 1154 2504 enim
1174 2467 1347 2505 dixerunt
1365 2469 1430 2504 ab-

373 2521 494 2558 solute
523 2520 686 2558 modum
715 2520 876 2558 caritatis
905 2532 987 2558 esse
1011 2520 1082 2556 sub
1109 2529 1325 2570 praecepto.
1347 2521 1430 2558 Nec

373 2581 431 2611 est
454 2573 690 2622 impossibile
714 2575 919 2611 observare
938 2575 1014 2610 hoc
1031 2581 1278 2622 praeceptum
1300 2574 1430 2611 carita-

372 2633 451 2665 tem
482 2638 560 2663 non
591 2626 765 2665 habenti:
795 2626 885 2676 quia
921 2633 1046 2675 potest
1078 2639 1117 2663 se
1151 2626 1351 2675 disponere
1380 2628 1429 2664 ad

371 2678 449 2716 hoc
475 2678 580 2727 quod
599 2679 732 2717 caritas
752 2679 786 2716 ei
803 2679 1021 2716 infundatur
1039 2691 1061 2715 a
1079 2680 1177 2716 Deo.
1207 2680 1291 2717 Nec
1309 2693 1429 2728 quan—

373 2730 592 2780 documque
620 2731 754 2781 aliquis
773 2744 852 2769 non
870 2733 1016 2769 habens
1035 2731 1226 2770 caritatem
1251 2733 1338 2770 facit
1365 2733 1429 2770 ali-

373 2784 464 2833 quid
484 2783 530 2821 de
549 2795 687 2832 genere
711 2785 915 2832 bonorum,
935 2792 1068 2834 peccat
1085 2785 1310 2824 mortaliter:
1340 2786 1430 2835 quia

371 2837 447 2874 hoc
477 2844 532 2875 est
559 2845 803 2886 praeceptum
832 2838 1114 2886 affirmativum,
1144 2845 1185 2876 ut
1213 2851 1256 2876 ex
1277 2839 1428 2877 caritate

372 2897 560 2939 operetur,
590 2897 626 2927 et
648 2902 726 2928 non
749 2891 888 2939 obligat
907 2891 955 2930 ad
974 2903 1136 2940 semper,
1158 2892 1225 2929 sed
1243 2905 1314 2941 pro
1334 2900 1428 2930 tem-

370 2955 464 2992 pore
492 2942 555 2980 illo
575 2955 653 2991 quo
683 2943 815 2993 aliquis
834 2945 949 2982 habet
976 2945 1180 2982 caritatem.
1197 2966 1220 2973 -
1241 2945 1314 2982 Alii
1333 2958 1426 2984 vero

372 2996 546 3034 dixerunt
568 2997 672 3044 quod
701 2997 858 3034 omnino
886 2998 1026 3035 modus
1050 2997 1209 3036 caritatis
1228 3010 1306 3035 non
1331 2999 1430 3037 cadit

371 3049 442 3086 sub
469 3057 686 3098 praecepto.

424 3102 582 3151 Utrique
610 3110 737 3140 autem
767 3110 951 3151 quantum
975 3103 1023 3140 ad
1043 3102 1195 3152 aliquid,
1215 3116 1351 3141 verum
1373 3104 1426 3142 di-

370 3163 514 3192 xerunt.
544 3157 662 3192 Actus
683 3155 783 3192 enim
805 3155 964 3192 caritatis
983 3155 1180 3204 dupliciter
1199 3156 1428 3194 considerari

423 3288 451 3318 α)
464 3287 600 3322 formalis.
617 3301 636 3306 —
653 3287 798 3319 superioris
818 3286 921 3312 ordinis
940 3287 1037 3311 addunt
1055 3287 1100 3312 Pa.

423 3322 448 3356 β)
467 3323 574 3348 habens.
592 3337 610 3341 -
627 3322 723 3347 habeat
742 3322 787 3347 Ρα.

1483 564 1619 606 potest.
1650 559 1736 596 Uno
1764 560 1900 607 modo,
1930 561 2140 598 secundum
2170 561 2276 610 quod
2304 569 2359 600 est
2386 562 2542 611 quidam

1485 617 1590 647 actus
1618 623 1686 659 per
1714 621 1766 647 se.
1788 613 1837 648 Et
1863 613 1938 650 hoc
1965 613 2085 651 modo
2115 615 2213 652 cadit
2240 615 2311 652 sub
2338 624 2543 665 praecepto

1484 663 1575 710 legis
1604 663 1709 711 quod
1738 664 1784 700 de
1804 665 1878 701 hoc
1906 666 2114 714 specialiter
2139 667 2258 715 datur,
2279 668 2430 716 scilicet,
2449 669 2543 706 Dili-

1483 727 1551 764 ges
1565 716 1771 752 Dominum
1786 718 1911 754 Deum
1930 724 2033 755 tuum
2047 719 2079 766 ²¹²,
2096 727 2143 766 et,
2158 721 2304 770 Diliges
2322 722 2543 770 proximum

1486 774 1589 804 tuum
1604 768 1635 805 *.
1665 769 1714 805 Et
1741 777 1924 818 quantum
1957 771 2006 808 ad
2033 772 2119 818 hoc,
2141 773 2252 821 primi
2277 786 2414 811 verum
2444 774 2542 812 dixe—

2571 735 2579 743 ·
2595 734 2664 782 ffeut.
2687 740 2738 762 cap.
2749 740 2781 762 vr,

2611 767 2621 781 Β

2570 766 2664 808 rimini:
2671 793 2722 834 αξξ».
2732 793 2781 814 xxx,

2571 819 2631 835 vers.
2640 813 2678 839 ¹8(
2704 813 2781 835 ‚Matt-

2585 846 2597 861 a
2617 855 2623 861 .
2673 846 2689 861 11
2721 846 2735 860 v
2749 845 2773 861 rs

1486 829 1572 858 runt
1590 821 1621 858 ²⁸.
1643 822 1734 858 Non
1759 822 1860 859 enim
1880 830 1936 859 est
1954 823 2185 872 impossibile
2204 827 2279 862 hoc
2296 834 2543 876 praeceptum
2571 845 2584 860 c
2641 846 2672 861 xx
2737 846 2748 861 e

1486 874 1704 922 observare,
1711 875 1836 964 dqyod
1860 883 1915 912 est
1935 876 1982 913 de
2009 884 2094 913 actu
2114 878 2290 916 caritatis:
2316 880 2404 928 quia
2423 881 2542 918 homo

1486 935 1610 975 potest
1638 939 1677 963 se
1737 940 1912 976 isponere
1941 929 1989 966 ad
2018 929 2211 967 caritatem
2239 932 2478 980 habendam,
2509 942 2545 970 et

1486 979 1641 1028 quando
1670 981 1844 1017 habuerit
1871 993 1970 1028 eam,
1998 990 2123 1030 potest
2152 995 2197 1020 ea
2223 984 2288 1020 uti.

1540 1033 1626 1069 Alio
1660 1034 1779 1070 modo
1815 1042 1941 1082 potest
1977 1035 2206 1072 considerari
2243 1045 2347 1073 actus
2386 1038 2544 1075 caritatis

1487 1087 1698 1123 secundum
1728 1087 1833 1134 quod
1863 1095 1918 1123 est
1945 1088 2085 1125 modus
2113 1097 2267 1127 actuum
2293 1090 2452 1127 aliarum
2470 1092 2544 1128 vir-

1486 1146 1625 1185 tutum,
1660 1140 1735 1176 hoc
1768 1148 1823 1176 est
1860 1141 2071 1177 secundum
2103 1143 2209 1189 quod
2245 1150 2349 1179 actus
2387 1144 2543 1181 aliarum

1486 1192 1669 1229 virtutum
1699 1193 1920 1229 ordinantur
1948 1193 1997 1230 ad
2025 1195 2230 1242 caritatem,
2261 1208 2359 1244 quae
2388 1204 2443 1234 est
2449 1198 2545 1244 finis

1481 1245 1693 1293 praecepti,
1728 1253 1770 1282 ut
1806 1245 1939 1283 dicitur
1971 1247 1984 1282 I
2014 1247 2066 1283 ad
2095 1248 2189 1285 Tim.
2211 1260 2222 1284 1
2241 1248 2280 1285 *ε
2315 1249 2457 1286 dictum
2491 1259 2546 1287 est

1488 1298 1588 1335 enim
1614 1311 1728 1346 supra
1747 1298 1766 1319 ’³‘
1794 1299 1898 1347 quod
1923 1299 2079 1336 intentio
2099 1301 2186 1337 finis
2215 1309 2270 1338 est
2288 1302 2442 1350 quidam
2462 1315 2544 1339 mo-

1488 1352 1558 1388 dus
1590 1351 1758 1388 formalis
1779 1358 1795 1373 ‘²
1824 1359 1928 1388 actus
1958 1352 2118 1390 ordinati
2150 1354 2188 1390 in
2220 1355 2351 1392 finem.
2390 1357 2439 1392 Et
2470 1357 2544 1393 hoc

1487 1405 1605 1442 modo
1634 1417 1771 1442 verum
1800 1413 1855 1442 est
1882 1405 1987 1453 quod
2021 1406 2176 1443 secundi
2214 1407 2406 1456 dixerunt,
2440 1410 2543 1457 quod

1487 1458 1626 1494 modus
1654 1457 1815 1494 caritatis
1834 1470 1913 1494 non
1934 1458 2032 1495 cadit
2051 1460 2122 1495 sub
2142 1468 2367 1508 praecepto:
2395 1462 2471 1498 hoc
2490 1471 2546 1499 est

1487 1511 1600 1558 dictu,
1630 1511 1735 1559 quod
1763 1510 1802 1547 in
1829 1512 1903 1547 hoc
1931 1519 2157 1560 praecepto,
2184 1513 2350 1550 Honora
2371 1520 2543 1562 patrem,

1486 1577 1564 1601 non
1590 1564 1792 1601 includitur
1819 1564 1925 1612 quod
1952 1565 2160 1601 honoretur
2177 1573 2285 1614 pater
2312 1578 2358 1603 ex
2381 1567 2544 1615 caritate,

1486 1618 1552 1654 sed
1581 1618 1706 1653 solum
1735 1617 1840 1665 quod
1868 1617 2078 1654 honoretur
2103 1625 2222 1667 pater.
2252 1619 2362 1656 Unde
2392 1620 2456 1668 qui
2475 1621 2544 1658 ho-

1488 1677 1595 1707 norat
1622 1677 1781 1718 patrem,
1810 1670 1895 1706 licet
1922 1682 2000 1707 non
2028 1669 2207 1708 habens?
2236 1672 2439 1720 caritatem,
2465 1686 2543 1710 non

1488 1723 1648 1760 efficitur
1661 1730 1914 1771 transgressor
1927 1723 2040 1760 huius
2054 1724 2263 1772 praecepti:
2281 1725 2348 1762 etsi
2367 1726 2413 1762 sit
2427 1734 2544 1763 trans—

1487 1788 1635 1824 gressor
1662 1776 1852 1824 praecepti
1882 1777 1985 1824 quod
2016 1784 2070 1813 est
2094 1777 2141 1814 de
2161 1785 2245 1814 actu
2265 1778 2436 1826 caritatis,
2456 1792 2543 1828 pro-

1486 1837 1568 1879 pter
1596 1841 1711 1878 quam
1740 1829 2077 1877 transgressionem
2105 1837 2272 1867 meretur
2298 1843 2476 1879 poenam.

1540 1885 1598 1919 AD
1626 1894 1763 1919 PmMUM
1791 1894 1888 1919 ERGO
1917 1894 2100 1919 mOENDUM
2128 1883 2233 1931 quod
2257 1884 2446 1922 Dominus
2465 1898 2543 1922 non

1488 1935 1597 1983 dixit,
1627 1936 1669 1972 Si
1692 1935 1748 1972 vis
1775 1936 1827 1972 ad
1850 1936 1967 1972 vitam
1992 1935 2152 1985 ingredi,
2171 1948 2282 1974 serva
2303 1950 2417 1974 unum
2438 1950 2543 1975 man-

1487 1989 1636 2025 datum.-
1665 1989 1753 2035 sed,
1781 2000 1891 2025 serva
1929 1989 2056 2025 omnia
2093 1990 2283 2026 mandata.
2314 1992 2413 2028 Inter
2445 2004 2542 2039 quae

1488 2042 1601 2078 etiam
1631 2041 1840 2078 continetur
1868 2042 2089 2078 mandatum
2118 2042 2164 2078 de
2195 2042 2392 2080 dilectione
2417 2044 2489 2080 Dei
2509 2053 2545 2080 et

1486 2094 1658 2143 proximi.

1538 2150 1596 2185 An
1625 2159 1813 2184 SECUNDUM
1833 2159 2016 2185 DlCENDUM
2036 2147 2141 2196 quod
2161 2149 2231 2185 sub
2252 2148 2433 2185 mandato
2454 2149 2544 2186 cari-

1486 2201 1569 2238 tatis
1598 2202 1810 2241 continetur
1836 2208 1876 2237 ut
1904 2200 2076 2248 diligatur
2104 2202 2210 2238 Deus
2239 2214 2284 2237 ex
2309 2209 2388 2238 toto
2416 2202 2542 2249 corde,

1486 2254 1534 2290 ad
1563 2254 1668 2302 quod
1695 2253 1854 2302 pertinet
1881 2261 1922 2289 ut
1949 2254 2080 2292 omnia
2107 2254 2315 2291 referantur
2342 2254 2380 2291 in
2403 2255 2541 2292 Deum.

1486 2308 1534 2343 Et
1561 2307 1646 2344 ideo
1674 2314 1922 2355 praeceptum
1952 2306 2111 2343 caritatis
2139 2307 2297 2356 implere
2325 2308 2445 2344 homo
2466 2321 2542 2345 non

1484 2368 1619 2408 potest,
1649 2360 1720 2396 nisi
1744 2359 1857 2396 etiam
1877 2359 2008 2396 omnia
2028 2360 2235 2399 referantur
2253 2360 2292 2396 in
2311 2362 2450 2397 Deum.
2482 2361 2543 2398 Sic

1486 2425 1574 2460 ergo
1595 2413 1659 2462 qui
1677 2414 1841 2450 honorat
1863 2420 2050 2461 parentes,
2074 2420 2222 2450 tenetur
2242 2425 2286 2450 ex
2307 2413 2456 2450 caritate
2476 2415 2543 2451 ho-

1485 2479 1631 2513 norare,
1653 2478 1731 2503 non
1752 2477 1796 2502 ex
1814 2465 1853 2502 vi
1871 2465 1984 2502 huius
2004 2466 2195 2515 praecepti
2222 2467 2328 2514 quod
2357 2475 2431 2513 est,
2459 2468 2543 2503 Ho-

1485 2531 1579 2556 nora
1601 2525 1798 2568 parentes:
1819 2518 1885 2555 sed
1905 2531 1951 2555 ex
1969 2519 2009 2556 vi
2026 2519 2139 2556 huius
2167 2519 2378 2568 praecepti,
2398 2519 2543 2569 Diliges

1483 2573 1690 2609 Dominum
1705 2573 1829 2609 Deum
1849 2577 1953 2608 tuum
1973 2584 2022 2608 ex
2040 2578 2113 2609 toto
2133 2573 2246 2609 corde
2264 2578 2326 2609 tuo
2339 2573 2369 2609 ³³.
2387 2573 2435 2609 Et
2454 2585 2540 2609 cum

1484 2626 1552 2662 ista
1572 2625 1644 2662 sint
1662 2631 1677 2653 Υ
1707 2625 1783 2662 duo
1803 2633 2005 2674 praecepta
2031 2625 2258 2662 affirmativa
2276 2638 2355 2662 non
2375 2625 2542 2673 obligan-

1483 2679 1533 2716 tia
1561 2679 1608 2715 ad
1636 2691 1805 2727 semper,
1833 2686 1994 2726 possunt
2021 2690 2090 2726 pro
2119 2678 2277 2715 diversis
2305 2678 2541 2727 temporibus

1484 2732 1660 2780 obligare.
1691 2732 1740 2768 Et
1776 2731 1826 2768 ita
1858 2738 1984 2780 potest
2017 2731 2232 2779 contingere
2268 2731 2371 2780 quod
2407 2731 2541 2780 aliquis

1483 2785 1644 2834 implens
1678 2791 1925 2833 praeceptum
1959 2784 2006 2821 de
2033 2784 2284 2821 honoratione
2317 2791 2538 2832 parentum,

1483 2851 1560 2875 non
1579 2846 1669 2875 tunc
1688 2837 1979 2885 transgrediatur
2002 2844 2246 2886 praeceptum
2267 2837 2312 2873 de
2334 2836 2539 2874 omissione

1483 2891 1588 2929 modi
1617 2890 1788 2928 caritatis.

1535 2948 1593 2981 AD
1626 2956 1784 2981 TERTltJM
1813 2955 1995 2980 DICENDUM
2029 2943 2131 2990 quod
2167 2943 2372 2979 observare
2410 2942 2539 2979 omnia

1481 3005 1684 3047 praecepta
1719 2997 1809 3045 legis
1841 2997 1960 3033 homo
1995 3008 2071 3032 non
2107 3002 2251 3043 potest,
2281 2995 2351 3032 nisi
2385 2994 2540 3043 impleat

1482 3058 1727 3100 praeceptum
1748 3049 1926 3096 caritatis,
1957 3049 2060 3097 quod
2081 3060 2158 3085 non
2181 3048 2224 3084 fit
2242 3047 2322 3085 sine
2342 3048 2470 3096 gratia.
2492 3049 2541 3085 Et

1482 3104 1568 3141 ideo
1588 3102 1819 3152 impossibile
1837 3109 1891 3138 est
1910 3101 2014 3150 quod
2033 3101 2206 3149 Pelagius
2226 3100 2324 3148 dixit,
2341 3101 2539 3138 hominem

1482 3156 1639 3205 implere
1667 3156 1789 3203 legem
1819 3154 1898 3191 sine
1927 3154 2053 3202 gratia.

1452 3286 1455 3352 Ι
1533 3288 1559 3321 γ)
1580 3288 1714 3347 cumHista
1739 3287 1802 3312 sint.
1820 3301 1840 3306 —-
1858 3286 1895 3311 ad
1921 3286 1971 3311 ista
1991 3286 2191 3314 ACDGIL,1'sta
2210 3286 2283 3317 BEF,
2302 3287 2339 3311 ad
2359 3287 2404 3311 i11a
2423 3288 2473 3319 pl-l,
2493 3287 2538 3311 illa

1480 3331 1539 3348 cum
1558 3324 1611 3348 sint
1630 3331 1642 3347 s
1670 3341 1676 3347 .

2571 846 2623 914 ³⁹5.
2640 898 2700 919 1047.

2572 1266 2580 1274 '
2597 1264 2662 1286 Vers.
2677 1271 2697 1292 5.

2572 1319 2580 1327 ”
2596 1317 2644 1345 Qu.
2655 1323 2696 1344 xn,
2712 1321 2753 1339 art.
2765 1324 2773 1339 ι

2572 1344 2600 1365 ad
2614 1350 2639 1372 3;
2655 1347 2696 1365 art.
2712 1351 2737 1371 4,
2753 1334 2783 1366 ad

2570 2583 2577 2590 ·
2587 2580 2654 2602 Dent.
2665 2581 2709 2603 loc.
2720 2581 2758 2602 cit.
