2840 4010
98 1357 110 1368 ·
123 1354 191 1379 Vere.
205 1362 238 1385 ²5-

102 2093 183 2149 ..ιῖἰῇ
188 2099 242 2134 :⁴3²2
249 2099 298 2119 ‘cv

104 2251 116 2262 ·
129 2250 197 2274 Vns.
209 2257 244 2274 ιο.

107 2442 198 2487 θῆιπ.
211 2469 241 2486 12.

108 3050 118 3060 ¹
132 3049 200 3072 Vere.
215 3055 243 3077 ¹5.

108 3204 118 3214 ·
132 3203 199 3227 Vm.
214 3209 251 3227 τε.

108 3261 119 3272 ·
134 3260 199 3283 Vere.
214 3260 247 3283 16.

1003 155 1268 202 QUAESTIO
1297 154 1471 200 XCVIII,
1500 152 1796 190 ARTICULUS
1825 153 1839 188 1

2435 152 2504 198 193

762 337 1175 416 QUAESTIO
1211 333 2083 391 NONAGESIMAOCTAVA

1075 454 1173 493 DE
1219 453 1427 492 LEGE
1475 453 1766 493 VETERI

1173 566 1207 591 IN
1236 565 1302 591 SEX
1329 565 1530 591 ARTICULOS
1558 567 1674 591 DIVISA

419 677 681 708 ONSEQUENTER
714 661 1034 700 considerandum
1064 669 1119 698 est
1146 661 1193 699 de
1221 662 1302 709 lege
1329 671 1395 697 ve-

432 719 487 756 eri
514 719 545 755 ⁸.
580 719 629 755 Et
655 716 790 765 primo,
822 715 870 751 de
898 715 980 763 ipsa
1006 715 1103 762 lege;
1134 714 1315 760 secundo,
1347 713 1394 750 de

335 771 546 822 praeceptis
575 770 655 807 eius
683 769 714 805 ³¹⁸.

336 824 449 862 Circa
473 823 643 873 primum
671 828 903 870 quaeruntur
931 832 1006 856 sex.

379 877 542 915 Primo:
571 882 697 911 utrum
726 874 785 910 lex
813 880 923 910 vetus
951 873 997 909 sit
1024 873 1137 909 bona.

1504 661 1704 697 Secundo:
1738 668 1865 697 utrum
1899 662 1944 697 sit
1971 674 1993 698 a
2021 663 2118 699 Deo.

1504 713 1653 749 Tertio:
1686 721 1814 750 utrum
1843 714 1888 750 sit
1914 715 1962 750 ab
1993 727 2038 750 eo
2073 714 2325 752 mediantibus
2354 716 2506 764 angelis.

1506 766 1671 812 Quarto:
1701 774 1828 802 utrum
1858 766 1944 803 data
1967 767 2013 803 sit
2041 767 2229 805 omnibus.

1506 819 1670 864 Quinto:
1699 826 1826 855 utrum
1856 831 1990 855 omnes
2020 819 2158 867 obliget
2182 826 2210 857 α.

1507 872 1643 907 Sexto:
1672 879 1798 908 utrum
1828 883 1996 919 congruo
2022 880 2194 920 ternpore
2220 873 2329 910 fuerit
2358 874 2454 911 data.

1151 978 1466 1022 ARTICULUS
1497 978 1702 1020 PRIMUS

1045 1073 1200 1105 UTRUM
1222 1072 1307 1103 LEX
1331 1071 1472 1102 VETUS
1497 1072 1658 1102 FUERIT
1683 1072 1799 1103 BONA

585 1156 640 1179 Art.
660 1162 724 1186 seq.‚
744 1154 775 1178 ad
799 1162 819 1184 1,

350 1250 574 1300 144202‘1)
602 1254 739 1279 PRIMUM
767 1253 820 1278 sm
848 1253 1085 1278 Pxocamrua.
1113 1240 1272 1277 Videtur
1291 1239 1396 1288 quod

371 1290 423 1341 ’ἢϊὰ
471 1265 533 1345 {J
552 1297 610 1332 lex
628 1302 739 1332 vetus
758 1307 836 1331 non
857 1294 967 1331 fuerit
993 1294 1106 1331 bona.
1127 1292 1272 1331 Dicitur
1294 1292 1398 1329 enim

358 1331 413 1398 ,ys
492 1334 523 1392 ’ᾖ
538 1346 691 1385 Ezech.
702 1359 748 1383 xx
759 1347 794 1383 *ε
806 1347 905 1383 Dedi
917 1348 969 1384 eis
975 1351 1178 1396 praecepta
1193 1357 1268 1382 non
1283 1346 1393 1391 bona,

365 1398 381 1410 “’
402 1423 409 1429 -
433 1396 484 1429 5'5-
512 1394 589 1439 Ket
615 1400 752 1436 iudicia
780 1400 816 1436 in
837 1400 970 1448 quibus
998 1412 1071 1437 non
1091 1399 1224 1436 vivent.
1243 1398 1318 1435 Sed
1338 1399 1397 1434 lex

338 1466 419 1496 non
435 1453 570 1491 dicitur
584 1453 688 1489 bona
702 1453 772 1489 nisi
786 1460 942 1501 propter
956 1453 1164 1490 bonitatem
1176 1458 1398 1501 praecepto-

338 1518 425 1546 rum
449 1518 551 1557 quae
577 1506 752 1542 continet.
775 1506 876 1553 Ergo
897 1507 955 1542 lex
974 1513 1084 1543 vetus
1103 1517 1181 1543 non
1200 1505 1269 1542 fuit
1283 1505 1395 1542 bona.

394 1571 430 1597 2.
459 1559 700 1606 Pam-eam,
729 1559 778 1595 ad
811 1559 1018 1596 bonitatem
1045 1555 1136 1606 legis
1161 1557 1324 1607 pertinet
1358 1565 1399 1594 ut

337 1611 538 1661 communi
567 1611 676 1648 saluti
711 1611 906 1660 proficiat,
937 1612 1032 1648 sicut
1064 1611 1230 1649 Isidorus
1262 1610 1349 1648 dicit
1367 1610 1397 1647 ²⁸.

335 1660 418 1703 'Sed
447 1665 506 1701 lex
531 1672 643 1701 vetus
668 1677 747 1701 non
766 1664 833 1700 fuit
851 1664 1052 1712 salutifera,
1072 1663 1140 1702 sed
1158 1663 1279 1712 magis
1298 1675 1399 1700 mor—

281 1743 286 1748 -
332 1718 447 1759 »ῑίἱει-ει
470 1726 507 1755 et
526 1717 674 1755 nociva.
695 1717 794 1754 Dicit
812 1717 915 1754 enim
934 1717 1152 1766 Apostolus,
1172 1718 1284 1754 Rom.
1299 1729 1348 1753 vu
1362 1717 1397 1753 *t

341 1771 429 1809 Sine
452 1771 540 1820 >lege
556 1776 755 1819 peccatum
773 1776 964 1807 mortuum
983 1776 1075 1808 erat.
1097 1771 1184 1820 Ego
1203 1775 1329 1806 autem
1348 1770 1401 1806 vi-

342 1824 474 1861 vebam
491 1824 572 1860 sine
588 1823 673 1873 lege
690 1823 892 1871 aliquando
904 1838 916 1860 .·
934 1824 1000 1860 sed
1016 1835 1102 1860 cum
1121 1823 1278 1860 venisset
1295 1835 1401 1859 man-

341 1877 482 1922 datum,
499 1882 696 1924 peccatum
712 1876 858 1922 revixit,
880 1888 951 1926 ego
966 1882 1091 1914 autem
1110 1882 1278 1914 mortuus
1295 1888 1399 1920 sum,-

341 1937 379 1966 et
402 1931 516 1967 Rom.
541 1929 616 1966 v*:
646 1930 732 1966 Lex
757 1930 979 1966 subintravit
1007 1935 1047 1966 ut
1071 1930 1281 1967 abundaret
1307 1929 1394 1965 deli-

336 1988 453 2020 ctum.
483 1983 585 2030 Ergo
614 1983 674 2019 lex
700 1990 811 2019 vetus
839 1995 917 2020 non
945 1982 1013 2019 fuit
1034 1983 1153 2020 bona.

398 2036 433 2073 3.
452 2036 686 2082 PRAETEREA,
702 2035 752 2073 ad
774 2035 983 2072 bonitatem
1002 2035 1093 2084 legis
1110 2035 1270 2084 pertinet
1298 2035 1403 2083 quod

307 2110 314 2121 ›
343 2089 389 2125 sit
415 2087 605 2137 possibilis
632 2089 682 2125 ad
715 2088 1000 2125 observandum
1015 2088 1036 2110 ²⁸
1054 2096 1092 2125 et
1109 2088 1320 2126 secundum
1339 2101 1403 2125 na-

343 2147 488 2189 turam,
518 2148 555 2178 et
581 2141 793 2178 secundum
827 2142 1036 2179 humanam
1075 2142 1401 2179 consuetudinem.

345 2195 421 2231 Sed
450 2195 524 2230 hoc
543 2207 622 2231 non
640 2191 772 2231 habuit
790 2195 850 2230 lex
868 2202 998 2232 vetus:
1028 2194 1116 2232 dicit
1135 2195 1236 2232 enim
1256 2196 1402 2241 Petrus,

342 2247 425 2284 Act.
441 2246 535 2284 xv*:
561 2247 661 2289 Quid
673 2247 817 2284 tentatis
836 2248 1028 2296 imponere
1046 2248 1178 2298 iugum
1196 2260 1308 2296 super
1327 2260 1405 2284 cer-

343 2300 463 2337 vicem
482 2300 760 2348 discipulorum,
781 2301 883 2348 quod
899 2312 1019 2349 neque
1036 2312 1115 2347 nos,
1145 2312 1263 2350 neque
1277 2307 1405 2349 patres

345 2353 473 2400 nostri,
487 2359 645 2402 portare
663 2353 884 2401 potuimus?
912 2354 1013 2402 Ergo
1041 2354 1190 2392 videtur
1218 2355 1324 2403 quod
1347 2355 1405 2391 lex

343 2414 455 2444 vetus
482 2418 562 2443 non
590 2405 700 2443 fuerit
728 2407 841 2443 bona.

399 2459 474 2496 SED
489 2471 636 2496 CONTRA
650 2471 717 2496 Es'r
731 2459 835 2508 quod
851 2460 1058 2508 Apostolus
1079 2459 1178 2508 dicit,
1187 2461 1300 2498 Rom.
1312 2460 1404 2497 vi1*:

343 2513 478 2561 Itaque
506 2513 569 2549 lex
595 2513 744 2561 quidem
771 2518 901 2549 sancta
929 2518 992 2558 est,
1021 2518 1058 2549 et
1082 2514 1301 2551 mandatum
1320 2525 1406 2550 san-

345 2570 444 2602 ctum
473 2570 509 2602 et
534 2566 670 2603 iustum
698 2571 735 2602 et
761 2566 912 2602 honum.

399 2618 624 2655 Ruspounzo
644 2630 828 2655 mcaNDUM
849 2618 951 2667 quod
981 2619 1123 2667 absque
1152 2619 1258 2657 omni
1287 2619 1403 2657 dubio

344 2670 405 2708 lex
431 2677 541 2708 vetus
569 2672 673 2708 bona
700 2671 779 2708 fuit.
819 2671 925 2708 Sicut
953 2671 1055 2708 enim
1085 2671 1255 2710 doctrina
1282 2681 1408 2710 osten-

346 2722 446 2760 ditur
473 2735 555 2760 esse
583 2736 676 2761 vera
703 2736 749 2760 ex
776 2725 851 2760 hoc
869 2724 974 2773 quod
994 2732 1178 2762 consonat
1196 2725 1330 2762 rationi
1350 2738 1406 2763 re-

347 2782 440 2823 ctae,
470 2776 520 2812 ita
549 2776 661 2812 etiam
688 2777 747 2813 lex
767 2777 890 2825 aliqua
909 2777 1119 2814 ostenditur
1137 2790 1219 2815 esse
1239 2775 1341 2816 bona
1361 2791 1407 2816 ex

347 2839 395 2865 eo
423 2829 530 2876 quod
558 2837 743 2866 consonat
770 2829 916 2867 rationi.
951 2830 1030 2867 Lex
1057 2838 1183 2868 autem
1210 2838 1321 2869 vetus
1349 2844 1406 2868 ra-

346 2881 439 2919 tioni
460 2882 707 2919 consonabat.
728 2882 829 2929 Quia
855 2883 1202 2931 concupiscentiam
1223 2885 1403 2933 reprime-

347 2935 422 2981 bat,
443 2946 542 2982 quae
562 2934 697 2972 rationi
717 2935 956 2982 adversatur;
977 2943 1019 2973 ut
1036 2943 1139 2985 patet
1157 2937 1195 2974 in
1213 2937 1277 2974 illo
1298 2950 1405 2975 man·

348 2988 458 3034 dam,
490 2988 582 3024 Non
619 2989 853 3037 concupisces
884 3001 965 3026 rem
990 2990 1164 3037 proximi
1199 2991 1254 3027 tui
1262 2991 1407 3039 „quod

346 3040 500 3090 ponitur
530 3041 655 3077 Exod.
678 3052 727 3078 xx
749 3040 779 3078 ²¹².
813 3043 900 3090 Ipsa
934 3041 1048 3079 etiam
1086 3042 1216 3081 omnia
1251 3051 1408 3092 peccata

346 3093 586 3142 prohibebat,
606 3105 706 3141 quae
725 3101 812 3131 sunt
830 3102 961 3131 contra
979 3095 1177 3134 rationem.
1198 3096 1309 3133 Unde
1328 3109 1408 3133 ma-

347 3146 525 3184 nifestum
555 3154 610 3183 est
637 3146 743 3195 quod
772 3147 874 3184 bona
907 3154 996 3184 erat.
1032 3148 1082 3184 Et
1106 3148 1202 3185 haec
1230 3156 1286 3186 est
1314 3149 1408 3186 ratio

346 3199 533 3248 Apostoli,
553 3201 666 3237 Rom.
686 3211 734 3236 vu
749 3199 784 3236 *ε
811 3199 1064 3246 Condelector,
1084 3199 1214 3249 inquit,
1235 3201 1314 3251 legi
1336 3203 1411 3239 Dei

345 3253 550 3290 secundum
571 3252 785 3289 interiorem
803 3252 1014 3298 hominem;
1044 3260 1080 3289 et
1097 3252 1287 3291 iterum*:
1313 3255 1409 3291 Con-

345 3306 463 3343 sentio
491 3305 577 3355 legi,
607 3306 784 3354 quoniam
814 3306 912 3342 hona
939 3311 1003 3342 est.

401 3476 552 3509 a)'obliget.
565 3491 582 3494 —
601 3476 718 3509 obligent
736 3477 766 3501 B.

489 3529 599 3554 Summa
618 3529 719 3554 Timor.
739 3529 770 3554 D.
783 3529 897 3554 ’ramma
916 3529 949 3554 Τ.
967 3530 1008 3554 IV.

1434 3472 1438 3511 Ι

841 1161 867 1184 2;
887 1153 931 1178 Ad
948 1153 1035 1182 Rom„
1054 1160 1109 1185 cap.
1127 1159 1172 1181 vn,
1191 1152 1248 1176 lect.
1267 1158 1294 1180 ιι,
1314 1158 1358 1182 ιιι;
1377 1151 1420 1175 Ad
1442 1151 1541 1181 Galat„
1561 1159 1616 1184 cap.
1635 1159 1672 1182 111,
1693 1152 1750 1176 lect.
1769 1159 1814 1182 vn,
1834 1159 1895 1183 vu1;
1914 1153 1922 1176 l
1947 1152 2021 1181 Tim„
2041 1160 2098 1185 cap.
2116 1160 2132 1183 ι,
2153 1153 2209 1177 lect.
2227 1161 2264 1177 111.

1451 1240 1576 1287 habet,
1593 1247 1634 1276 ut
1653 1240 1859 1288 Dionysius
1888 1240 1986 1284 dicit,
2007 1253 2042 1278 ιν
2063 1254 2143 1289 cap.
2165 1242 2210 1278 de
2233 1243 2320 1279 Diu.
2341 1243 2457 1280 Nom.
2474 1243 2510 1279 *z

1452 1300 1508 1329 est
1537 1293 1638 1329 enim
1667 1293 1820 1342 aliquod
1855 1294 2000 1330 bonurn
2032 1295 2263 1342 perfectum,
2293 1303 2329 1332 et
2357 1296 2512 1344 aliquod

1452 1346 1597 1382 bonum
1617 1346 1893 1394 imperfectum.
1911 1347 2081 1383 Perfecta
2101 1347 2255 1394 quidem
2277 1349 2424 1385 bonitas
2445 1357 2511 1395 est,

1452 1398 1490 1435 in
1517 1398 1575 1435 his
1603 1411 1701 1448 quae
1729 1399 1778 1435 ad
1806 1400 1923 1436 finem
1945 1399 2175 1446 ordinantur,
2197 1402 2351 1449 quando
2373 1402 2513 1451 aliquid

1454 1459 1508 1488 est
1544 1452 1616 1488 tale
1651 1452 1756 1499 quod
1784 1464 1852 1501 per
1883 1465 1923 1488 se
1953 1452 2143 1489 sufficiens
2178 1461 2231 1489 est
2258 1454 2436 1491 Inducere
2466 1455 2513 1491 ad

1453 1505 1588 1541 finem:
1613 1505 1878 1553 imperfectum
1898 1513 2024 1542 autem
2049 1506 2195 1542 bonum
2222 1514 2275 1542 est
2301 1507 2404 1555 quod
2425 1520 2514 1556 ope-

1454 1565 1555 1594 ratur
1581 1558 1720 1606 aliquid
1741 1558 1790 1594 ad
1808 1559 1882 1594 hoc
1902 1559 2007 1606 quod
2036 1558 2278 1606 perveniatur
2305 1559 2355 1596 ad
2381 1560 2513 1606 finem,

1454 1623 1531 1647 non
1561 1619 1690 1647 tamen
1718 1611 1857 1647 sufficit
1889 1611 1938 1648 ad
1970 1611 2045 1647 hoc
2074 1611 2178 1660 quod
2207 1612 2255 1648 ad
2284 1612 2402 1649 finem
2430 1626 2514 1662 per-

1455 1665 1578 1700 ducat.
1619 1664 1723 1700 Sicut
1757 1663 1945 1701 medicina
1977 1665 2142 1712 perfecte
2181 1665 2284 1701 bona
2321 1673 2377 1702 est
2418 1679 2515 1715 quae

1454 1716 1652 1753 hominem
1686 1724 1813 1754 sanat:
1842 1717 2063 1765 imperfecta
2092 1725 2218 1754 autem
2247 1726 2301 1754 est
2329 1731 2427 1766 quae
2446 1720 2515 1756 ho—

1455 1770 1599 1806 minem
1637 1769 1812 1817 adiuvat,
1841 1770 1908 1806 sed
1941 1777 2069 1807 tamen
2102 1782 2236 1807 sanare
2268 1783 2346 1808 non
2378 1779 2513 1820 potest.

1456 1824 1522 1859 Est
1556 1830 1684 1859 autem
1718 1822 1915 1860 sciendum
1953 1823 2057 1872 quod
2091 1831 2147 1860 est
2178 1823 2273 1860 alius
2307 1824 2393 1861 finis
2426 1826 2516 1873 legis

1455 1877 1659 1922 humanae,
1689 1883 1725 1912 et
1753 1876 1846 1912 alius
1874 1875 1965 1923 legis
1995 1876 2157 1914 divinae.
2187 1877 2299 1924 Legis
2323 1878 2424 1914 enim
2447 1879 2516 1914 hu-

1456 1941 1593 1965 manae
1622 1928 1708 1966 finis
1738 1936 1794 1966 est
1820 1929 2039 1977 temporalis
2067 1930 2307 1978 tranquillitas
2342 1930 2514 1978 civitatis,

1457 1982 1505 2018 ad
1533 1994 1648 2030 quem
1668 1982 1787 2018 finem
1806 1982 1980 2031 pervenit
1999 1983 2056 2019 lex
2078 1982 2294 2020 cohibendo
2316 1984 2516 2021 exteriores

1457 2042 1572 2082 actus,
1603 2042 1787 2083 quantum
1817 2036 1865 2072 ad
1893 2034 1954 2071 illa
1974 2036 2073 2072 mala
2093 2048 2191 2083 quae
2209 2035 2403 2084 possunt?
2431 2050 2515 2085 per-

1456 2089 1607 2124 turbare
1642 2088 1846 2136 pacificum
1875 2095 2013 2125 statum
2047 2088 2215 2125 civitatis.
2255 2089 2356 2126 Finis
2389 2098 2516 2126 autern

1456 2141 1548 2189 legis
1585 2141 1735 2178 divinae
1769 2149 1824 2178 est
1854 2142 2065 2189 perducere
2096 2142 2294 2178 hominem
2322 2142 2371 2179 ad
2398 2143 2517 2179 finem

1458 2194 1638 2231 felicitatis
1672 2202 1868 2240 aeternae;
1902 2194 1967 2243 qui
2000 2195 2155 2243 quidem
2192 2195 2278 2232 finis
2314 2195 2519 2244 impeditur

1458 2260 1526 2296 per
1559 2247 1831 2295 quodcumque
1864 2255 2086 2295 peccatum,
2117 2255 2154 2283 et
2185 2260 2263 2284 non
2296 2249 2420 2285 solum
2453 2262 2520 2297 per

1459 2309 1564 2337 actus
1583 2300 1797 2347 exteriores,
1818 2299 1886 2337 sed
1906 2300 2019 2337 etiam
2037 2313 2106 2349 per
2124 2300 2331 2338 interiores.
2361 2302 2410 2338 Et
2432 2302 2518 2339 ideo

1458 2354 1549 2391 illud
1578 2354 1683 2401 quod
1712 2353 1850 2398 sufficit
1881 2353 1930 2390 ad
1961 2353 2234 2402 perfectionem
2262 2354 2353 2402 legis
2386 2355 2519 2392 huma-

1460 2419 1542 2453 nae,
1572 2414 1614 2443 ut
1640 2406 1778 2443 scilicet
1805 2414 1962 2454 peccata
1987 2407 2189 2455 prohibeat
2213 2415 2249 2443 et
2267 2419 2434 2455 poenam
2456 2421 2519 2456 ap-

1459 2467 1589 2508 ponat,
1610 2472 1689 2496 non
1717 2459 1856 2496 sufficit
1880 2459 1928 2496 ad
1947 2461 2219 2508 perfectionem
2239 2460 2330 2508 legis
2350 2460 2518 2497 divinae:

1461 2514 1527 2550 sed
1556 2519 1706 2561 oportet
1741 2514 1844 2560 quod
1880 2512 2079 2550 hominem
2112 2512 2273 2549 totaliter
2304 2513 2414 2550 faciat
2440 2514 2520 2550 ido-

1456 2579 1576 2603 neum
1593 2566 1641 2602 ad
1656 2565 1982 2614 participationem
1998 2566 2179 2602 felicitatis
2199 2574 2385 2603 aeternae.
2404 2566 2519 2612 Quod

1460 2619 1615 2668 quidem
1645 2618 1728 2655 fieri
1753 2631 1831 2656 non
1856 2626 1981 2667 potest
2004 2619 2074 2656 nisi
2094 2631 2163 2668 per
2181 2619 2336 2666 gratiam
2362 2619 2519 2667 Spiritus

1462 2672 1600 2719 Sancti,
1629 2684 1698 2720 per
1725 2683 1842 2720 quam
1871 2671 2094 2721 diffunditur
2121 2672 2258 2708 caritas
2285 2672 2321 2707 in
2347 2672 2520 2708 cordibus

1461 2726 1594 2762 nostris
1612 2725 1643 2771 ²¹²,
1673 2737 1771 2773 quae
1796 2725 1919 2772 legem
1944 2725 2144 2774 adimplet:
2172 2725 2298 2773 gratia
2320 2724 2420 2760 enirn
2448 2725 2523 2761 Dei
2549 2733 2556 2740 ·

1459 2779 1536 2816 vita
1564 2784 1737 2823 aeterna,
1766 2785 1808 2814 ut
1840 2777 1974 2814 dicitur
2001 2779 2112 2815 Rom.
2134 2789 2167 2813 vi
2188 2777 2217 2812 ²¹⁶.
2249 2778 2358 2813 Hanc
2392 2785 2519 2814 autem
2550 2791 2556 2798 ·
2596 2795 2619 2810 er

1461 2831 1619 2879 gratiam
1648 2832 1707 2867 lex
1725 2838 1835 2867 vetus
1860 2831 2032 2868 conferre
2051 2843 2129 2867 non
2148 2829 2281 2878 potuit,
2301 2831 2520 2867 reservaba—

2539 1251 2750 1273 ·S.Th.1ect.xv1.

1460 2893 1521 2921 tur
1540 2884 1642 2921 enim
1663 2884 1739 2920 hoc
1758 2883 1908 2920 Christo
1924 2883 1960 2919 *z
1982 2883 2081 2931 quia,
2102 2891 2142 2919 ut
2167 2882 2300 2919 dicitur
2319 2884 2422 2919 Ioan.
2439 2883 2519 2929 1**‚
2549 2889 2570 2924 ;,
2621 2893 2655 2935 ‘¹0

1461 2938 1525 2974 lex
1547 2949 1619 2985 per
1650 2938 1815 2985 Moysen
1844 2937 1931 2973 data
1960 2942 2036 2980 est‚·
2063 2936 2190 2985 gratia
2226 2941 2262 2971 et
2286 2936 2422 2972 veritas
2449 2948 2523 2984 per

1461 2992 1586 3028 Iesum
1621 2990 1807 3027 Christum
1829 2990 1936 3035 facta
1965 2995 2027 3025 est.
2058 2990 2106 3025 Et
2132 2988 2218 3024 inde
2249 2995 2303 3024 est
2331 2988 2436 3037 quod
2459 2990 2518 3026 lex

1461 3051 1572 3081 vetus
1591 3044 1693 3080 bona
1713 3042 1869 3091 quidem
1890 3049 1955 3088 est,
1973 3042 2038 3078 sed
2058 3041 2292 3089 imperfecta;
2308 3042 2521 3079 secundum

1462 3097 1554 3134 illud
1580 3097 1679 3132 Heb.
1696 3094 1793 3131 vu*:
1822 3094 1932 3131 Nihil
1957 3095 2008 3130 ad
2026 3096 2236 3141 perfectum
2264 3094 2424 3131 adduxit
2446 3095 2520 3132 lex.
2550 3107 2559 3117 ·
2596 3113 2631 3128 es

1516 3151 1575 3185 AD
1603 3159 1740 3184 PRIMUM
1772 3158 1870 3183 ERGO
1903 3158 2086 3183 DlCENDUM
2119 3147 2223 3194 quod
2256 3147 2446 3184 Dominus
2466 3149 2520 3184 lo-

1464 3202 1588 3251 quitur
1623 3200 1673 3236 ibi
1712 3200 1759 3236 de
1791 3199 2001 3248 praeceptis
2036 3199 2394 3246 caeremonialibus;
2421 3213 2520 3249 quae

1465 3254 1618 3303 quidem
1654 3252 1828 3289 dicuntur
1864 3264 1942 3289 non
1979 3253 2100 3299 bona,
2131 3252 2220 3300 quia
2253 3252 2409 3300 gratiam
2445 3266 2522 3291 non

1465 3306 1722 3352 conferebant,
1750 3317 1819 3353 per
1846 3317 1963 3354 quam
1983 3305 2159 3342 homines
2187 3318 2209 3342 a
2237 3314 2393 3354 peccato
2414 3319 2523 3344 mun-

332 3397 335 3401 ,
386 3358 479 3396 'Sed
495 3359 706 3396 notandum
723 3366 779 3396 est
795 3358 899 3408 quod
915 3358 1061 3395 bonum
1082 3358 1254 3396 diversos
1271 3360 1410 3407 gradus
1435 3355 1439 3408 1
1465 3360 1662 3405 darentur,
1692 3370 1781 3394 cum
1809 3366 1937 3395 tamen
1969 3370 2037 3406 per
2065 3358 2285 3397 huiusmodi
2316 3372 2356 3396 se
2391 3372 2523 3408 pecca·

1518 3475 1542 3509 β)
1560 3480 1681 3508 possunt.
1692 3491 1710 3496 -
1725 3480 1834 3509 possent
1852 3477 2055 3502 ABCDFGHIL.
