2840 4010
66 576 76 586 '
86 575 134 603 Qu.
143 581 188 602 ut,
203 578 244 596 art.
255 580 275 596 2·

65 1308 206 1336 'Annum

74 1342 107 1358 ⁴121
119 1341 160 1357 n·
185 1338 221 1357 ἱ
251 1346 256 1349 ·

74 1371 92 1384 s.
106 1362 152 1388 ,11¹⁴
162 1368 190 1384 ,Ἠ
222 1371 225 1381 ;

101 1413 104 1416 ⁴
128 1395 176 1416 ·5-*2
192 1396 200 1409 f

61 2039 75 2052 ⁴
89 2038 126 2062 Cf.
140 2028 183 2062 m}
198 2044 218 2061 2.

65 264 133 292 'Qu
145 270 222 290 um
233 266 276 284 m
304 265 374 302 per
401 260 598 301 peccatum
625 253 738 301 primi
757 253 932 302 parentis,
953 253 1048 289 sicut
1075 252 1152 289 iarn
1172 251 1192 273 ’³‘
1221 252 1360 288 dictum
1388 267 1389 304 3

241 1282 279 1285 ,⁴
291 1244 604 1300 quiffincliiiatio
639 1253 688 1290 ad
715 1253 863 1290 bonum
891 1252 1037 1289 virtutis
1064 1251 1103 1288 in
1129 1263 1363 1300 unoquoque

950 174 1214 221 QUAESTIO
1245 174 1432 222 LXXXV,
1463 178 1756 214 ARTICULUS
1784 179 1833 214 111

305 313 371 342 est.
402 306 451 341 Et
477 305 573 342 ideo
594 317 729 342 omnes
748 306 848 343 vires
878 305 1025 342 animae
1040 311 1245 341 remanent
1266 317 1362 351 quo-

306 357 514 394 dammodo
545 357 741 395 destitutae
769 357 924 407 proprio
954 357 1098 403 ordine,
1115 368 1192 405 quo
1213 364 1362 392 natura-

304 410 385 447 liter
417 410 638 448 ordinantur
675 412 723 448 ad
756 411 956 448 virtutem:
987 417 1023 446 et
1056 410 1137 457 ipsa
1172 408 1360 445 destitutio

304 462 515 500 vulneratio
549 472 705 501 naturae
734 463 878 500 dicitur.
918 463 1014 499 Sunt
1041 469 1170 501 autern
1200 469 1362 508 quatuor
1388 502 1390 513 ι

304 515 493 564 potentiae
522 516 672 553 animae
702 527 799 564 quae
821 522 981 564 possunt
1000 519 1083 550 esse
1102 513 1270 550 subiecta
1288 513 1362 550 vir·
1388 524 1390 532 ¹

304 575 439 614 tutum,
460 575 502 605 nt
520 581 634 617 supra
647 568 668 590 '¹‘
687 568 830 605 dictum
850 574 919 603 est:
945 566 1084 603 scilicet
1102 566 1208 612 ratio,
1229 565 1267 602 in
1287 578 1362 614 qua

306 621 361 657 est
386 621 606 670 prudentia;
634 621 822 667 voluntas,
852 619 890 656 in
919 631 994 667 qua
1023 626 1078 655 est
1105 618 1261 663 iustitia;
1291 619 1362 655 ira-

305 671 462 721 scibilis,
491 673 531 710 in
558 685 634 722 qua
662 677 718 710 e‘st
743 671 944 716 fortitudo;
975 671 1293 720 concupiscibilis,
1323 671 1362 707 in

305 737 380 773 qua
408 733 464 767 est
498 726 758 774 temperantia.
790 726 1019 772 Inquantum
1049 736 1139 772 ergo
1175 724 1270 761 ratio
1297 724 1362 760 de-

305 777 463 815 stituitur
490 790 559 815 suo
589 778 721 815 ordine
749 778 797 814 ad
826 782 978 823 verum,
1009 785 1064 814 est
1091 778 1231 814 vulnus
1258 776 1362 824 igno-

305 830 468 876 rantiae3
497 831 722 878 inquantum
746 842 840 867 vero
869 831 1045 867 voluntas
1075 829 1285 867 destituitur
1304 841 1362 865 or-

306 883 392 920 dine
417 883 465 920 ad
493 884 651 930 bonurn,
682 891 737 919 est
763 884 902 919 vulnus
923 883 1108 928 malitiae;
1137 882 1362 930 inquantum

304 947 397 972 vero
426 935 619 972 irascibilis
648 935 858 972 destituitur
877 948 947 972 suo
968 936 1100 973 ordine
1120 935 1168 972 ad
1188 934 1362 981 arduum,

305 995 360 1024 est
378 989 516 1025 vulnus
544 988 791 1034 infirmitatis;
822 989 1046 1037 inquantum
1065 1000 1159 1025 vero
1185 987 1362 1035 concupi-

304 1040 444 1077 scentia
473 1041 683 1078 destituitur
712 1041 843 1078 ordine
873 1042 919 1078 ad
949 1041 1167 1078 delectabile
1186 1041 1363 1078 modera-

303 1101 384 1130 tum
413 1093 570 1141 ratione,
601 1102 656 1130 est
683 1095 822 1131 vulnus
852 1093 1188 1142 concupiscentiae.

357 1145 420 1187 Sic
438 1145 548 1194 igitur
567 1146 636 1183 ista
657 1154 820 1195 quatuor
848 1154 934 1183 sunt
951 1147 1110 1183 vulnera
1138 1145 1279 1182 inflicta
1297 1145 1364 1182 toti
1390 1167 1392 1198 Ξ

302 1198 495 1242 humanae
524 1207 679 1243 naturae
709 1212 754 1236 ex
771 1207 927 1258 peccato
948 1198 1060 1248 primi
1078 1197 1256 1248 parentis.
1287 1198 1364 1235 Sed

304 1302 526 1342 diminuitur
561 1317 630 1354 per
655 1312 856 1354 peccatum
885 1306 1048 1353 actuale,
1075 1311 1118 1341 ut
1145 1316 1191 1340 ex
1220 1302 1325 1340 dictis
1344 1303 1365 1326 ‘¹‘

302 1362 416 1405 patet,
437 1365 473 1394 et
490 1357 560 1395 ista
579 1366 665 1395 sunt
682 1365 845 1406 quatuor
859 1358 1018 1395 vulnera
1037 1369 1083 1394 ex
1101 1356 1181 1394 aliis
1200 1357 1363 1405 peccatis

303 1409 590 1469 consequentia:
620 1410 844 1470 inquantum
863 1410 1006 1448 scilicet
1023 1421 1092 1460 per
1109 1416 1308 1460 peccatum
1329 1417 1364 1447 et

303 1461 398 1499 ratio
421 1463 630 1510 hebetatur,
651 1463 855 1512 praecipue
875 1463 913 1500 in
933 1463 1102 1511 agendis;
1128 1469 1164 1499 et
1187 1463 1364 1503 voluntas

302 1514 498 1552 induratur
529 1515 578 1552 ad
610 1516 777 1562 bonum;
809 1524 845 1553 et
878 1516 1002 1554 maior
1035 1515 1234 1556 difficultas
1265 1516 1364 1552 bene

302 1560 438 1657 {ligendi
466 1568 660 1615 accrescit3
696 1576 731 1606 et
765 1568 1070 1618 concupiscentia
1105 1568 1226 1616 magis
1261 1581 1364 1605 exar-

329 1627 420 1662 escit

2403 182 2470 217 113

1469 258 1526 291 AD
1556 267 1692 293 PRIMUM
1720 268 1817 293 ERGO
1847 269 2030 294 D1CENDUM
2059 258 2165 316 quod
2186 258 2276 294 nihil
2301 260 2473 307 prohibet

1416 306 1452 342 id
1483 308 1586 366 quod
1616 316 1671 345 est
1699 309 1855 346 effectus
1883 310 1993 346 unius
2020 311 2176 358 peccati,
2207 323 2288 347 esse
2318 324 2471 349 causam

1415 360 1558 406 peccati
1588 361 1746 398 alterius.
1767 360 1834 398 Ex
1863 363 1937 398 hoc
1965 363 2064 399 enim
2086 363 2190 411 quod
2215 363 2342 401 anima
2365 365 2472 401 deor-

1417 410 1565 448 dinatur
1587 424 1656 460 per
1674 422 1872 461 peccatum
1893 415 2139 463 praecedens,
2159 416 2301 453 facilius
2320 417 2471 454 inclina-

1416 469 1475 498 tur
1503 464 1551 499 ad
1578 466 1826 512 peccandum.

1469 517 1527 551 AD
1556 528 1743 554 SECUNDUM
1772 530 1954 556 mcaNDUM
1974 521 2078 568 quod
2098 521 2239 558 malitia
2258 534 2336 558 non
2356 523 2470 558 sumi-

1417 573 1476 602 tur
1503 567 1563 603 hic
1591 581 1660 615 pro
1689 579 1866 617 peccato,
1896 572 1962 609 sed
1990 585 2059 620 pro
2093 574 2258 622 quadam
2285 575 2470 623 pronitate

1415 619 1618 656 voluntatis
1656 621 1702 657 ad
1741 624 1910 669 malum;
1948 626 2158 663 secundum
2196 627 2300 675 quod
2338 627 2472 664 dicitur

1421 671 1512 708 Gen.
1533 671 1787 710 V111*·.Pr0ni
1811 682 1896 712 sunt
1921 689 2048 714 sensus
2066 679 2226 716 hominis
2252 680 2304 716 ad
2328 680 2506 717 malum·

1417 725 1465 760 ab
1493 724 1739 762 adolescentia
1766 739 1847 764 sua.

1470 778 1527 812 AD
1548 789 1706 814 TERTmM
1725 790 1907 816 DICENDUM
1922 781 2037 828 quod,
2055 783 2148 819 sicut
2167 796 2278 832 supra
2293 784 2313 806 '²‘
2328 785 2469 822 dictum

1418 836 1483 875 est,
1515 830 1818 878 concupiscentia
1843 832 2026 869 intantum
2048 842 2102 870 est
2120 837 2294 873 naturalis
2313 837 2470 884 homini,

1417 881 1641 929 inquantum
1662 883 1833 920 subditur
1857 884 1999 921 rationi.
2032 887 2146 932 Quod
2170 896 2296 925 autem
2317 890 2471 926 excedat

1416 934 1550 971 limites
1579 935 1742 982 rationis,
1772 937 1847 972 hoc
1876 945 1930 973 est
1956 938 2102 974 homini
2131 949 2260 977 contra
2284 949 2467 978 naturam.

1470 989 1528 1024 AD
1558 999 1728 1030 QUARTUM
1758 1000 1939 1026 DICENDUM
1964 991 2068 1038 quod
2088 991 2284 1029 infirmitas
2305 1007 2471 1030 commu-

1418 1039 1513 1076 niter
1540 1048 1665 1088 potest
1694 1041 1764 1077 dici
1795 1042 1921 1078 omnis
1949 1043 2086 1091 passio,
2106 1044 2338 1102 inquantum
2369 1047 2471 1083 debi-

1418 1093 1494 1129 litat
1513 1094 1629 1130 robur
1649 1093 1797 1130 animae
1819 1102 1854 1130 et
1873 1094 2030 1154 impedit
2049 1096 2244 1134 rationem.
2274 1099 2347 1135 Sed
2368 1099 2472 1135 Beda

1418 1146 1561 1205 accepit
1588 1146 1844 1183 infirmitatem
1873 1148 2007 1195 stricte,
2037 1150 2248 1186 secundum
2277 1151 2382 1198 quod
2406 1164 2472 1200 op-

1417 1199 1570 1247 ponitur
1598 1199 1818 1246 fortitudini,
1848 1212 1945 1248 quae
1972 1202 2133 1249 pertinet
2161 1203 2208 1240 ad
2234 1203 2470 1240 irascibilem.

1470 1254 1528 1288 AD
1549 1264 1710 1294 QUiNTUM
1729 1265 1912 1290 DICENDUM
1937 1255 2041 1302 quod
2070 1254 2268 1292 difficultas
2288 1268 2386 1304 quae
2405 1269 2472 1305 po-

1417 1304 1515 1341 nitur
1542 1304 1580 1342 in
1608 1305 1701 1341 libro
1726 1306 1923 1365 Augustini
1948 1304 1973 1354 ὅ,
2003 1307 2158 1344 includit
2184 1308 2253 1345 ista
2280 1309 2349 1346 tria
2375 1321 2471 1358 quae

1417 1357 1605 1416 pertinent
1631 1358 1678 1394 ad
1707 1358 1930 1407 appetitivas
1962 1360 2168 1407 potentias,
2198 1361 2336 1398 scilicet
2367 1362 2473 1399 mali-

1418 1410 1520 1457 tiam,
1537 1410 1792 1447 infirmitatem
1810 1419 1845 1448 et
1861 1411 2218 1460 concupiscentiam.
2240 1426 2285 1450 ex
2299 1414 2356 1451 his
2372 1415 2472 1451 enirn

1418 1462 1535 1499 tribus
1565 1463 1743 1511 contingit
1770 1464 1875 1512 quod
1903 1465 2036 1514 aliquis
2063 1478 2142 1502 non
2165 1466 2271 1503 facile
2299 1467 2418 1504 tendit
2435 1467 2474 1504 in

1418 1516 1575 1552 bonum.
1607 1517 1724 1552 Error
1748 1523 1875 1553 autem
1905 1525 1940 1554 et
1968 1518 2077 1554 dolor
2105 1526 2191 1555 sunt
2209 1519 2367 1556 vulnera
2386 1532 2474 1556 con-

1419 1568 1633 1616 sequentia:
1664 1581 1709 1605 ex
1736 1570 1810 1605 hoc
1834 1569 1935 1606 enim
1961 1570 2092 1618 aliquis
2117 1571 2229 1619 dolet,
2251 1573 2355 1620 quod
2373 1572 2473 1609 infir-

1419 1629 1543 1658 matur
1571 1621 1667 1658 circa
1696 1634 1740 1658 ea
1769 1634 1865 1670 quae
1895 1623 2134 1672 concupiscit.

312 1724 315 1726 ’
355 1728 380 1762 ὃ)
400 1729 426 1754 in
447 1729 514 1754 libro
532 1730 686 1763 Augustini.
703 1744 722 1749 —
740 1730 773 1755 ab
791 1730 942 1763 Augustino
961 1731 1007 1755 Pa.

986 1791 1315 1825 Commentaria
1338 1781 1585 1823 cardinalis
1608 1791 1805 1824 Caietam

330 1872 352 1893 a
376 1862 509 1894 articulo
532 1862 624 1893 tertio
645 1861 789 1892 eiusdem
803 1861 1145 1903 octogesimaequintae
1161 1861 1364 1902 quaestionis,

305 1873 468 1940 Idubium
484 1906 619 1937 occurrit
633 1905 713 1936 circa
729 1906 859 1936 vulnera
873 1906 1023 1944 humana,
1032 1906 1143 1947 quoad
1155 1906 1231 1936 duo.
1247 1906 1364 1956 Primo,

302 1950 470 1994 quomodo
493 1950 624 1981 vulnera
638 1950 698 1980 ista
714 1949 887 1981 consistant
901 1949 934 1980 in
950 1949 1153 1982 destitutione
1167 1950 1283 1980 virium
1299 1950 1364 1980 ani-

301 1997 373 2026 mae
396 2005 414 2024 a
436 1994 566 2035 proprio
591 1993 701 2024 ordine
726 1993 860 2024 naturali
883 1994 923 2024 ad
945 1994 1105 2025 virtutem.
1129 1993 1245 2035 Quia
1236 2004 1269 2024 1n
1297 1993 1365 2024 arti-

303 2035 381 2069 culis
396 2037 579 2068 immediate
593 2038 853 2078 praecedentibus
863 2037 882 2056 *
897 2037 1017 2069 dictum
1034 2045 1080 2070 est
1095 2039 1183 2079 quod
1199 2045 1363 2078 peccatum

259 2119 262 2121 ,
302 2083 429 2113 nullum
446 2089 574 2113 naturae
597 2083 720 2112 bonum
743 2082 835 2118 tollit,
861 2082 915 2112 sed
938 2082 1055 2113 minuit
1077 2087 1201 2114 tantum
1222 2082 1365 2113 habilita-

302 2134 367 2158 tem
389 2136 446 2166 per
468 2126 714 2167 appositionem.
739 2126 826 2157 Haec
849 2125 935 2156 enim
958 2126 1017 2157 sibi
1039 2126 1175 2157 invicem
1199 2126 1363 2156 adversan-

301 2178 362 2208 tur,
379 2170 490 2202 tollere
505 2170 651 2201 ordinem
665 2170 842 2201 naturalem
858 2170 1018 2211 potentiae
1033 2171 1073 2201 ad
1087 2171 1224 2207 bonum;
1241 2177 1272 2201 et
1286 2170 1364 2200 nihil

301 2215 421 2251 tollere,
445 2214 501 2245 sed
522 2213 789 2255 impedimentum
813 2224 982 2255 apponere.
1103 2241 1105 2243 ,

357 2257 514 2294 Secundo,
532 2258 699 2300 quomodo
714 2257 794 2288 ordo
810 2257 868 2289 iste
884 2265 931 2289 est
944 2258 1108 2295 naturalis,
1129 2265 1159 2289 et
1174 2265 1281 2288 tamen
1296 2268 1362 2288 non

300 2304 441 2333 remanet
462 2302 495 2332 in
517 2302 636 2332 viribus
659 2302 783 2332 animae
807 2300 866 2333 sibi
890 2301 1051 2333 derelictis.
1081 2302 1179 2339 Quod
1207 2302 1293 2332 enim
1318 2310 1364 2333 est

301 2346 442 2377 naturale
465 2346 568 2382 alicui,
593 2355 659 2376 non
683 2353 865 2377 removetur
883 2347 922 2377 ab
945 2356 983 2377 eo
1007 2356 1044 2377 ex
1063 2356 1103 2378 eo
1126 2346 1214 2387 quod
1237 2346 1296 2377 sibi
1315 2357 1362 2377 re-

299 2389 462 2431 linquitur,
481 2390 607 2422 sublato
623 2390 852 2430 supernaturali
876 2391 980 2421 bono:
1003 2390 1104 2421 immo
1120 2390 1154 2421 in
1169 2390 1363 2421 naturalibus

300 2434 500 2475 relinquitur.
521 2434 710 2474 Repugnare
730 2444 805 2475 ergo
819 2434 946 2466 videturv
959 2434 1140 2466 naturalitas
1159 2434 1228 2465 talis
1243 2435 1362 2465 ordinis

300 2478 575 2510 non-remansioni
598 2478 740 2508 eiusdem
763 2478 796 2508 in
821 2485 932 2509 natura
955 2478 1014 2508 sibi
1036 2478 1098 2518 ipsi
1121 2478 1276 2510 derelicta.

355 2523 393 2554 ΙΙ.
415 2523 467 2553 Ad
490 2522 632 2562 primum
655 2522 773 2552 horum
797 2522 910 2553 dicitur
932 2522 1021 2563 quod
1043 2522 1112 2562 ipsa
1136 2522 1297 2553 destitutio
1316 2522 1360 2552 vi-

299 2566 383 2597 rium
406 2566 529 2597 animae
559 2566 598 2596 ab
628 2566 739 2596 ordine
763 2566 884 2602 debito,
910 2565 989 2596 nihil
1018 2565 1103 2597 aliud
1127 2573 1173 2597 est
1195 2576 1293 2608 quam
1317 2566 1361 2596 di-

299 2610 437 2641 minutio
466 2609 634 2641 habilitatis
659 2611 698 2640 ad
721 2611 844 2641 bonum
867 2610 989 2641 virtutis
1018 2611 1149 2650 p'ro'pter
1178 2610 1360 2651 appositum

298 2654 574 2695 impedimentum.
601 2654 733 2685 Sublato
756 2664 895 2695 namque
908 2654 1078 2694 ,originalis
1099 2653 1236 2685 iustitiae
1259 2654 1372 2692 freno„

298 2705 402 2739 partes
430 2698 469 2728 ad
499 2697 627 2738 propria
654 2698 774 2728 habiles
802 2698 940 2729 redditae
968 2705 1056 2734 sunt,
1080 2705 1111 2728 et
1139 2708 1176 2728 ex
1204 2698 1266 2730 hoc
1289 2699 1360 2739 ipso

298 2742 405 2772 minus
428 2741 546 2772 habiles
570 2742 610 2771 ad
633 2742 756 2772 bonurn
778 2742 916 2772 virtutis:
942 2752 978 2772 ex
998 2742 1060 2772 hoc
1079 2742 1199 2782 quippe
1221 2743 1361 2774 redditur

299 2785 403 2816 anima
427 2785 533 2815 minus
556 2785 668 2815 habilis
691 2786 732 2815 ad
755 2796 858 2816 unum
882 2786 1122 2822 contrariorum,
1147 2786 1236 2827 quod
1258 2787 1359 2826 magis

298 2829 466 2860 inclinatur
487 2829 520 2858 in
544 2828 713 2869 reliquum.
738 2829 780 2860 Et
802 2830 883 2860 sicut
905 2830 1026 2860 actuale
1045 2837 1211 2870 peccatum
1235 2837 1281 2861 est
1299 2831 1360 2861 dis-

298 2873 415 2913 positio
440 2879 471 2903 et
492 2872 757 2912 impedimentum
781 2873 871 2904 cuius
901 2874 1102 2914 appositione
1129 2874 1284 2915 minuitur
1306 2875 1360 2905 h'a-

298 2917 400 2948 bilitas
424 2917 463 2947 ad
486 2917 610 2946 bonum
625 2917 747 2948 virtutis
756 2926 763 2954 ;
783 2917 826 2948 ita
842 2918 982 2958 pronitas
997 2917 1249 2959 uniuscuiusque
1264 2918 1359 2959 partis

298 2961 422 2991 animae
444 2960 478 2990 in
501 2960 678 3001 proprium,
702 2971 783 3002 quae
807 2968 853 2992 est
875 2961 1036 2992 materiale
1058 2962 1091 2992 in
1114 2969 1243 3003 peccato
1266 2963 1358 3002 origi-

298 3005 370 3041 nali,
391 3010 437 3035 est
454 3004 721 3044 impedimentum
744 3005 834 3036 cuius
857 3006 1057 3046 appositione
1072 3006 1216 3037 habilitas
1241 3007 1280 3036 ad
1298 3007 1358 3036 vir-

297 3055 398 3080 tutem
422 3047 544 3079 minuta
567 3055 623 3079 est.
646 3049 689 3079 Et
709 3049 778 3080 talis
802 3049 972 3080 diminutio
997 3050 1158 3080 destitutio
1181 3050 1298 3080 virium
1325 3050 1358 3081 in

297 3093 398 3124 littera
421 3092 548 3122 dicitur:
571 3102 639 3122 non
661 3093 750 3134 quod
772 3093 834 3124 sint
857 3094 1022 3124 destitutae
1041 3094 1176 3124 omnino
1193 3094 1231 3124 ab
1247 3094 1358 3125 ordine

296 3136 430 3167 naturali
454 3136 492 3166 ad
511 3135 670 3172 virtutem,
694 3137 747 3167 sed
763 3137 838 3179 quia
854 3145 928 3168 sunt
949 3137 1114 3168 destitutae
1129 3138 1168 3168 ab
1182 3138 1357 3178 integritate

295 3181 380 3211 illius
396 3180 545 3211 naturalis
561 3180 689 3217 ordinis,
704 3181 794 3222 'quod
810 3188 856 3212 est
872 3192 938 3212 esse
958 3181 1147 3212 diminutam
1162 3181 1356 3212 habilitatem

296 3225 335 3255 ad
358 3224 517 3254 virtutem.
542 3224 635 3255 Unde
658 3225 745 3256 nulla
763 3232 810 3256 est
822 3225 1030 3266 repugnantia
1045 3225 1126 3255 inter
1139 3226 1357 3265 praecedentia

296 3275 327 3299 et
349 3275 546 3309 praesentem
570 3268 745 3300 articulum.

353 3313 394 3343 Et
416 3312 494 3343 scito
518 3313 607 3352 quod
629 3312 758 3343 vulnera
786 3313 844 3344 ista
866 3313 899 3343 in
924 3312 1126 3343 destitutione
1150 3312 1231 3342 dicta
1255 3313 1356 3343 consi-

296 3356 417 3392 stentia,
442 3355 608 3396 dupliciter
631 3363 765 3396 possunt
784 3357 981 3388 considerari.
1006 3356 1123 3391 Primo,
1141 3366 1177 3386 ex
1196 3363 1283 3396 parte
1299 3366 1356 3386 no-

296 3400 363 3436 stri,
389 3407 423 3431 ut
447 3400 561 3431 scilicet
585 3410 621 3430 ex
645 3407 752 3431 nostro
776 3408 904 3441 peccato
925 3407 1129 3440 consurgunt.
1154 3400 1195 3430 Et
1211 3400 1263 3435 sic,
1281 3400 1355 3440 quia

295 3444 381 3485 prior
405 3451 450 3474 est
473 3444 506 3474 in
530 3452 659 3484 peccato
684 3445 846 3475 conversio
870 3455 967 3486 quam
988 3444 1116 3479 aversio,
1134 3443 1220 3483 prius
1237 3450 1283 3473 est
1296 3444 1354 3473 im·
1379 3452 1381 3482 ,¹

296 3488 513 3528 pedimentum
533 3488 697 3528 pronitatis
722 3488 844 3519 animae
868 3490 907 3519 ad
926 3489 1057 3523 malum,
1079 3498 1175 3528 quam
1192 3487 1352 3518 destitutio

365 3548 474 3573 Sumus
493 3549 594 3573 Tusci.
614 3548 770 3573 D.T1{0MA1·:
789 3549 821 3574 T.
836 3549 877 3574 lv.

1420 1871 1436 1891 a
1460 1863 1556 1893 bono.
1573 1880 1594 1885 -
1610 1862 1766 1898 Secundo,
1792 1872 1829 1892 ex
1851 1869 1938 1902 parte
1961 1862 2129 1893 deserentis
2152 1863 2277 1903 gratiae.
2301 1864 2341 1894 Et
2363 1864 2406 1894 sic
2430 1873 2474 1895 est

1421 1907 1627 1936 contrarium:
1653 1916 1727 1936 nam
1751 1906 1837 1946 prius
1862 1906 1900 1936 ad
1924 1906 2113 1936 ablationem
2132 1907 2245 1947 gratiae
2265 1908 2404 1948 sequitur
2422 1909 2474 1939 de-

1419 1950 1539 1980 stitutio
1562 1950 1676 1980 virium
1692 1960 1710 1980 a
1725 1951 1812 1980 bono
1835 1950 1968 1986 virtutis,
1993 1957 2023 1980 et
2046 1950 2089 1981 sic
2112 1951 2197 1991 ipsae
2221 1952 2385 1982 destitutae
2406 1959 2473 1983 ten-

1419 1994 1498 2024 dunt
1520 1994 1712 2034 inpropria.
1738 1994 1779 2024 Et
1801 1994 1955 2035 quoniam
1969 1994 2002 2024 in
2018 2002 2146 2034 peccato
2167 1995 2309 2035 originali
2333 1996 2473 2035 primum

1417 2038 1526 2068 locum
1548 2045 1652 2068 tenere
1675 2038 1798 2068 videtur
1821 2038 1954 2078 privatio
1978 2039 2102 2078 gratiae,
2117 2038 2190 2069 ideo
2211 2039 2340 2070 vulnera
2355 2040 2422 2076 ista,
2440 2047 2475 2071 ut

1418 2082 1525 2112 insunt
1549 2092 1584 2112 ex
1607 2089 1736 2122 peccato
1765 2082 1928 2121 originali,
1958 2082 2074 2113 inflicta
2097 2090 2170 2113 sunt
2193 2083 2236 2113 sic
2260 2084 2347 2124 quod
2370 2085 2473 2124 primo

1418 2127 1599 2166 appositum
1616 2133 1662 2157 est
1677 2126 1943 2166 impedimentum
1958 2127 2078 2165 peccati
2095 2127 2263 2167 originalis,
2281 2128 2396 2159 scilicet
2411 2128 2474 2168 pri-

1417 2170 1551 2201 vationis
1576 2170 1709 2200 iustitiae
1733 2169 1892 2209 originalis
1909 2170 2030 2200 debitae
2049 2170 2081 2200 in
2101 2171 2208 2207 nobis;
2233 2178 2262 2202 et
2281 2172 2392 2202 deinde
2421 2172 2473 2202 de-

1418 2215 1542 2245 stitutae
1559 2221 1632 2244 sunt
1649 2214 1729 2244 vires
1745 2215 1783 2244 ab
1801 2214 1911 2244 ordine
1930 2214 1969 2244 ad
1993 2215 2128 2250 bonum;
2154 2222 2184 2245 et
2202 2215 2302 2252 tertio,
2327 2226 2444 2256 pronae
2455 2215 2474 2233 '³‘

1418 2266 1491 2296 sunt
1514 2258 1553 2288 ad
1576 2258 1707 2288 malum.

1473 2303 1524 2332 111.
1549 2302 1600 2332 Ad
1623 2302 1799 2332 secundum
1813 2301 1831 2320 *
1854 2301 1967 2332 dicitur
1989 2302 2087 2342 quod,
2112 2312 2186 2332 cum
2208 2310 2318 2333 natura
2336 2304 2475 2334 humana

1417 2347 1592 2377 secundum
1622 2356 1737 2386 corpus
1761 2345 1801 2376 sit
1830 2345 2012 2376 naturaliter
2041 2347 2218 2386 composita
2246 2357 2282 2377 ex
2315 2348 2474 2378 contrariis

1418 2390 1588 2426 elementis,
1605 2397 1635 2420 et
1650 2390 1826 2420 secundum
1841 2389 1980 2419 animam
1996 2389 2035 2420 sit
2054 2389 2230 2430 c6mposita
2253 2401 2289 2421 ex
2313 2392 2473 2422 contrariis

1417 2435 1622 2475 appetitibus;
1647 2434 1922 2474 quemadmodum
1942 2443 2028 2464 mors
2049 2441 2079 2464 et
2094 2435 2242 2465 naturalis
2266 2442 2321 2471 est,
2347 2442 2377 2466 et
2399 2446 2473 2466 curn

1416 2479 1477 2509 hoc
1501 2488 1604 2518 poena
1620 2478 1738 2518 peccati
1753 2477 1923 2518 originalis,
1939 2484 1975 2508 ut
1988 2477 2021 2508 in
2037 2478 2150 2518 quinto
2174 2486 2205 2509 et
2227 2486 2314 2509 sexto
2338 2479 2473 2510 articulis

1416 2530 1516 2562 patet;
1541 2522 1583 2552 ita
1602 2521 1792 2552 inordinatio
1816 2521 1938 2551 animae
1958 2529 2004 2552 est
2019 2529 2049 2552 et
2065 2523 2222 2558 naturalis,
2241 2529 2271 2552 et
2285 2533 2387 2562 poena
2403 2534 2472 2564 pec-

1417 2567 1475 2597 cati
1493 2566 1663 2606 originalis,
1687 2565 1864 2606 Utrobique
1881 2575 2018 2605 namque
2034 2566 2166 2606 insurgit
2181 2565 2342 2597 infirmitas
2360 2577 2395 2597 ex
2411 2568 2470 2598 hoc

1416 2611 1503 2651 quod
1528 2609 1682 2641 contraria
1704 2609 1839 2640 tendunt
1861 2609 1893 2639 in
1923 2609 2067 2649 propria,
2095 2620 2152 2640 nec
2176 2611 2267 2650 plene
2295 2611 2472 2642 subduntur

1415 2654 1599 2685 harmoniae
1623 2653 1759 2689 debitae,
1781 2654 1837 2683 sed
1859 2654 1898 2683 ab
1921 2653 1975 2683 illa
1997 2654 2179 2684 exorbitant.
2204 2655 2244 2684 Et
2266 2654 2327 2685 hoc
2351 2665 2386 2684 ex
2410 2655 2470 2685 hoc

1415 2699 1484 2739 ipso
1509 2698 1596 2739 quod
1621 2697 1774 2728 contraria
1798 2704 1880 2733 sunt,
1905 2697 2086 2728 naturaliter
2104 2705 2213 2728 natum
2231 2705 2276 2741 est
2290 2699 2469 2737 provenire:

1415 2750 1445 2773 et
1460 2753 1496 2773 ex
1512 2743 1572 2772 hoc
1587 2742 1675 2782 quod
1688 2741 1848 2771 sublatum
1865 2748 1911 2771 est
1926 2741 2060 2771 iustitiae
2076 2741 2233 2781 originalis
2250 2742 2380 2777 donum,
2398 2753 2470 2782 pro-

1413 2787 1523 2817 hibens
1547 2786 1642 2816 talem
1666 2785 1915 2821 exorbstanfiam,
1940 2785 2093 2824 provenit.
2119 2785 2203 2815 Cum
2227 2785 2340 2825 quibus
2364 2793 2468 2816 tamen

1414 2838 1473 2861 stat
1492 2830 1589 2870 quod,
1615 2829 1688 2870 quia
1712 2829 1877 2859 harmonia
1893 2829 2007 2859 virium
2023 2829 2144 2859 animae
2161 2836 2206 2859 est
2222 2829 2395 2859 secundum
2416 2840 2468 2860 na-

1414 2882 1518 2905 turam
1533 2874 1728 2909 rationalem,
1746 2873 1937 2903 dissonantia
1954 2880 2059 2902 autem
2077 2880 2182 2903 contra
2199 2873 2339 2908 eandem,
2357 2874 2468 2904 merito

1414 2919 1474 2950 dici
1495 2924 1600 2958 potest
1622 2917 1710 2958 quod
1734 2917 1813 2946 ordo
1833 2917 1947 2946 virium
1967 2916 2088 2946 animae
2108 2917 2146 2946 ad
2162 2916 2283 2947 virtutis
2302 2917 2434 2953 bonum,
2451 2928 2469 2947 a

1413 2973 1478 3003 quo
1499 2961 1663 2992 destitutae
1683 2967 1765 2996 sunt,
1791 2967 1836 2990 est
1859 2960 2016 2991 naturalis

1467 3006 1524 3036 Est
1543 3005 1638 3045 igitur
1653 3005 1792 3035 humana
1815 3011 1925 3034 natura
1941 3004 1998 3034 sibi
2019 3003 2172 3041 derelicta,
2188 3003 2309 3034 sublata
2325 3004 2469 3044 originali

1411 3050 1538 3086 iustitia,
1553 3050 1724 3084 vulnerata,
1739 3059 1773 3078 ac
1790 3058 1845 3088 per
1860 3048 1921 3078 hoc
1935 3046 2067 3083 infirma,
2080 3047 2112 3076 in
2126 3047 2327 3084 naturalibus,
2340 3047 2420 3079 idest
2434 3049 2467 3079 in

1410 3094 1459 3124 his
1474 3104 1555 3134 quae
1571 3099 1645 3123 sunt
1660 3092 1835 3123 secundum
1855 3098 2012 3126 naturam,
2037 3090 2116 3120 idest
2138 3090 2170 3120 in
2192 3090 2404 3122 habilitatibus
2429 3093 2467 3122 ad

1410 3138 1532 3168 virtutis
1556 3138 1688 3172 bonum,
1714 3143 1743 3166 et
1766 3135 1827 3165 hoc
1843 3145 1898 3174 per
1914 3134 2160 3175 appositionem:
2177 3134 2296 3175 integra
2312 3142 2419 3166 autem
2434 3137 2466 3166 in

1411 3181 1615 3216 naturalibus,
1632 3180 1711 3210 idest
1727 3179 1759 3208 in
1775 3186 1884 3209 natura
1908 3186 1938 3208 et
1960 3178 2007 3208 his
2024 3188 2104 3218 quae
2128 3185 2201 3208 sunt
2217 3189 2234 3208 a
2250 3186 2370 3215 natura,
2387 3179 2467 3211 idest

1411 3225 1569 3265 principiis
1587 3231 1616 3254 et
1630 3222 1787 3263 potentiis,
1806 3228 1835 3252 et
1851 3222 1882 3251 in
1899 3221 2149 3252 ordinationibus
2167 3231 2203 3252 ex
2218 3229 2305 3262 parte
2325 3223 2465 3260 subiecti,

1410 3269 1484 3310 quia
1507 3268 1584 3298 nihil
1599 3277 1655 3307 per
1669 3265 1914 3296 subtractionem
1933 3265 2072 3295 ablatum
2097 3273 2150 3296 est.
2175 3266 2216 3296 Et
2238 3267 2299 3297 hoc
2319 3268 2442 3297 modo
2434 3278 2467 3297 in

1410 3319 1521 3343 natura
1544 3311 1601 3341 sibi
1625 3309 1768 3340 derelicta
1791 3319 1950 3340 remanere
1974 3309 2125 3340 naturalia
2149 3309 2277 3346 sufficit,
2303 3317 2333 3341 et
2356 3311 2466 3341 salvari

1410 3357 1538 3396 integra.
1554 3372 1575 3378 -
1590 3355 1647 3384 Est
1662 3363 1790 3394 quoque
1814 3360 1923 3383 natura
1946 3353 2086 3383 humana
2107 3354 2269 3384 vulnerata
2292 3362 2322 3385 et
2344 3354 2466 3385 infirma

1381 3415 1383 3424 ν
1410 3399 1585 3430 secundum
1610 3404 1753 3428 naturam
1777 3397 1961 3427 rationalem
1978 3404 2012 3427 ut
2031 3397 2088 3427 sic:
2107 3405 2152 3428 est
2171 3405 2277 3428 autem
2292 3398 2324 3428 in
2342 3407 2464 3429 natura-

1408 3443 1490 3473 libus
1507 3443 1625 3481 integra
1640 3441 1814 3471 secundum
1830 3441 1993 3481 utriusque
2010 3441 2195 3471 mixtionem
2215 3449 2352 3477 naturae,
2373 3442 2463 3473 ratio-

1379 3494 1381 3500 '
1409 3487 1485 3517 nalis
1511 3486 1625 3516 scilicet
1649 3493 1678 3515 et
1702 3485 1906 3515 sensitivae.-
1926 3485 1966 3515 Et
1989 3492 2043 3520 est,
2068 3485 2168 3521 tertio,
2194 3494 2302 3516 natura
2326 3487 2463 3516 humana

2293 3546 2320 3570 13

2523 693 2587 715 Vers.
2602 699 2631 714 21.

2498 793 2564 820 ’.Ωιι
2572 798 2657 819 Lxxxn,
2666 796 2709 814 art.

2497 826 2523 848 3,
2538 819 2596 840 adr.

2499 2224 2509 2233 '⁴
2521 2225 2593 2250 prout
2606 2223 2622 2244 Ρ
2637 2227 2658 2244 et
2672 2224 2708 2244 ed.

2501 2255 2551 2277 ¹5¹4·

2501 2314 2508 2321 ·
2525 2311 2560 2333 Cf.
2575 2317 2639 2333 num.
2654 2317 2670 2333 ι.
