2840 4010
89 901 98 910 ”
113 900 139 922 lu
153 906 214 927 resp.
233 900 261 921 ud
275 906 299 925 4.

90 1158 140 1178 ³³⁵³
158 1160 197 1175 ι
216 1162 226 1171 -Λ
240 1158 253 1170 z.

262 1635 269 1650 ²
325 1626 510 1664 miserunt
546 1625 586 1662 in
616 1624 838 1661 adoratione
870 1624 988 1661 vituli.

270 1716 276 1722 ,
325 1679 447 1727 magis
474 1688 594 1726 quam
619 1677 776 1724 vitulus,
801 1676 894 1726 quia
923 1676 976 1714 sic
994 1677 1199 1718 -Dominus
1225 1689 1386 1726 synago-

1025 125 1290 171 QUAESTIO
1321 124 1403 171 CII,
1433 123 1727 161 ARTICULUS
1755 124 1789 160 V

322 205 406 242 ralis
426 204 514 253 quia
533 215 603 252 per
630 204 776 251 lepram
796 202 934 239 domus
963 202 1192 250 significatur
1219 202 1382 238 immun-

323 257 413 295 ditia
428 255 728 304 congregationis
742 255 1032 292 haereticorum.
1045 256 1119 292 Per
1133 256 1276 302 lepram
1288 266 1381 290 vero

323 311 367 348 in:
387 317 494 346 veste
522 309 619 346 linea
647 308 878 357 significatur
904 308 1130 356 perversitas
1156 318 1308 343 morum
1338 318 1383 342 ex

323 362 572 400 amaritudine
607 361 756 398 mentis.
791 362 864 398 Per
891 361 1036 409 lepram
1063 371 1158 396 vero
1185 358 1301 395 vestis
1326 359 1384 395 >la-

324 427 419 452 neae
446 415 677 463 significatur
702 413 928 462 perversitas
956 412 1207 448 adulatorum.
1238 412 1311 447 Per
1334 412 1383 447 le-

323 480 433 517 pram
461 469 499 505 in
526 467 686 504 stamine
715 466 971 514 significantur
997 463 1087 500 vitia
1114 463 1282 509 animae,
1316 475 1385 511 per

318 523 470 570 lepram
494 533 588 557 vero
615 520 655 557 in
682 517 918 578 subtegmine
943 516 1202 574 significantur
1228 523 1384 563 peccata

326 574 510 611 earnalia:
540 573 635 610 sicut
663 571 770 608 enim
793 578 941 607 stamen
971 576 1026 605 est
1053 569 1090 604 in
1125 568 1383 616 subtegmine,

325 628 375 664 ita
402 627 529 664 anima
556 626 595 662 in
623 635 794 672 corpore.
822 622 897 658 Per
923 633 992 658 vas
1021 629 1148 658 autern
1177 621 1283 669 quod
1305 633 1384 659 non

326 680 440 716 habet
468 679 693 727 operculum
717 687 788 712 nec
813 674 1028 722 ligaturam,
1062 674 1291 722 significatur
1315 674 1384 710 ho-

325 745 390 769 mo
419 732 484 780 qui
512 743 590 768 non
617 729 734 767 habet
760 727 915 786 aliquod
949 728 1127 764 velamen
1157 726 1384 764 taciturnita-

326 785 390 831 tis,
420 792 456 821 et
474 783 540 832 qui
566 794 644 819 non
674 780 938 828 constringitur
956 780 1079 828 aliqua
1099 791 1259 816 censura
1277 779 1383 816 disci-

326 837 466 886 plinae.
508 868 513 869 γ

379 891 440 927 Ar>
458 899 622 930 Qumzrun
640 897 824 923 mcENDuM
854 885 974 944 quod,
995 885 1090 922 sicut
1108 884 1250 922 dictum
1280 892 1335 920 est
1353 884 1384 930 ²¹³,

327 942 463 990 duplex
491 947 570 977 erat
596 938 866 976 immunditia·
858 951 896 974 1n
917 939 1009 997 lege.
1040 938 1126 975 Una
1144 937 1299 986 quidem
1318 913 1386 985 per'

326 994 493 1042 aliquam
519 992 813 1050 corruptionem
851 991 990 1028 mentis
1024 991 1087 1028 vel
1123 989 1314 1039 corporis:
1352 997 1387 1026 et

325 1048 451 1084 haec-⁰
469 1045 709 1083 immunditia
727 1044 849 1081 maior
868 1052 959 1080 erat.
987 1044 1073 1081 Alia
1097 1052 1191 1080 vero
1221 1049 1300 1079 erat
1317 1042 1386 1079 im·

325 1098 510 1137 munditia
528 1110 575 1135 ex
594 1099 677 1134 solo
700 1104 876 1134 contactu
896 1097 948 1133 rei
963 1097 1206 1135 immundae:
1237 1103 1274 1132 et
1291 1096 1386 1132 haec

325 1151 453 1190 minor
480 1159 570 1198 erat,
602 1158 639 1187 et
663 1150 819 1187 faciliori
839 1150 910 1186 ritu
930 1149 1162 1198 expiabatur.
1192 1149 1295 1186 Nam
1315 1148 1385 1185 im-

326 1204 512 1242 munditia
538 1203 667 1252 thima
701 1203 920 1252 expiabatur
950 1201 1136 1239 sacrificio
1155 1207 1174 1229 '³
1197 1213 1267 1250 pro
1298 1213 1386 1250 pec-

326 1266 432 1304 cato,
461 1257 551 1305 quia
577 1255 704 1294 omnis
733 1255 924 1304 corruptio
954 1267 999 1292 ex
1026 1262 1182 1304 peccato
1208 1252 1387 1303 ¹procedit

327 1318 365 1348 et
389 1317 590 1359 peccatum
619 1309 823 1356 significat:
852 1308 919 1344 sed
948 1308 1116 1345 secunda
1146 1306 1386 1344 immunditia

327 1363 548 1412 expiabatur
572 1374 642 1410 per
670 1361 791 1397 solam
829 1361 1088 1409 aspersionem
1116 1359 1386 1409 aquae‘cuius-

327 1417 441 1463 dam,
468 1415 519 1452 de
551 1426 627 1462 qua
654 1413 811 1462 quidem
845 1426 944 1462 aqua
977 1413 1197 1463 expiationis
1227 1412 1387 1450 habetur

325 1469 444 1507 Num.
465 1479 536 1504 xlx.

330 1543 334 1552 -ν
378 1520 584 1563 Mandatur
611 1519 713 1556 enim
743 1519 795 1555 ibi
823 1531 846 1562 a
872 1518 1056 1555 Domino
1071 1519 1179 1578 quod.
1202 1518 1387 1566 accipiant

324 1585 485 1611 vaccam
514 1573 649 1631 rufam,
678 1572 717 1608 in
744 1571 971 1608 memoriam
995 1571 1141 1620 peccati
1153 1572 1263 1620 quod
1282 1583 1387 1608 com-

1022 1624 1071 1662 Et
1103 1623 1237 1662 dicitur
1267 1636 1386 1661 vacca

325 1744 414 1780 gam
431 1730 808 1775 vocareconsuevit;
837 1729 1048 1767 secundum
1068 1729 1158 1767 illud
1177 1731 1279 1767 Osee
1300 1741 1335 1766 iv
1348 1730 1383 1766 *z

325 1786 430 1822 Sicut
459 1795 578 1821 vacca
609 1783 804 1820 lasciviens
836 1783 1036 1819 declinavit
1064 1783 1196 1821 Israel.
1231 1783 1280 1820 Et
1311 1783 1385 1819 hoc

325 1838 420 1875 forte
447 1837 535 1874 ideo
564 1836 653 1885 quia
679 1847 828 1881 vaccas,
858 1835 896 1872 in
925 1847 1074 1872 morem
1101 1836 1292 1885 Aegyptii,
1323 1849 1384 1872 co-

325 1892 492 1934 luerunt;
507 1888 718 1926 secundum
728 1889 824 1925 'illud
839 1888 943 1925 Osee
951 1901 975 1925 x
984 1888 1020 1925 *ε
1038 1889 1181 1926 Vaccus
1193 1890 1384 1926 Bethaven

325 1944 557 1980 coluerunt.-
567 1943 615 1979 Et
628 1941 666 1978 in
677 1941 966 1978 detestationem
979 1941 1125 1990 peccati
1137 1941 1383 1988 idololatriae,

326 1996 593 2034 immolabatur
621 2002 722 2031 extra
750 2002 880 2031 castra.
911 1995 960 2031 Et
984 1994 1216 2043 ubicumque
1244 1995 1385 2032 sacrifi-

326 2049 431 2086 cium
455 2049 574 2085 fiebat
599 2059 669 2096 pro
698 2047 910 2095 expiatione
940 2047 1189 2085 multitudinis
1210 2055 1384 2096 peccato-

291 2125 296 2130 -
326 2114 423 2148 rum,
446 2101 686 2138 cremabatur
705 2107 808 2136 extra
827 2108 947 2136 castra
965 2107 1088 2137 totum
1108 2100 1140 2137 ⁸.
1158 2121 1183 2128 -
1205 2101 1254 2138 Et
1271 2109 1313 2137 ut
1336 2101 1382 2138 si-

291 2150 298 2156 ’
324 2155 565 2203 gnificaretur
583 2165 652 2202 per
665 2153 740 2190 hoc
755 2152 981 2189 sacrificium
1003 2153 1202 2191 emundari
1219 2155 1384 2202 populus

324 2208 374 2245 ab
403 2206 645 2244 universitate
677 2213 943 2254 peccatorum,
970 2205 1176 2254 intingebat
1205 2207 1383 2244 sacerdos

325 2260 482 2308 digitum
500 2259 542 2296 in
560 2259 743 2310 sanguine
763 2258 859 2304 eius,
883 2266 919 2307 et
937 2259 1160 2308 aspergebat
1178 2266 1308 2296 contra
1326 2261 1381 2296 fo-

324 2325 390 2350 raez
409 2311 618 2350 sanctuarii
639 2319 784 2360 septem
808 2311 975 2348 vicibus:
1002 2311 1091 2359 quia
1107 2312 1356 2372 septenarius
1367 2319 1382 2334 υ

324 2365 608 2404 universitatem
645 2364 840 2412 significat.
875 2365 923 2400 Et
959 2364 1045 2413 ipsa
1068 2364 1180 2403 etiam
1208 2366 1383 2414 aspersio

324 2418 516 2470 sanguinis
534 2417 746 2466 pertinebat
764 2417 813 2454 ad
833 2417 1123 2454 detestationem
1139 2417 1382 2464 idololatriae,

325 2472 455 2521 inqua
473 2470 625 2518 sanguis
643 2469 904 2507 immolatitius
923 2482 1001 2507 non
1022 2470 1296 2518 effundebam,
1316 2467 1384 2508 sed

325 2524 635 2572 congregabatur,
666 2531 702 2560 et
730 2523 828 2559 circa
856 2523 983 2571 ipsum
1010 2522 1188 2560 homines
1207 2525 1384 2561 comede-

325 2577 467 2615 bomin
480 2577 671 2613 honorem
690 2575 892 2613 idolorum.
909 2596 932 2603 -
953 2576 1260 2615 comburebatur
1279 2583 1295 2607 ⁹
1319 2589 1384 2614 au-

325 2637 402 2667 tem
417 2630 458 2666 in
475 2629 575 2676 igne.
587 2629 659 2665 Vel
674 2629 764 2676 quia
778 2629 885 2665 Deus
900 2629 1028 2677 Moysi
1041 2629 1080 2665 in
1094 2628 1179 2676 igne
1199 2631 1382 2679 apparuit,

325 2690 363 2719 et
389 2681 428 2718 in
455 2682 540 2728 igne
568 2681 656 2718 data
684 2689 740 2718 est
765 2681 837 2718 lex.
865 2681 935 2717 Vel
960 2681 1048 2729 quia
1066 2693 1135 2730 per
1151 2682 1384 2730 hocsignifi-

326 2735 483 2772 eabatur
501 2733 609 2782 quod
631 2733 843 2771 idololatria
866 2734 1028 2771 totaliter
1051 2742 1130 2771 erat
1153 2735 1383 2784 extirpanda,

326 2795 362 2824 et
390 2799 506 2823 omne
525 2785 631 2834 quod
650 2786 699 2823 ad
718 2786 968 2824 idololatriam
997 2787 1209 2836 pertinebat
1231 2794 1268 2825 χε
1288 2789 1383 2826 sicut

325 2851 444 2877 vacca
471 2839 727 2886 cremabatur,
754 2845 842 2876 tam:
857 2839 957 2887 pelle
982 2846 1019 2876 et
1047 2841 1241 2888 carnibus,
1269 2853 1383 2890 quam

323 2892 512 2942 sanguine
530 2897 567 2928 et
570 2893 684 2940 fim0,
693 2892 882 2940 flaaenmae
899 2893 1052 2930 vaditis.
1063 2893 1386 2942 -Adiungebatur

325 2945 439 2982 etiam
471 2945 516 2982 in
544 2944 809 2982 combustione
837 2945 980 2993 lignum
1009 2946 1223 2994 cedrinum,
1252 2948 1385 2996 hysso-

325 3011 410 3047 pus,
430 2997 718 3045 coccusquebis
731 2998 880 3045 tinctus,
897 2998 948 3035 ad
960 2998 1250 3046 significandum
1265 3001 1383 3049 quod,

325 3050 548 3098 sicut2=ligna
580 3050 733 3087 cedrina
760 3062 844 3087 non
873 3051 921 3088 de
953 3051 1050 3088 facili
1083 3059 1386 3100 putrescunt,'et

327 3115 464 3141 coccus
492 3103 549 3141 bis
576 3103 712 3140 tinctus
734 3115 817 3140 non:
836 3102 972 3140 amittit
989 3105 1176 3150 colorem,
1197 3112 1234 3141 et
1251 3105 1384 3154 hysso-

325 3169 398 3206 pus
427 3156 561 3195 retinet
572 3156 739 3194 odorem
769 3156 885 3192 etiam
899 3163 1104 3205 postquam
1129 3157 1238 3195 fuerit
1266 3158 1384 3195 desic-

380 3279 406 3309 σ)
425 3279 497 3303 haec.
515 3292 533 3296 -
551 3278 630 3302 etiam
651 3278 746 3302 addunt
765 3278 810 3302 Pa.

365 3314 404 3355 f)
423 3314 563 3346 sacrificio.
580 3326 601 3332 -
614 3321 667 3345 pro
685 3313 816 3346 sacrificio
833 3313 935 3343 Aac-1..
944 3321 995 3346 per
1009 3313 1167 3346 sacrificium
1182 3314 1226 3342 iil,
1235 3322 1287 3346 per
1304 3315 1386 3340 sacri-

319 3349 594 3416 fiasspszptenarius.
612 3397 630 3402 -
649 3391 774 3408 numerus
792 3383 889 3408 addunt
907 3384 953 3408 Pa.

380 3419 408 3452 φ)
431 3419 648 3444 Comburebatur.
667 3433 684 3438 ψ
706 3419 878 3444 cremebatur
895 3418 928 3448 Κ,
950 3419 1144 3444 comburebant
1162 3419 1249 3445 ceteri.

379 3455 408 3488 χ)
427 3461 504 3480 omne
518 3455 601 3486 quod.
611 3472 632 3479 ..
646 3454 806 3486 pertinebat.
819 3468 837 3473 -
851 3455 941 3479 omnia
955 3463 1023 3486 quae
1089 3455 1258 3486 pertinebant
1278 3455 1352 3479 EFK.
1368 3470 1386 3474 -

2420 123 2492 168 243

1438 210 1562 248 catus;
1596 202 1646 239 ita
1675 202 1788 238 etiam
1818 202 1892 238 hoc
1920 201 2146 238 sacrificium
2176 210 2253 238 erat
2280 202 2317 238 in
2347 215 2496 240 conser-

1436 254 1632 291 vationem
1653 254 1770 303 ipsius
1788 254 1932 303 populi,
1963 262 2002 291 et
2027 255 2232 291 honestatis
2261 262 2296 291 et
2325 255 2495 292 devotio-

1438 307 1494 343 nis
1520 307 1647 355 ipsius.
1678 307 1788 345 Unde
1818 307 1951 344 dicitur
1980 307 2027 344 de
2057 307 2244 344 cineribus
2262 319 2424 345 vaccae:
2451 310 2499 346 Ut

1436 360 1508 395 sint
1532 360 1758 396 multitudini
1772 360 1947 408 filiorum
1971 360 2093 405 Israel
2115 361 2152 397 in
2172 361 2388 398 custodiam.
2408 362 2495 407 Vel,

1439 414 1648 449 secundum
1674 414 1879 461 Iosephum
1899 413 1932 460 ³⁸¹,
1958 421 2123 462 quatuor
2147 414 2334 450 elementa
2358 414 2495 462 signifi-

1439 472 1520 500 cata
1549 473 1654 501 sunt:
1684 465 1758 513 igni
1788 466 1888 502 enim
1918 467 2183 514 apponebatur
2211 466 2358 514 cedrus,
2387 467 2495 515 sigm-

1438 516 1557 552 ficans
1586 525 1741 564 terram,
1768 527 1922 567 propter
1942 519 1999 555 sui
2022 520 2343 565 terrestreitatem;
2365 521 2496 568 hysso-

1438 580 1520 616 pus,
1547 547 1761 616 significaris
1786 583 1930 616 aerem,
1955 579 2111 620 propter
2135 572 2317 618 odorem;
2347 584 2495 618 coccus,

1439 620 1653 668 significans
1668 634 1820 671 aquam,
1838 623 1972 660 eadem
1990 625 2134 661 ratione
2150 637 2224 673 qua
2241 633 2276 662 et
2290 625 2494 674 purpura*,

1438 682 1593 722 propter
1611 675 1802 721 tincturas,
1824 688 1921 723 quae
1942 689 1987 713 ex
2007 677 2115 725 aquis
2134 686 2350 715 sumuntur.
2370 686 2412 715 ut
2430 691 2498 727 per

1439 727 1514 762 hoc
1542 727 1815 775 exprimeretur
1842 729 1945 776 quod
1978 729 2067 766 illud
2101 730 2327 767 sacrificium
2361 731 2496 768 offere-

1440 779 1550 815 batur
1579 780 1747 817 Creatori
1768 789 1930 829 quatuor
1949 783 2236 820 elementorum.
2258 804 2282 811 -
2303 785 2352 820 Et
2373 784 2460 832 quia
2478 782 2496 813 ψ

1439 832 1660 869 huiusmodi
1701 833 1928 870 sacrificium
1967 834 2198 872 offerebatur
2233 848 2302 884 pro
2339 844 2496 884 peccato

1440 884 1684 931 idololatriae,
1715 886 1751 922 in
1781 886 1861 922 eius
1886 887 2173 924 detestationem
2195 896 2231 924 et
2254 890 2495 948 comburens,

1441 945 1477 973 et
1509 937 1652 974 cineres
1688 938 1887 986 colligens,
1923 946 1957 974 et
1990 939 2050 975 ille
2085 941 2149 988 qui
2187 941 2348 989 aspergit
2380 954 2497 991 aquas

1441 989 1478 1025 in
1507 990 1645 1038 quibus
1673 991 1764 1027 cinis
1792 992 2022 1039 ponebatur,
2051 992 2240 1030 immundi
2273 995 2497 1042 reputaban-

1440 1050 1516 1078 tur:
1538 1051 1579 1079 ut
1602 1055 1670 1091 per
1687 1044 1762 1080 hoc
1786 1043 2048 1080 ostenderetur
2067 1046 2171 1092 quod
2192 1046 2376 1094 quidquid
2406 1059 2498 1096 quo-

1441 1107 1605 1143 cumque
1643 1097 1762 1133 modo
1799 1098 1847 1134 ad
1884 1097 2134 1134 idololatriam
2172 1099 2351 1147 pertinet,
2390 1101 2497 1148 quasi

1441 1148 1682 1185 immundum
1712 1157 1768 1186 est
1795 1149 2061 1187 abiiciendum.
2092 1152 2152 1187 Ab
2177 1152 2249 1188 hac
2273 1160 2399 1188 autem
2428 1153 2497 1190 im-

1441 1201 1626 1238 munditia
1666 1202 1963 1250 purificabantur
1999 1215 2068 1251 per
2104 1205 2224 1240 solam
2264 1205 2497 1242 ablutionem

1440 1254 1767 1301 vestimentorum,
1794 1267 1864 1292 nec
1889 1255 2105 1303 indigebant
2129 1269 2228 1304 aqua
2247 1259 2394 1307 aspergi
2411 1271 2498 1307 pro-

1440 1314 1522 1355 pter
1550 1307 1766 1345 huiusmodi
1791 1308 2090 1345 immunditiam:
2112 1310 2201 1358 quia
2221 1310 2273 1346 sic
2293 1319 2390 1347 esset
2409 1324 2496 1360 pro-

1442 1372 1568 1396 cessus
1607 1360 1644 1396 in
1681 1360 1883 1397 infinitum.
1924 1362 1987 1397 Ille
2031 1361 2130 1401 enim
2170 1362 2234 1410 qui
2275 1365 2496 1412 aspergebat

1441 1422 1593 1461 aquam,
1622 1413 1845 1450 immundus
1874 1414 2007 1450 fiebat:
2038 1421 2073 1450 et
2101 1414 2152 1450 sic
2172 1415 2202 1451 si
2222 1415 2302 1464 ipse
2331 1417 2496 1465 seipsum

1441 1474 1667 1514 aspergeret,
1696 1466 1917 1504 immundus
1946 1475 2175 1512 remaneret;
2205 1468 2234 1504 si
2258 1475 2386 1505 autem
2407 1470 2497 1506 alius

1442 1531 1529 1555 eum
1557 1527 1791 1567 aspergeret,
1828 1520 1889 1555 ille
1926 1519 2145 1556 immundus
2181 1529 2298 1566 esset;
2334 1529 2369 1558 et
2397 1522 2498 1558 simi-

1439 1571 1520 1607 liter
1553 1571 1611 1607 ille
1641 1571 1704 1620 qui
1739 1572 1843 1609 illum
1879 1581 2113 1620 aspergeret,
2152 1581 2187 1609 et
2222 1573 2275 1610 sic
2306 1574 2497 1611 in'infini-

1439 1633 1533 1661 tum.

1494 1677 1676 1724 Figuralis
1703 1685 1831 1714 autem
1861 1677 1954 1714 ratio
1984 1678 2095 1714 huius
2128 1679 2300 1715 sacrificii
2328 1688 2384 1716 est
2411 1680 2498 1728 quia

1440 1742 1509 1778 per
1526 1742 1684 1767 vaccam
1704 1730 1825 1766 rufam
1847 1731 2077 1778 significatur
2097 1731 2266 1768 Christus
2287 1733 2496 1769 secundum

2525 423 2589 446 ⁸Cf.
2610 424 2643 444 An
2629 424 2734 451 nitquih,

2472 467 2478 473 .
2525 450 2563 470 li.b
2576 449 2614 476 111,
2625 455 2674 476 cap.
2686 456 2734 471 νιιι.

2525 634 2597 656 Vide
2605 638 2647 656 a.rt
2651 641 2704 662 prae
2706 640 2726 656 c.
2721 651 2736 662 .,

2524 661 2551 682 ad
2566 668 2589 687 4.

2624 784 2640 817 ψ

1440 1783 1697 1819 infirmitatem
1726 1790 1980 1831 assumptam,
2011 1796 2124 1832 quarn
2159 1784 2359 1821 femininus
2388 1797 2498 1822 sexus
2527 1826 2534 1831 ζ

1442 1836 1621 1883 designat.
1634 1836 1866 1883 Sanguinem
1882 1836 2068 1884 passionis
2084 1837 2163 1873 eius
2176 1837 2344 1885 designat
2357 1851 2497 1875 vaccae

1441 1890 1555 1925 color.
1573 1890 1664 1925 Erat
1682 1896 1809 1925 autem
1828 1901 1947 1925 vacca
1963 1890 2043 1925 rufa
2058 1890 2188 1926 aetatis
2208 1890 2391 1938 integrae:
2411 1891 2498 1940 quia

1441 1942 1563 1978 omnis
1583 1941 1752 1990 operatio
1774 1941 1910 1978 Christi
1939 1950 1994 1979 est
2020 1943 2197 1990 perfecta.
2229 1945 2270 1979 ln
2299 1955 2373 1992 qua
2398 1945 2498 1980 nulla

1441 2003 1519 2031 erat
1541 1995 1702 2041 macula,
1731 2006 1802 2031 nec
1828 1995 1994 2042 portavit
2016 1995 2162 2043 iugum:
2192 1996 2281 2043 quia
2309 2008 2386 2032 non
2410 2009 2498 2045 por-

1440 2048 1531 2085 tavit
1549 2048 1678 2095 iugum
1691 2054 1711 2068 ‘¹’
1725 2047 1882 2096 peccati.
1899 2048 2131 2096 Praecipitur
2151 2056 2277 2085 autern
2298 2050 2434 2086 adduci
2449 2050 2497 2086 ad

1441 2102 1619 2149 Moysen:
1640 2100 1729 2148 quia
1748 2100 1987 2148 imputabant
2006 2101 2039 2136 ei
2060 2101 2395 2148 transgressionem
2415 2103 2497 2139 Mo-

1439 2154 1562 2190 saicae
1576 2153 1666 2201 legis
1681 2153 1719 2189 in
1733 2153 1940 2190 violatione
1955 2154 2112 2190 sabbati.
2135 2154 2365 2202 Praecipitur
2384 2155 2496 2191 etiam

1438 2207 1532 2243 tradi
1547 2207 1730 2243 Eleazaro
1750 2206 1954 2242 sacerdoti:
1973 2206 2062 2254 quia
2078 2207 2247 2243 Christus
2267 2207 2498 2244 occidendus

1439 2260 1476 2296 in
1501 2271 1636 2296 manus
1658 2259 1898 2295 sacerdotum
1918 2259 2075 2296 traditus
2095 2267 2160 2296 est.
2192 2261 2414 2296 Immolatur
2433 2273 2498 2296 au-

1439 2321 1516 2349 tem
1537 2320 1638 2348 extra
1658 2319 1795 2348 castra:
1816 2312 1905 2360 quia
1923 2318 2032 2349 extra
2051 2318 2203 2360 portam
2228 2313 2394 2350 Christus
2411 2325 2498 2361 pas-

1439 2378 1501 2402 sus
1527 2371 1580 2401 est
1596 2365 1627 2401 ²⁸.
1658 2364 1807 2412 Intingit
1834 2372 1962 2401 autem
1983 2366 2158 2402 sacerdos
2181 2365 2337 2413 digitum
2358 2366 2396 2402 in
2416 2379 2498 2402 san-

1440 2419 1549 2466 guine
1579 2418 1673 2455 eius:
1704 2418 1792 2466 quia
1818 2429 1887 2466 per
1915 2418 2194 2465 discretionem,
2219 2430 2333 2467 quam
2364 2419 2498 2466 digitus

1440 2471 1634 2519 significat,
1663 2470 1885 2519 mysterium
1913 2471 2100 2519 passionis
2129 2471 2263 2508 Christi
2294 2479 2348 2507 est
2377 2472 2498 2508 consi-

1441 2524 1652 2561 derandum
1674 2531 1710 2560 et
1723 2523 1960 2560 imitandum.
1981 2524 2201 2572 Aspergitur
2220 2532 2346 2560 autem
2369 2532 2496 2561 contra

1440 2577 1739 2623 tabernaculum,
1758 2588 1827 2625 per
1848 2575 1951 2625 quod
1976 2588 2167 2624 synagoga
2188 2577 2416 2624 designatur:
2436 2578 2497 2613 vel

1440 2631 1488 2667 ad
1518 2629 1876 2667 condemnationem
1899 2629 2127 2666 ludaeorum
2149 2642 2224 2666 non
2246 2629 2495 2675 credentium3

1439 2684 1505 2720 vel’
1525 2683 1573 2719 ad
1593 2682 1897 2730 purificationem
1927 2682 2170 2718 credentium.
2194 2683 2241 2718 Et
2258 2683 2332 2718 hoc
2352 2689 2496 2730 septem

1439 2736 1603 2773 vicibus:
1623 2735 1685 2771 vel
1704 2742 1859 2783 propter
1881 2742 2027 2783 septem
2048 2735 2149 2771 dona
2170 2735 2327 2783 Spiritus
2348 2735 2495 2779 Sancti;

1440 2790 1501 2826 vel
1529 2796 1683 2838 propter
1711 2795 1856 2836 septem
1886 2787 1977 2834 dies,
1998 2787 2035 2824 in
2055 2788 2191 2836 quibus
2212 2799 2327 2824 omne
2346 2795 2496 2835 tempus

1439 2841 1660 2888 intelligitur.
1692 2841 1787 2877 Sunt
1819 2847 1947 2876 autem
1986 2841 2114 2877 omnia
2147 2852 2244 2888 quae
2278 2840 2325 2877 ad
2361 2840 2496 2876 Christi

1440 2894 1739 2931 incarnationem
1755 2892 1952 2942 pertinent,
1974 2893 2059 2940 igne
2075 2893 2291 2940 cremanda,
2308 2892 2404 2929 idest
2423 2893 2495 2942 spi—

1441 2947 1617 2984 ritualiter
1640 2946 1901 2994 intelligenda:
1930 2958 2019 2982 nam
2039 2958 2108 2994 per
2130 2946 2268 2994 pellem
2290 2953 2326 2982 et
2344 2957 2496 2982 carnem

1442 2999 1602 3037 exterior
1630 2999 1766 3036 Christi
1791 2998 1960 3047 operatio
1980 2998 2228 3057 significatum
2257 3010 2326 3057 per
2349 2999 2496 3046 sangui-

1439 3065 1549 3099 nem,
1585 3052 1728 3088 subtilis
1761 3059 1797 3088 et
1829 3051 1973 3087 interna
2005 3051 2124 3087 virtus
2156 3051 2340 3088 exteriora
2373 3051 2496 3088 vivifi—

1441 3113 1530 3142 cans
1546 3110 1598 3150 ²²,
1614 3116 1681 3153 per
1694 3105 1844 3150 fimum,
1861 3103 2052 3150 lassitudo,
2069 3103 2158 3151 sitis,
2175 3111 2212 3140 et
2225 3104 2355 3140 omnia
2369 3104 2497 3141 huius·

1439 3158 1546 3195 modi
1561 3157 1610 3194 ad
1625 3150 1882 3193 infirmitatem
1897 3156 2132 3205 pertinentia.
2149 3133 2358 3194 'Adduntur
2371 3164 2497 3194 autem

1442 3281 1491 3304 Pro
1511 3284 1565 3304 tam
1580 3280 1649 3311 pelle
1664 3282 1689 3303 et
1701 3279 1826 3304 carnibus
1842 3286 1929 3310 quam,
1942 3287 2000 3304 cum
2015 3278 2080 3312 (tam
2097 3279 2127 3313 F)
2138 3280 2207 3311 pelle
2222 3279 2247 3304 in
2263 3280 2329 3311 (tam
2343 3280 2410 3311 KsB,
2423 3285 2449 3305 et
2464 3281 2498 3306 Η)

1440 3315 1564 3340 carnibus
1582 3321 1661 3346 quam
1680 3314 1907 3344 ABCDF'GHIKL,
1926 3320 1985 3339 cum
2000 3315 2071 3346 pelle
2089 3317 2116 3339 et
2133 3314 2258 3340 carnibus
2278 3315 2322 3339 Pa.

1493 3349 1521 3383 ψ)
1542 3350 1612 3382 quia.
1629 3362 1649 3368 —
1667 3349 1743 3381 quasi
1760 3349 1969 3379 ABCDEGH1L;
1990 3350 2113 3374 Creatori
2179 3350 2340 3384 offerebatur
2357 3358 2410 3375 om.
2430 3351 2459 3375 F.

1492 3385 1524 3415 ω)
1543 3385 1606 3417 quia
1625 3391 1676 3409 non
1691 3385 1814 3417 portavit
1831 3385 1931 3417 iugum.
1948 3397 1968 3404 —
1986 3385 2047 3410 Om.
2061 3385 2184 3414 ΡῈΗΚας
2202 3385 2265 3418 quia
2284 3386 2405 3410 Christus
2424 3386 2496 3410 inno-

1439 3427 1499 3445 cens
1511 3420 1570 3453 suit
1589 3427 1635 3445 nec
1650 3420 1770 3452 portavit
1789 3420 1879 3452 iugum
1900 3420 2024 3445 editiones
2043 3421 2151 3453 aliquae.

1494 3455 1538 3487 αα)
1559 3455 1702 3488 vivificans.
1720 3469 1738 3475 -
1757 3455 1895 3488 verificans
1915 3456 2030 3486 codices,
2043 3456 2122 3489 sacta
2141 3456 2281 3489 verrficans
2300 3457 2346 3481 Pa.

2528 2382 2535 2389 ⁸
2550 2379 2588 2400 Ad
2604 2379 2670 2405 Heb„
2687 2386 2738 2407 cap.

2527 2413 2577 2432 xm,
2594 2412 2652 2427 vers·
2669 2412 2696 2427 12.

2614 3109 2649 3125 CC
