2840 4010
159 307 168 315 ·
183 305 267 332 Ethic„
282 305 322 326 lib.
339 305 369 331 11,

161 338 186 353 ca
205 347 210 352 .
231 337 266 357 vl,
288 337 311 353 n.
338 337 368 359 »5;

159 364 178 379 s.
189 338 236 379 Pl'h.
258 358 309 379 lect.
325 364 370 379 vu:

159 384 199 405 lib.
209 383 249 410 lv,
259 390 308 411 cap.
320 390 327 404 ι
347 390 370 405 n.

158 410 232 458 l4e,ct6¹,
251 416 275 437 7;
291 417 310 431 s.
325 400 370 431 '³sh.

155 2303 163 2309 '¹
179 2300 235 2348 (Σέρ.
251 2306 278 2327 n,
293 2305 316 2321 n.
337 2300 363 2326 8,

153 2333 192 2354 9.—
217 2326 361 2348 .Th.lect.u.

148 2615 159 2625 ⁴
174 2614 240 2637 Vers.
256 2621 288 2642 14.

148 3038 200 3060 ‘'Ca
219 3044 264 3064 .1v,
276 3044 297 3059 n.
307 3044 357 3059 10.-

149 3064 173 3086 S.
181 3044 226 3086 Tg.
241 3065 292 3086 lect.
310 3071 339 3085 iv.

148 3283 229 3332 scii:
241 3289 304 3331 ¹1:103·
312 3289 337 3330 31
348 3293 359 3298 ”

395 173 443 209 72

396 241 520 277 tualis:
552 241 761 278 secundum
790 242 893 290 quod
921 242 1069 277 habitus
1098 241 1220 277 malus
1239 252 1261 276 a
1279 240 1451 276 Philoso-

396 294 474 342 pho
493 293 513 315 ’¹‘
541 294 758 330 nominatur
785 294 938 338 malitia,
959 293 1053 329 sicut
1071 292 1219 329 habitus
1239 293 1363 328 bonus
1383 305 1450 328 no-

398 345 561 382 minatur
588 347 714 382 virtus.
746 347 795 384 Et
822 346 1032 388 secundum
1059 346 1134 387 hoc
1162 344 1294 398 aliquis
1318 344 1452 395 dicitur

399 410 442 434 ex
458 398 598 435 malitia
616 410 786 446 peccare,
809 398 895 445 quia
912 404 1046 445 peccat
1065 409 1110 433 ex
1129 396 1369 434 inclinatione
1387 397 1454 433 ha-‘

398 451 506 487 bitus.
523 471 547 478 -
563 452 691 487 Potest
711 450 822 486 etiarn
843 449 994 499 intelligi
1014 449 1155 488 malitia
1173 449 1338 489 actualis.
1361 449 1451 487 Sive

397 503 477 551 ipsa
505 502 593 538 mali
623 502 754 538 electio
783 501 923 537 malitia
955 502 1190 538 nominetur:
1220 509 1256 538 et
1283 501 1336 538 sic
1364 502 1451 539 dici-

397 563 456 591 tur
483 555 614 602 aliquis
643 566 687 590 ex
708 554 847 590 malitia
866 566 1037 602 peccare,
1058 554 1282 602 inquantum
1300 567 1344 591 ex
1363 554 1453 591 mali

397 606 577 643 electione
608 614 751 654 peccat.
786 606 876 643 Sive
905 607 1017 643 etiarn
1051 607 1190 644 malitia
1219 607 1363 644 dicatur
1390 607 1453 643 ali-

1034 163 1299 210 QUAESTIO
1329 162 1538 208 LXXVIII,
1567 164 1860 203 ARTICULUS
1891 165 1921 200 11

1505 255 1581 290 qua
1608 240 1840 291 praecedens
1869 243 1989 291 culpa,
2011 255 2056 280 ex
2077 256 2152 292 qua
2181 243 2298 280 oritur
2326 243 2560 291 subsequens

1506 296 1615 344 culpa
1637 295 1678 331 *ε
1708 296 1801 331 sicut
1835 306 1923 331 cum
1960 295 2091 343 aliquis
2128 295 2323 344 impugnat
2358 296 2559 332 fraternam

1505 349 1663 401 gratiam
1693 359 1736 387 ex
1765 346 1917 387 invidia.
1947 347 1998 389 Et
2022 354 2111 388 tunc
2138 347 2241 386 idem
2267 359 2345 384 non
2365 355 2420 384 est
2448 359 2561 384 causa

1506 402 1562 439 sui
1581 401 1716 450 ipsius:
1747 399 1813 437 sed
1833 405 1937 436 actus
1956 398 2109 435 interior
2128 406 2182 435 est
2201 411 2315 436 causa
2338 407 2441 436 actus
2462 407 2561 436 exte-

1506 454 1624 494 rioris.
1654 454 1703 493 Et
1721 464 1841 490 unum
1860 459 2059 502 peccatum
2080 458 2135 488 est
2163 463 2276 487 causa
2303 451 2462 498 alterius,
2483 463 2561 488 non

1505 515 1634 544 tamen
1662 506 1699 542 in
1723 504 1930 542 infinitum:
1959 503 2047 552 quia
2066 510 2122 540 est
2141 503 2319 540 devenire
2339 503 2389 540 ad
2407 503 2560 551 aliquod

1506 559 1673 609 primum
1693 565 1904 607 peccatum,
1925 556 2029 605 quod
2054 568 2132 592 non
2162 562 2336 592 causatur
2363 567 2408 592 ex
2435 555 2560 604 aliquo

1507 611 1621 661 priori
1646 618 1816 659 peccato,
1844 617 1886 646 ut
1914 621 1959 646 ex
1987 608 2207 657 supradictis
2226 607 2246 629 '¹‘
2273 614 2385 656 patet.

1070 701 1400 738 Commoris-aria
1422 698 1671 732 cardinalis
1692 698 1892 733 Caietam

399 779 446 841 IN
470 769 602 799 articulo
630 769 734 809 primo
759 770 952 810 quaestionis
978 770 1373 811 septuagesimaeoctavae,
1398 769 1451 799 ad-

426 819 510 845 verte
533 813 630 853 quod,
654 813 726 845 licet
744 823 840 844 omne
859 821 1025 854 peecatum
1045 814 1224 845 humanum
1240 814 1405 845 reducatur
1419 812 1452 842 in

395 856 472 886 haec
495 856 552 887 tria
568 857 729 897 principia,
750 857 969 897 ignorantiam,
985 857 1165 899 passionem
1185 864 1214 887 et
1230 857 1381 887 malitiam
1388 865 1395 892 ;
1420 856 1452 885 in

396 900 485 931 omni
509 907 615 933 tamen
638 908 767 942 peccato
786 901 944 939 invenitur
960 901 1043 933 mala
1059 901 1206 934 voluntas
1222 907 1252 932 et
1268 899 1453 940 ignorantia.

395 944 437 974 Et
460 942 498 974 de
521 943 697 985 ignorantia
720 945 860 986 quidem,
877 945 910 975 in
925 945 1131 985 responsione
1147 944 1186 974 ad
1201 944 1342 984 primurn
1357 944 1452 974 habes

396 985 543 1018 ultimam
564 988 801 1019 resolutionem.
822 989 863 1019 Et
878 998 1001 1028 semper
1017 985 1121 1028 aliqua
1143 988 1240 1018 trium
1263 987 1453 1027 ignorantia-

395 1041 468 1061 rum
491 1032 671 1068 actualium,
696 1033 760 1062 sive
784 1032 823 1062 sit
843 1032 1021 1071 ignorantia
1044 1031 1194 1071 privative
1210 1031 1273 1061 sive
1290 1030 1452 1067 contrarie,

394 1075 569 1106 intervenit.
594 1076 635 1106 Et
657 1076 811 1116 quoniam
834 1075 966 1115 privatio
991 1085 1046 1115 per
1069 1075 1213 1106 habitum
1236 1074 1453 1115 cognoscitur,

396 1118 551 1158 distingue
575 1129 633 1159 pro
653 1119 778 1149 novitiis
798 1119 952 1158 triplicem
968 1119 1128 1149 scientiam
1145 1119 1299 1149 actualem
1318 1118 1453 1159 particu-

395 1162 467 1192 laris
483 1163 696 1203 prosequendi
711 1163 760 1193 vel
776 1162 929 1202 fugiendi:
954 1163 1100 1202 primam,
1117 1172 1181 1204 qua
1196 1162 1291 1193 scitur
1309 1162 1371 1192 hoc
1387 1171 1454 1192 esse

395 1206 533 1241 malum;
559 1207 740 1242 secundam,
758 1217 821 1246 qua
837 1206 932 1237 scitur
947 1206 1009 1237 hoc
1032 1216 1117 1236 nunc
1142 1216 1207 1236 esse
1231 1206 1369 1241 malum;
1393 1212 1453 1236 ter-

394 1249 480 1285 tiam,
505 1259 567 1290 qua
591 1250 687 1280 scitur
710 1251 771 1280 hoc
794 1260 879 1280 nunc
902 1251 1024 1280 malurn
1048 1251 1182 1280 relatum
1200 1250 1241 1280 ad
1256 1249 1335 1279 illud
1358 1249 1453 1286 aliud,

396 1302 461 1323 esse
485 1293 542 1323 sibi
567 1293 666 1332 peius.
691 1294 731 1324 Et
755 1293 872 1333 respice
892 1294 980 1334 quod
996 1304 1128 1334 peccans
1148 1304 1184 1324 ex
1206 1292 1391 1333 ignorantia,
1409 1291 1454 1322 la'-

395 1337 485 1367 borat
500 1336 676 1376 ignorantia
692 1337 840 1379 opposita
859 1337 978 1378 primae
995 1337 1157 1374 scientiae;
1183 1347 1314 1380 peccans
1331 1347 1367 1367 ex
1383 1347 1453 1377 pas-

395 1380 484 1410 sione
508 1390 563 1411 seu
587 1379 775 1417 infirmitate,
800 1381 921 1412 laborat
939 1381 1115 1421 ignorantia
1131 1379 1279 1421 opposita
1298 1380 1452 1411 secundae

1506 767 1667 803 scientiae;
1692 776 1824 806 peccans
1838 775 1914 797 vero
1929 777 1967 797 ex
1981 767 2109 803 malitia,
2129 767 2251 797 laborat
2269 764 2446 805 ignorantia
2459 773 2562 805 oppo-

1507 811 1564 842 sita
1586 811 1693 842 tertiae
1724 810 1878 841 scientiae.
1908 810 1949 841 Et
1975 810 2019 841 sic
2050 817 2151 841 errant
2178 809 2338 840 intellectu
2366 817 2478 845 omnes
2506 809 2563 850 qui

1507 861 1677 895 operantur
1699 854 1830 884 malum.

1560 899 1608 929 De
1631 897 1749 928 malitia
1773 904 1879 928 autern
1901 896 2082 934 voluntatis,
2097 897 2130 927 in
2145 896 2351 938 responsione
2368 896 2407 926 ad
2425 895 2562 932 tertium,

1508 941 1704 982 singulariter
1726 939 1930 981 specificatur,
1955 941 2084 981 quando
2106 940 2178 984 quis
2202 947 2310 982 peccat
2333 948 2369 973 ex
2393 946 2474 971 certa
2497 949 2564 970 ma-

1507 986 1582 1022 litia,
1607 986 1695 1026 quod
1719 991 1845 1025 oportet
1867 984 1975 1024 ipsum
1996 993 2124 1024 peccare
2147 994 2183 1014 ex
2205 983 2281 1025 ipsa‘
2296 983 2448 1015 electione
2473 983 2562 1013 mali:

1507 1029 1586 1060 idest
1609 1039 1674 1059 non
1699 1039 1737 1059 ex
1757 1027 1933 1068 ignorantia
1954 1038 2011 1058 nec
2027 1037 2063 1058 ex
2082 1027 2271 1064 infirmitate,
2288 1027 2343 1058 sed
2366 1037 2402 1058 ex
2424 1027 2492 1067 ipsa
2507 1037 2563 1057 vo-

1506 1073 1642 1105 luntaria
1665 1072 1816 1104 electione
1840 1071 1928 1107 mali,
1953 1071 2083 1101 scienter
2111 1072 2335 1111 praeponendo
2359 1072 2482 1102 bonum
2506 1070 2564 1101 sibi

1508 1116 1729 1152 coniunctum,
1754 1117 1840 1146 bono
1865 1115 2035 1145 coniuncto
2057 1114 2142 1145 illius
2164 1114 2334 1154 praeamati
2355 1114 2432 1145 boni
2455 1115 2564 1145 absen-

1507 1161 1577 1192 tiae.
1601 1160 1770 1202 Praeponit
1794 1159 1879 1190 enim
1906 1158 2063 1189 malitiose
2087 1158 2223 1188 iniustus
2245 1159 2368 1188 bonurn
2390 1158 2469 1188 lucri
2491 1158 2563 1188 iun-

1508 1211 1595 1235 ctum
1615 1205 1700 1234 malo
1716 1203 1894 1239 iniustitiae,
1910 1203 1998 1233 bono
2013 1202 2148 1232 iustitiae
2172 1201 2280 1232 iuncto
2299 1201 2456 1232 absentiae
2474 1201 2562 1232 lucri.

1507 1248 1552 1279 Ita
1575 1248 1664 1289 quod
1687 1247 1796 1278 electio
1820 1246 1895 1277 mali
1918 1256 1984 1276 non
2008 1255 2044 1276 ex
2054 1243 2243 1287 ‘ignorantia
2265 1251 2320 1276 aut
2338 1244 2494 1285 passione,
2517 1251 2564 1275 est

1507 1291 1627 1322 malitia
1649 1302 1712 1332 qua
1735 1297 1882 1331 peccatur
1904 1299 1941 1320 ex
1963 1289 2130 1326 industria;
2160 1288 2270 1320 electio
2294 1295 2401 1319 autem
2424 1298 2562 1330 quomo-

1507 1336 1625 1366 dolibet
1643 1335 1735 1371 mala,
1753 1334 1932 1366 communis
1953 1340 1998 1364 est
2014 1333 2103 1363 omni
2118 1340 2247 1375 peccato
2262 1332 2415 1375 perfecto;
2433 1338 2468 1363 ut
2478 1333 2563 1374 *clare

1507 1379 1602 1410 habes
1624 1378 1763 1414 inferius,
1789 1385 1843 1408 art.
1863 1387 1895 1417 4,
1919 1377 1951 1408 in
1975 1376 2180 1418 responsione
2204 1376 2243 1407 ad
2266 1375 2429 1418 ultimum.
2448 1388 2450 1393 ’

2498 1420 2539 1441 ⁴·,3'

1156 1523 1473 1567 ARTICULUS
1503 1522 1800 1565 SECUNDUS
2339 1498 2367 1560 ’,ζ
2494 1495 2553 1543 ‘l

696 1607 852 1644 UTRUM.
876 1607 1137 1646 QUICUMQUE
1161 1607 1331 1638 PECCET
1354 1606 1411 1641 Ex
1434 1604 1608 1643 HABITU‚
1633 1605 1802 1642 PECCET
1826 1605 1883 1636 Ex
1907 1604 2053 1636 CERTA
2076 1604 2257 1636 MALITIA
2343 1598 2344 1601 ’
2411 1605 2413 1607 ’

1278 1680 1298 1705 ΙΙ
1318 1680 1400 1710 Sem„
1421 1680 1479 1705 dist.
1497 1687 1566 1711 x1.111,
1587 1685 1632 1704 art.
1653 1687 1677 1704 2.

423 1778 489 1818 μ’
532 1782 583 1828 224<
603 1777 627 1802 D
643 1776 832 1803 SECUNDUM
847 1776 899 1803 stc
914 1775 1153 1802 pnoeamrua.
1173 1763 1333 1800 Videtur
1349 1763 1454 1818 quod

463 1812 470 1819 ⁶
525 1804 683 1875 ξἤι’)ῐιοῐι
707 1817 834 1855 omnis
860 1816 924 1866 qui
942 1824 1076 1866 peccat
1096 1828 1140 1853 ex
1159 1816 1302 1863 habitu,
1321 1821 1454 1865 peccet

432 1869 461 1915 ,ss
510 1873 576 1919 54¹6
606 1883 651 1908 ex
680 1878 780 1907 certa
807 1869 960 1907 malitia.
991 1870 1198 1911 Peccatum
1227 1868 1327 1907 enirn
1347 1866 1451 1918 quod

416 1914 424 1923 '
450 1916 541 1958 '⁴⁹'
564 1912 662 1960 est
682 1935 726 1959 ex
746 1930 847 1961 certa
865 1921 1018 1968 malitia,
1037 1921 1188 1959 videtur
1213 1934 1294 1959 esse
1313 1920 1453 1969 gravis-

394 1975 546 2014 simum.
578 1975 655 2014 Sed
683 1975 915 2025 quandoque
943 1975 1063 2014 horno
1084 1974 1238 2023 aliquod
1260 1974 1346 2015 leve
1364 1985 1452 2027 pec—

395 2036 520 2075 catum
550 2027 751 2066 committit
779 2040 823 2065 ex
850 2027 998 2067 habitui
1028 2027 1123 2065 sicut
1151 2039 1237 2067 cum
1261 2025 1350 2078 dicit
1368 2023 1452 2073 ver-

394 2081 487 2119 bum
516 2080 693 2119 otiosum.
731 2081 822 2120 Non
850 2092 939 2128 ergo
970 2092 1085 2118 omne
1113 2087 1313 2129 peccatum
1346 2077 1451 2129 quod

394 2142 448 2171 est
477 2146 522 2171 ex
549 2133 691 2181 habitu,
721 2140 776 2173 est
804 2145 849 2171 ex
878 2140 977 2173 certa
1006 2132 1157 2171 malitia.
1363 2131 1367 2133 ’

445 2199 480 2224 2.
502 2187 734 2233 PRAETEREA,
760 2192 864 2223 actus
883 2197 933 2223 ex
958 2185 1085 2223 habitu
1109 2184 1350 2234 procedentes
1366 2190 1454 2224 sunt

390 2239 527 2276 similes
558 2240 699 2278 actibus
727 2251 776 2275 ex
802 2238 934 2287 quihus
965 2237 1111 2277 habitus
1137 2242 1381 2287 generantur,
1409 2245 1450 2275 ut

392 2291 525 2328 dicitur
552 2291 590 2328 in
609 2293 642 2329 11
662 2292 780 2328 Ethic.
801 2289 822 2312 ²¹⁸
850 2290 927 2328 Sed
955 2297 1059 2328 actus
1083 2290 1360 2339 praecedentes.
1382 2289 1448 2330 ha-

390 2344 510 2381 bitum
538 2344 731 2391 vitiosum,
761 2355 841 2381 non
869 2350 954 2383 sunt
977 2355 1022 2380 ex
1043 2351 1143 2381 certa
1167 2342 1316 2380 malitia.
1345 2342 1448 2393 Ergo

391 2398 504 2433 etiam
532 2404 688 2446 peccata
716 2409 813 2446 quae
842 2403 928 2439 sunt
957 2408 1001 2433 ex
1028 2396 1171 2444 habitu,
1199 2408 1277 2432 non
1297 2402 1384 2433 sunt
1403 2407 1448 2432 ex

389 2457 490 2486 certa
515 2450 666 2487 malitia.

396 2501 400 2503 “
445 2503 479 2539 3.
500 2503 731 2550 PRAETEREA,
752 2502 790 2538 in
809 2502 867 2539 his
886 2513 983 2550 quae
1013 2501 1146 2550 aliquis
1175 2513 1220 2538 ex
1249 2507 1349 2538 certa
1368 2512 1448 2538 ma-

388 2555 462 2592 litia
483 2555 690 2602 committit,
707 2554 844 2602 gaudet
862 2561 1069 2604 postquam
1090 2553 1293 2591 commisit:
1315 2565 1448 2591 secun-

389 2607 482 2645 dum
519 2608 608 2645 illud
645 2609 757 2644 Prov.
784 2620 806 2644 11
829 2607 869 2644 *ε
909 2607 983 2649 Qui
1007 2607 1194 2647 laetantur
1225 2618 1310 2644 cum
1348 2605 1447 2644 male

383 2661 560 2708 fecerint,
596 2666 632 2697 et
664 2660 833 2696 exultant
863 2660 899 2696 in
934 2660 1044 2696 rebus
1071 2659 1253 2708 pessimis.
1289 2659 1337 2696 Et
1371 2658 1445 2696 hoc

386 2713 486 2760 ideo,
517 2713 607 2761 quia
634 2712 838 2760 unicuique
868 2719 922 2748 est
948 2711 1167 2749 delectabile
1197 2723 1285 2748 curn
1315 2723 1445 2749 conse-

387 2766 511 2815 quitur
539 2766 576 2802 id
605 2765 710 2814 quod
738 2765 907 2811 intendit,
929 2772 964 2801 et
984 2764 1049 2812 qui
1069 2772 1246 2813 operatur
1264 2763 1371 2812 quod
1391 2771 1446 2800 est

387 2818 419 2855 ei
449 2817 740 2867 quodammodo
765 2818 1008 2854 connaturale
1028 2817 1238 2854 secundum
1258 2815 1443 2854 habitum.

388 2871 464 2910 Sed
498 2871 549 2907 illi
586 2871 650 2920 qui
687 2877 848 2920 peccant
880 2882 924 2906 ex
951 2869 1101 2916 habitu,
1131 2877 1218 2919 post
1244 2877 1445 2918 peccatum

387 2924 637 2964 commissum
671 2923 819 2960 dolent:
848 2922 1088 2971 poenitudine
1121 2922 1223 2959 enim
1256 2922 1445 2971 replentur

380 2977 510 3026 pravi,
531 2977 626 3013 idest
644 2976 828 3013 habentes
847 2975 1019 3012 habiturn
1038 2974 1232 3022 vitiosum,
1253 2982 1294 3012 ut
1313 2975 1446 3012 dicitur

385 3030 424 3066 in
452 3030 505 3066 IX
523 3030 642 3066 Ethic.
662 3029 683 3051 '¹‘
710 3029 813 3077 Ergo
832 3035 988 3076 peccata
1013 3039 1111 3076 quae
1131 3034 1218 3064 sunt
1238 3039 1283 3064 ex
1301 3027 1443 3074 habitu,

386 3094 464 3119 non
493 3090 579 3119 sunt
608 3094 652 3119 ex
680 3089 781 3119 certa
809 3081 959 3118 malitia.

440 3135 514 3171 SED
534 3146 690 3182 CONTRA,
711 3141 912 3183 peccatum
942 3145 986 3170 ex
1015 3140 1115 3170 certa
1142 3131 1283 3170 malitia
1311 3131 1445 3169 dicitur

387 3199 467 3223 esse
496 3189 600 3236 quod
629 3194 683 3224 est
712 3199 757 3223 ex
786 3185 968 3223 electione
998 3185 1098 3223 mali.
1135 3185 1211 3223 Sed
1238 3184 1444 3233 unicuique

387 3246 442 3276 est
470 3239 626 3287 eligibile
655 3239 692 3277 id
720 3240 768 3276 ad
797 3239 903 3288 quod
931 3238 1128 3276 inclinatur
1154 3250 1223 3287 per
1245 3237 1443 3286 proprium

386 3292 579 3338 habitum;
608 3300 649 3328 ut
669 3292 801 3329 dicitur
828 3292 866 3329 in
883 3292 935 3328 VI
955 3291 1074 3328 Ethic.
1095 3291 1115 3312 *³
1144 3290 1199 3329 de
1219 3290 1350 3328 habitu
1367 3289 1442 3327 vir-

438 3403 466 3435 α)
486 3403 611 3428 totaliter.
630 3417 647 3422 -
666 3404 726 3428 Om.
746 3405 780 3434 L,
801 3408 857 3429 tota
877 3405 961 3429 ceteri.

439 3437 463 3470 β)
483 3438 611 3463 habitum.
628 3452 647 3457 —
666 3439 788 3463 vitiosum
809 3440 903 3464 addunt
922 3440 968 3464 Pa.

437 3475 463 3506 γ)
483 3474 545 3506 quia
557 3474 593 3507 fit
611 3474 643 3498 ei.
661 3487 679 3492 -
697 3474 758 3505 quia
777 3474 814 3498 sic
833 3475 857 3498 ei
875 3474 991 3504 ACDGI,
1011 3474 1088 3507 quasi
1106 3474 1140 3499 sit
1155 3474 1179 3499 ei
1197 3474 1227 3503 E.
1240 3474 1311 3506 quod
1324 3474 1359 3499 sit
1377 3474 1402 3499 ei
1414 3474 1442 3505 F,

2588 304 2597 313 ·
2611 303 2640 325 D.
2655 302 2705 332 834.

2587 598 2598 608 ⁴
2615 597 2662 624 Qu.
2672 603 2740 624 mv,
2755 601 2797 619 m.

2587 630 2611 651 49
2626 623 2654 645 ad
2668 629 2688 651 3·

1507 1771 1630 1804 tuoso.
1660 1762 1762 1811 Ergo
1790 1770 1990 1812 peccatum
2018 1762 2124 1811 quod
2144 1770 2198 1801 est
2218 1774 2264 1799 ex
2281 1747 2424 1817 habitu,
2445 1747 2565 1818 ςᾲὶἰςκ
2603 1798 2606 1802 ,
2656 1790 2659 1793 »

1507 1823 1607 1858 certa
1635 1815 1785 1853 malitia.
1995 1855 1997 1857 ,

1559 1870 1783 1908 RESPONDEO
1813 1879 1996 1914 mesanum
2024 1867 2130 1921 quod
2157 1879 2236 1906 non
2264 1874 2320 1910 est
2347 1866 2465 1917 idem„
2491 1859 2564 1925 e}

1506 1933 1591 1960 care
1623 1921 1829 1958 habentem
1862 1920 2056 1967 habitum,
2086 1927 2307 1969 etspeccare
2341 1931 2387 1962 ex
2418 1918 2468 1963 Ἀθ
2497 1917 2560 1964 iti-¹0

1505 1973 1567 2013 Uti
1587 1973 1686 2015 enim
1701 1973 1832 2012 habitu
1851 1985 1929 2011 non
1949 1981 2004 2011 est
2023 1972 2293 2020 necessarium,
2306 1970 2376 2025 ‚sed
2395 1970 2564 2018 subiacet

1504 2025 1689 2067 'voluntati
1706 2025 1898 2065 habentis:
1927 2025 2029 2066 unde
2050 2033 2086 2064 et
2104 2024 2253 2065 habitus
2274 2023 2451 2070 definitur
2479 2024 2561 2065 esse

1503 2080 1673 2129 quo‘quis
1693 2079 1806 2116 utitur
1820 2090 1905 2115 cum
1923 2078 2083 2117 voluerit
2096 2077 2128 2116 ³².
2148 2078 2199 2115 Et
2218 2077 2306 2117 ideo
2325 2076 2420 2117 sicut
2432 2076 2563 2134 'potest

1505 2132 1720 2180 contingere
1737 2131 1841 2191 quod
1861 2129 1994 2179 aliquis
2010 2131 2161 2183 habens¹
2172 2130 2349 2182 *habitum
2366 2122 2561 2226 νίῐίοειίῑξνίι

1502 2192 1727 2237 prorumpat
1753 2197 1791 2222 in
1819 2191 1945 2224 actum
1973 2183 2133 2231 virtutis,
2159 2195 2208 2223 eo
2236 2183 2342 2232 quod
2369 2182 2462 2223 ratio
2482 2177 2527 2233 13ss

1502 2236 1662 2278 totaliter
1681 2242 1699 2258 α
1728 2235 1981 2285 corrumpitur
2005 2247 2081 2286 >per
2107 2236 2252 2281 malum
2278 2234 2465 2284 habiturn,
2484 2232 2561 2281 :fied

1501 2289 1643 2339 aliquid
1681 2289 1760 2329 eius
1797 2289 1983 2337 integrum
2019 2295 2167 2337 manet,
2198 2300 2243 2328 ex
2270 2287 2352 2337 'quo
2383 2287 2561 2346 progenit

1502 2343 1606 2392 quod
1633 2349 1811 2391 peccator
1838 2342 1963 2391 aliqua
1991 2348 2170 2391 operatur
2197 2341 2244 2381 de
2271 2341 2410 2389 genere
2430 2331 2559 2401 bon&

1502 2407 1606 2441 rum;
1644 2395 1694 2431 ita
1732 2395 1845 2432 etiam
1880 2401 2004 2443 potest
2037 2393 2254 2441 contingere
2286 2394 2390 2442 quod
2424 2390 2558 2445 ali'q'ssus'

1500 2448 1646 2484 habens
1672 2446 1844 2484 habitum
1865 2445 1894 2494 β,
1925 2446 2113 2483 interdum
2141 2458 2220 2483 non
2240 2458 2285 2483 ex
2307 2445 2439 2486 habitu
2463 2444 2558 2498 '0967

1500 2508 1612 2548 retur,
1641 2501 1709 2538 sed
1737 2512 1783 2536 ex
1810 2499 1987 2548 passione
2015 2499 2248 2548 insurgente,
2276 2499 2339 2539 vel
2367 2497 2482 2542 etlam
2509 2498 2556 2535 e'x

1499 2552 1719 2602 ignorantia.
1751 2553 1829 2590 Sed
1857 2551 2177 2603 quandocumque
2204 2550 2319 2588 utitur
2344 2550 2479 2590 habitu
2500 2551 2558 2598 vi÷

1499 2606 1613 2653 tioso,
1642 2616 1797 2643 necesse
1827 2612 1882 2642 est
1909 2604 2015 2653 quod
2044 2616 2090 2645 ex
2117 2611 2218 2643 certa
2245 2603 2384 2644 malitia
2410 2606 2555 2655 peccet.

1500 2657 1600 2706 Quia
1617 2657 1823 2708 unicuique
1842 2656 1996 2696 habenti
2014 2656 2199 2704 habitum,
2220 2663 2276 2695 est
2292 2668 2361 2704 per
2381 2668 2420 2696 se
2441 2655 2557 2709 diligi-

1498 2711 1571 2748 bile
1587 2711 1624 2748 id
1640 2710 1745 2760 quod
1760 2718 1815 2748 est
1831 2709 1864 2747 ei
1880 2708 2112 2748 conveniens
2130 2707 2341 2748 secundum
2358 2707 2557 2759 propritim

1497 2763 1686 2802 habitum:
1716 2763 1804 2813 quia
1831 2763 1875 2801 fit
1899 2761 1932 2800 ei
1950 2767 1966 2790 Υ
1986 2761 2276 2812 quodammodo
2298 2755 2557 2812 connaturalia*

1498 2816 1709 2855 secundum
1739 2815 1844 2865 quod
1864 2813 2099 2853 consuetudo
2120 2822 2157 2852 et
2174 2813 2325 2852 habitus
2343 2813 2500 2867 vertitur
2515 2813 2556 2866 In

1498 2877 1684 2907 naturam.
1714 2869 1800 2907 Hoc
1828 2875 1956 2905 autern
1985 2867 2090 2919 quod
2113 2874 2168 2905 est
2186 2867 2295 2906 alicui
2325 2865 2556 2909 conveniens

1498 2921 1708 2959 secundum
1726 2920 1898 2959 habiturn
1917 2920 2111 2966 vitiosum,
2133 2927 2188 2957 est
2206 2919 2244 2958 id
2273 2919 2376 2969 quod
2396 2915 2557 2970 excludit

1497 2975 1645 3012 bonum
1673 2972 1874 3022 spirituale.
1910 2973 1968 3010 Ex
2000 2985 2078 3020 quo
2107 2972 2276 3021 sequitur
2303 2970 2409 3021 quod
2434 2969 2557 3019 hoino,

1499 3026 1608 3075 eligat
1640 3027 1783 3064 malum
1821 3025 2029 3075 spirituale,
2066 3032 2108 3062 ut
2144 3024 2373 3075 adipiscatur
2408 3022 2557 3071 bonum

1497 3079 1602 3128 quod
1632 3085 1687 3116 est
1715 3078 1748 3116 ei
1767 3075 1780 3100 δ
1809 3077 2020 3116 secundum
2039 3077 2214 3116 habitum
2233 3076 2476 3121 conveniens,
2504 3071 2555 3127 Et

1497 3133 1572 3169 hoc
1591 3139 1647 3168 est
1661 3143 1706 3168 ex
1722 3138 1821 3168 certa
1836 3130 1977 3168 malitia
1995 3142 2166 3179 peccare.
2181 3130 2293 3169 Unde
2314 3128 2555 3178 manifestum

2589 2087 2598 2097 '¹
2612 2087 2676 2115 Aug·
2689 2086 2719 2109 de
2731 2087 2801 2109 Bono

2586 2112 2798 2162 ffl'r'ffi‘uffi

2587 2165 2659 2193 nima,
2665 2166 2799 2189 Commeat,

1498 3192 1553 3221 est
1572 3183 1677 3232 quod
1697 3183 1929 3232 quicumque
1957 3190 2090 3232 peccat
2118 3195 2163 3221 ex
2189 3183 2332 3230 habitu,
2360 3182 2491 3238 peccet
2510 3178 2557 3219 ex
2610 3214 2613 3216 ,

1499 3244 1598 3274 certa
1625 3236 1776 3274 malitia.
2115 3272 2120 3276 .

1550 3291 1608 3326 AD
1625 3301 1760 3326 pamma
1775 3300 1873 3326 aneo
1893 3300 2076 3328 memnon
2097 3287 2202 3343 quod
2221 3294 2376 3339 peccata
2392 3284 2556 3324 'venialia

1498 3403 1561 3462 qais:
1574 3403 1642 3428 sicut
1661 3407 1699 3428 est
1718 3403 1742 3428 ei
1761 3404 1789 3433 L,
1810 3403 1872 3434 quia
1890 3402 1957 3428 sicut
1976 3402 2001 3428 ei
2019 3402 2068 3434 pH,
2088 3401 2151 3433 quia
2169 3400 2206 3425 sic
2224 3402 2264 3425 est
2281 3399 2306 3424 ei
2324 3399 2370 3428 εΗ.
2390 3399 2452 3431 quia
2470 3397 2507 3424 stc
2518 3398 2556 3431 fit

1497 3445 1520 3463 et
1550 3444 1664 3506 ‹33⁸11uod
1683 3477 1722 3498 est
1740 3473 1772 3498 ei.
1789 3485 1808 3492 ·-
1826 3472 1886 3497 Om.
1907 3473 1941 3502 C;
1961 3471 1985 3496 ei
2003 3479 2055 3496 om.
2075 3470 2159 3496 ceteri.
