2840 4010
69 826 132 858 ⁴¹05.
152 827 216 849 Scor.
235 828 279 849 loc.

71 857 167 902 fliium.
177 879 281 907 praeced.

933 185 1197 231 QUAESTIO
1228 185 1453 231 LXXXVII,
1483 184 1776 222 ARTICULUS
1806 185 1837 222 II

304 261 417 301 culpae
439 270 506 292 esse
520 261 553 291 in
572 262 745 293 voluntate.
762 280 782 285 —
798 263 968 300 Praeterea,
985 267 1106 295 Auctor
1121 265 1257 295 multum
1282 271 1362 294 esset

305 305 498 340 diminutus,
524 305 629 335 dicens
644 314 724 346 quot
747 307 850 337 modis
870 314 1018 347 pecatum
1041 315 1145 348 potest
1161 318 1226 338 esse
1248 317 1360 347 poena,

306 356 337 379 et
351 358 469 388 negans
490 348 672 385 formaliter,
690 357 720 381 et
739 350 897 381 affirmans
914 361 950 381 ex
973 359 1058 392 parte
1083 361 1203 387 causae,
1220 351 1362 381 substan-

306 392 366 422 tiae
389 399 476 422 actus
500 400 531 423 et
553 393 690 430 effectus,
715 401 744 424 et
767 401 871 425 tacens
891 395 963 425 hoc.

362 435 399 465 II.
417 436 467 465 Ad
490 437 678 468 evidentiam
695 437 789 467 huius
811 437 1010 474 difficultatis,
1031 438 1195 468 sciendum
1214 444 1260 467 est
1275 437 1362 477 quod

306 486 446 509 tenentes
470 479 738 511 inordinationem
767 482 877 521 culpae
902 491 967 511 esse
990 491 1142 521 poenam,
1167 481 1364 519 distinguunt

307 524 395 563 quod
418 523 485 563 ipsa
502 524 667 564 dupliciter
688 525 839 555 sumitur:
863 524 980 554 scilicet
994 532 1029 555 ut
1045 531 1091 554 est
1110 534 1127 554 a
1146 524 1318 559 voluntate,
1334 530 1364 553 et

307 566 350 596 sic
375 567 468 606 culpa
487 574 518 598 et
533 578 598 598 non
614 577 735 608 poena;
760 575 790 598 et
805 575 840 598 ut
856 574 902 597 est
916 567 949 596 in
964 568 1136 603 voluntate,
1153 574 1183 597 et
1202 567 1245 597 sic
1260 576 1364 606 poena

308 617 339 640 et
354 619 419 640 non
435 611 537 651 culpa.
563 612 648 648 Quia
666 612 699 642 in
718 617 871 652 potestate
886 610 1056 642 voluntatis
1074 617 1120 641 est
1133 610 1237 650 primo
1253 611 1362 646 modo,

308 660 339 684 et
361 664 428 684 non
451 655 608 685 secundo:
633 665 708 685 narn
721 655 869 685 voluntas
887 653 1079 694 inquantum
1095 654 1282 690 subiectum,
1299 664 1364 683 non

308 697 402 728 habet
416 698 554 728 formam
568 698 782 728 inhaerentem
796 697 829 727 in
846 707 902 727 sua
918 704 1080 737 potestate.
1098 698 1138 728 Et
1154 698 1196 728 sic
1213 704 1259 728 est
1273 697 1364 733 iusta,

309 747 340 772 et
362 741 536 772 ordinative
559 742 679 781 culpae.
703 743 732 771 A
754 741 823 771 Deo
847 747 953 771 autem
986 742 1095 772 dicunt
1118 742 1207 782 quod
1230 747 1275 772 est
1294 748 1329 772 ut
1348 751 1365 771 a

310 785 478 817 deserente.
491 786 532 816 Et
545 785 622 815 haec
636 785 745 824 opinio
766 784 944 815 attribuitur
958 785 1107 825 Magistro
1123 785 1364 820 Sententiarum,

309 828 342 858 in
357 837 448 858 xxxw
460 827 659 859 distinctione
674 828 811 858 Secundi
822 827 848 858 *.
866 828 907 858 Et
918 829 1042 859 videtur
1053 829 1167 859 habere
1183 829 1303 859 multos
1319 838 1365 858 se-

309 881 434 913 quaces.
446 872 535 909 Quin
549 872 643 902 etiam
655 881 680 902 s.
693 871 839 902 Thomae
852 872 1008 908 tribuitur,
1021 879 1150 913 propter
1161 872 1338 913 supradicta
1350 872 1367 891 *

308 916 420 946 verba:
445 922 476 946 et
488 915 564 956 quia
581 915 641 951 hic,
657 915 793 955 loquens
817 916 856 945 de
880 923 1007 956 peccato
1027 927 1083 957 per
1106 927 1155 953 se,
1180 916 1255 947 dicit
1278 916 1365 956 quod

304 963 470 998 peccatum
479 968 543 999 per
556 968 591 989 se
610 959 833 989 consideratur
854 960 1027 990 secundum
1050 960 1135 1001 quod
1157 960 1323 1001 egreditur
1345 970 1365 990 a

309 1001 482 1039 voluntate,
505 1003 552 1033 sic
574 1004 656 1032 enim
680 1003 772 1033 habet
790 1004 945 1034 rationem
966 1004 1089 1044 culpae,
1114 1003 1204 1044 quasi
1227 1013 1366 1043 praeser-

308 1052 384 1075 vans
401 1054 432 1075 se
448 1055 467 1075 a
485 1052 614 1086 peccato
639 1047 815 1077 secundum
832 1056 962 1077 omnem
986 1047 1079 1078 aliam
1102 1047 1271 1083 rationem,
1289 1053 1367 1087 puta

308 1089 483 1120 secundum
506 1089 594 1130 quod
619 1097 664 1120 est
686 1090 719 1120 in
737 1091 909 1122 voluntate.

365 1132 419 1165 111.
438 1133 558 1164 Verum
580 1133 614 1163 in
627 1134 686 1164 hac
708 1144 751 1170 re,
771 1134 851 1165 sicut
866 1142 896 1165 et
911 1134 944 1165 in
964 1135 1080 1171 ceteris,
1097 1134 1210 1165 rationi
1225 1134 1321 1164 simul
1337 1141 1367 1164 et

308 1177 486 1207 auctoritati
515 1177 704 1208 Sanctorum
727 1178 939 1209 obediendum
969 1185 1058 1219 puto.
1086 1178 1236 1209 Rationes
1260 1185 1366 1208 autem

308 1228 367 1260 pro
391 1227 478 1261 parte
494 1221 690 1259 affirmativa,
712 1232 748 1252 ex
763 1222 1029 1254 disconvenientia
1046 1229 1076 1253 et
1090 1222 1302 1253 involuntario
1318 1232 1367 1252 su-

237 1292 270 1295 ᾼ
296 1263 451 1295 merituri
468 1259 518 1295 E‘x
532 1264 798 1296 disconvenientia
813 1266 954 1306 quidem,
970 1266 1045 1307 quia
1063 1266 1254 1297 inordinatio
1269 1266 1365 1296 actio—

308 1306 359 1337 nis
371 1307 567 1339 voluntariae
581 1318 735 1348 magnum
750 1309 872 1340 malum
889 1317 935 1341 est
947 1310 1133 1340 voluntatis:
1150 1320 1186 1340 ac
1201 1316 1367 1350 propterea

308 1360 375 1382 non
391 1362 486 1392 parva
501 1359 547 1383 est
561 1363 666 1393 poena
676 1353 872 1384 voluntatem
888 1354 974 1384 illam
987 1351 1111 1384 habere.
1125 1371 1146 1376 -
1157 1354 1204 1384 Ex
1219 1354 1366 1384 involun-

309 1395 389 1426 tan'o
411 1403 528 1432 autem,
553 1397 728 1436 dupliciter.
745 1397 863 1433 Primo,
881 1398 956 1438 quia
979 1397 1075 1429 talem
1097 1397 1365 1428 inordinationem

308 1438 411 1474 inesse
433 1449 499 1470 non
521 1447 568 1471 est
583 1440 809 1471 voluntarium.
833 1441 991 1478 Secundo,
1008 1441 1083 1482 quia
1096 1441 1191 1473 talem
1206 1441 1365 1472 inordina-

308 1481 431 1530 159110111
453 1483 518 1524 pati
539 1494 606 1514 non
630 1491 676 1514 est
697 1484 923 1515 voluntarium.
953 1485 1087 1516 Constat
1108 1491 1214 1516 autem
1239 1492 1269 1516 et
1296 1496 1365 1516 earn

277 1531 280 1534 ’
308 1525 409 1568 inesse
425 1527 581 1567 peccanti;
598 1534 629 1558 et
644 1535 826 1568 peccantem
842 1529 907 1568 pati
921 1528 1018 1565 illam,
1035 1529 1113 1560 dum
1128 1529 1257 1560 incurrit
1279 1529 1366 1559 illam

69 2360 81 2372 ⁸
89 2359 127 2383 Cl-
138 2366 204 2384 num.
217 2367 235 2389 1,
245 2367 280 2384 m.

52 3103 82 3152 2:
94 3103 144 3131 Qu.
152 3109 224 3130 mn,
239 3107 282 3126 art.

70 3190 180 3220 *Dionym
189 3191 219 3212 de
227 3191 281 3213 Dlv.

69 3215 154 3292 {ff
161 3223 220 3266 5:24.
226 3223 281 3271 ¹35,

307 1569 420 1600 nolens
440 1570 528 1601 illam
550 1570 716 1607 incurrere,
733 1572 759 1602 si
780 1579 896 1612 posset.
913 1573 1085 1603 exercendo
1108 1579 1215 1604 actum
1236 1573 1365 1614 peccati.

312 1624 339 1634 ‘—
363 1613 416 1644 lv.
437 1614 498 1644 Pro
515 1622 602 1655 parte
618 1622 725 1646 autem
748 1616 901 1655 negativa,
918 1626 955 1647 ex
977 1617 1170 1647 resolutione
1193 1627 1315 1657 poenae
1333 1617 1365 1647 in

307 1656 414 1688 Deum
437 1665 474 1688 ut
496 1668 633 1695 causam,
657 1659 737 1689 ratio
760 1660 905 1691 sumitur.
931 1660 1016 1691 Cum
1039 1661 1124 1691 enim
1143 1661 1248 1691 omnis
1263 1671 1366 1701 poena

307 1700 389 1738 iusta
404 1701 453 1738 sit,
471 1709 501 1733 et
515 1713 533 1732 a
547 1703 628 1739 Deo,
653 1709 689 1733 ut
711 1709 797 1743 patet
811 1714 866 1743 per
881 1704 1106 1744 Augustinum,
1121 1704 1154 1735 in
1169 1704 1250 1735 libro
1270 1704 1362 1735 Octo-

306 1745 400 1786 ginta
416 1747 514 1777 trium
533 1746 705 1784 Quaest.*;
725 1753 851 1787 oportet
869 1748 957 1790 quod
972 1748 1238 1780 inordinationem
1254 1748 1365 1788 culpae

308 1798 375 1818 esse
397 1789 431 1820 in
453 1797 611 1830 peccante,
627 1790 678 1820 vel
699 1790 856 1821 incurrere
872 1798 1065 1831 peccantem,
1085 1792 1124 1823 sit
1147 1802 1164 1822 a
1187 1793 1268 1823 Deo.
1293 1793 1364 1823 Hoc

307 1837 415 1863 autern
433 1841 480 1864 est
495 1833 699 1874 impossibile.
713 1835 838 1875 Ergo.—
848 1834 1083 1876 Consequentia
1098 1842 1144 1867 est
1158 1846 1214 1876 per
1229 1846 1261 1866 se
1278 1843 1363 1866 nota.

306 1875 438 1908 Falsitas
454 1884 561 1908 autem
577 1878 798 1919 consequentis
817 1879 984 1919 probatur:
1007 1885 1077 1910 tum
1100 1879 1175 1921 quia
1193 1880 1365 1911 accidentis

308 1928 376 1951 esse
398 1926 445 1952 est
467 1923 584 1959 inesse,
609 1932 644 1953 ac
667 1932 723 1962 per
745 1923 808 1953 hoc
827 1933 958 1953 causans
981 1923 1247 1954 inordinationem
1268 1932 1304 1955 ut
1318 1924 1364 1954 in-

307 1963 503 2002 haerentem,
528 1969 634 1996 causat
656 1976 727 1996 eam
751 1966 949 2006 simpliciter;
973 1974 1042 1998 tum
1066 1968 1140 2008 quia
1163 1978 1295 2008 peccans
1319 1975 1365 1999 est

307 2008 411 2039 malus
434 2009 621 2046 formaliter,
647 2010 905 2041 denominatione
927 2010 1108 2048 intrinseca,
1132 2011 1365 2042 inordinatione

308 2058 344 2082 ut
363 2052 554 2090 inhaerente,
571 2064 606 2084 ac
629 2064 684 2094 per
700 2054 761 2084 hoc
785 2064 803 2084 a
818 2054 898 2085 Deo.
913 2072 934 2077 -
949 2055 990 2085 Et
1004 2055 1080 2085 haec
1099 2055 1236 2086 militant
1255 2063 1363 2087 contra

308 2102 476 2137 utramque
491 2097 586 2128 viam.
599 2098 684 2135 Quia
699 2098 856 2128 incurrere
871 2098 967 2129 talem
985 2098 1252 2131 inordinationem
1271 2110 1364 2140 agen-

309 2140 368 2176 d0,
393 2147 439 2171 est
461 2150 606 2181 peccare:
630 2142 718 2182 quod
746 2152 812 2172 non
836 2149 882 2172 est
905 2152 923 2172 a
941 2142 1020 2173 Deo.
1044 2142 1086 2173 Et
1108 2143 1264 2174 incurrere
1295 2154 1365 2174 eam

308 2184 504 2224 recipiendo,
536 2192 582 2216 est
606 2185 716 2216 subiici
739 2185 798 2222 illi,
829 2186 917 2226 quod
942 2186 1083 2217 consistit
1105 2186 1138 2216 in
1166 2187 1364 2218 inhaesione:

308 2237 399 2268 quae,
417 2235 452 2259 ut
466 2230 636 2269 probatum
651 2236 706 2265 est,
727 2239 792 2260 non
809 2237 855 2260 est
877 2240 895 2260 a
917 2230 987 2260 Deo
1003 2230 1063 2260 nisi
1083 2230 1116 2260 in
1131 2240 1184 2261 me
1207 2241 1274 2262 esse
1293 2242 1365 2272 pec-

309 2278 416 2302 eatum
438 2273 478 2304 sit
500 2283 519 2303 a
540 2274 621 2304 Deo.

363 2315 403 2347 V.
423 2316 456 2347 Si
481 2315 552 2357 quis
575 2318 682 2347 autem
706 2317 881 2348 consideret
902 2323 1051 2358 utrasque
1073 2317 1225 2355 rationes,
1249 2319 1367 2349 videbit

309 2360 398 2400 quod
421 2360 541 2401 primae
556 2360 574 2380 *
589 2361 678 2391 facile
702 2361 878 2391 solvuntur.
893 2361 976 2391 Nam
999 2361 1114 2392 falsum
1130 2361 1163 2392 in
1187 2362 1297 2402 primis
1321 2369 1367 2393 est

309 2403 399 2444 quod
421 2414 526 2444 poena
548 2404 588 2435 sit
611 2405 746 2435 carentia
769 2404 845 2435 boni
865 2404 1079 2436 convenientis
1093 2406 1249 2437 voluntati
1266 2413 1296 2440 et
1310 2417 1366 2437 vo-

308 2447 396 2479 lenti.
418 2448 494 2478 Plus
518 2449 604 2479 enim
627 2448 760 2488 exigitur
775 2449 815 2478 ad
829 2448 984 2479 rationem
999 2458 1130 2489 poenae,
1146 2450 1263 2481 scilicet
1278 2451 1366 2490 quod

309 2491 350 2523 sit
375 2499 485 2523 contra
513 2493 727 2523 voluntatem:
759 2502 833 2523 curn
860 2492 1009 2523 consistat
1030 2493 1063 2523 in
1086 2493 1161 2533 pati.
1184 2494 1366 2525 Secundum

310 2535 395 2567 enim
418 2536 645 2576 Augustinum,
669 2536 703 2566 in
722 2536 734 2566 1
754 2536 794 2566 de
807 2536 875 2567 Lib.
891 2536 992 2567 Arbit.
1007 2536 1034 2573 *‚
1058 2537 1152 2577 culpa
1175 2543 1222 2568 est
1244 2538 1365 2568 malum

309 2580 394 2620 quod
416 2581 563 2622 agimus,
582 2589 688 2620 poena
703 2580 832 2610 ⁶malum
857 2581 941 2620 quod
952 2581 1109 2620 patimur.
1125 2581 1166 2612 Et
1179 2581 1211 2612 in
1227 2581 1309 2612 libro
1328 2582 1367 2612 de

271 2634 283 2640 ·
309 2622 388 2654 Fide
410 2624 454 2654 ad
467 2625 598 2655 Petrum
614 2622 646 2653 *t
673 2624 840 2654 Geminum
858 2629 904 2655 est
927 2630 1096 2655 creaturae
1116 2626 1284 2656 rationalis
1300 2635 1366 2656 ma—

310 2667 394 2698 lum:
416 2677 517 2698 unum
536 2677 598 2708 quo
618 2668 797 2698 voluntarie
812 2668 918 2708 deficit
932 2678 952 2698 a
968 2677 1092 2699 summo
1108 2668 1204 2707 bono,
1228 2669 1365 2700 alterum

309 2720 372 2751 quo
392 2712 491 2742 invita
501 2713 648 2752 punitur.
665 2711 758 2742 Unde
772 2711 905 2752 privatio
926 2712 1062 2742 iustitiae
1077 2712 1110 2742 in
1125 2719 1195 2743 actu
1213 2720 1258 2744 est
1272 2714 1367 2753 longe

310 2754 413 2786 maius
437 2755 558 2786 malum
576 2765 675 2795 quam
697 2755 830 2795 privatio
852 2756 1024 2792 commodi,
1043 2763 1073 2787 et
1088 2756 1186 2796 magis
1206 2757 1366 2788 disconve-

310 2798 416 2829 niens:
434 2807 499 2829 non
522 2805 628 2829 tamen
644 2798 795 2839 sequitur,
812 2799 904 2841 Ergo
920 2805 966 2830 est
989 2801 1096 2841 magis
1102 2810 1221 2841 poena,
1240 2811 1256 2831 a
1273 2811 1365 2842 supe-

310 2841 384 2872 riori
403 2841 443 2872 ad
459 2852 555 2873 suum
569 2842 698 2872 inferius
715 2841 908 2874 affirmative.
932 2843 992 2874 Sed
1013 2844 1092 2874 bene
1108 2844 1258 2885 sequitur,
1275 2845 1367 2886 Ergo

310 2890 356 2916 est
374 2886 468 2927 peius
490 2896 585 2927 quam
603 2896 720 2926 poena.
737 2886 779 2917 Et
801 2887 862 2917 hoc
880 2897 991 2917 verum
1007 2894 1069 2918 est:
1086 2888 1162 2930 quia
1180 2896 1227 2919 est
1245 2889 1367 2919 malum

310 2929 431 2970 culpae,
455 2930 544 2970 quod
566 2930 660 2969 longe
683 2930 772 2970 peius
796 2937 852 2961 est.

369 2973 460 3010 Quae
487 2981 594 3004 autem
623 2973 793 3005 afferuntur
820 2975 859 3004 ad
887 2975 1073 3006 salvandum
1100 2976 1366 3012 involuntarium,

310 3027 423 3057 parurn
447 3024 599 3057 prosunt,
627 3025 756 3058 propter
784 3018 859 3050 duo.
886 3019 1012 3055 Primo,
1039 3019 1114 3060 quia
1137 3020 1205 3060 ipsa
1233 3020 1366 3060 privatio

311 3061 430 3091 ordinis
452 3061 486 3091 in
509 3061 631 3092 actione
655 3061 779 3102 culpae,
810 3072 876 3092 non
904 3070 950 3094 est
972 3062 1077 3103 primo
1110 3070 1140 3094 et
1167 3064 1282 3094 directe
1311 3074 1367 3094 vo-

309 3104 459 3141 luntaria;
489 3105 559 3141 sed,
591 3111 627 3135 ut
650 3115 686 3135 ex
715 3105 900 3146 supradictis
924 3106 942 3126 *
968 3114 1069 3147 patet,
1101 3106 1215 3138 sufficit
1243 3108 1282 3137 ad
1305 3107 1367 3138 hoc

310 3149 398 3190 quod
422 3149 544 3179 malum
568 3149 678 3190 culpae
702 3149 750 3185 sit,
772 3150 860 3190 quod
883 3150 1032 3181 indirecte
1051 3157 1082 3182 et
1104 3151 1290 3182 secundario
1314 3161 1368 3181 vo-

310 3193 446 3223 luntaria
469 3192 524 3228 sit,
549 3193 623 3233 quia
647 3202 738 3223 nemo
767 3198 921 3233 operatur
943 3195 1100 3235 aspiciens
1122 3195 1165 3226 ad
1194 3195 1313 3226 malum
1339 3195 1366 3225 *.

311 3237 402 3267 Unde
428 3246 502 3267 cum
525 3246 628 3276 poena
651 3243 682 3267 et
705 3237 798 3277 culpa
822 3237 1053 3278 distinguantur
1071 3249 1127 3279 per
1149 3239 1366 3269 voluntarium

309 3287 340 3311 et
362 3280 626 3316 involuntarium;
649 3287 679 3311 et
697 3280 740 3311 sic
758 3281 974 3312 voluntarium
989 3282 1021 3312 in
1040 3282 1215 3322 privatione
1231 3289 1267 3313 ut
1288 3283 1366 3312 mal-

309 3324 411 3354 lemus
427 3324 514 3354 illam
535 3324 632 3354 vitare
659 3324 746 3355 salvo
769 3332 854 3362 actu,
871 3326 1041 3357 constituat
1056 3326 1088 3356 in
1113 3336 1150 3356 eo
1176 3326 1286 3366 culpae
1302 3336 1366 3356 ma-

308 3368 391 3403 lum;
416 3377 612 3409 consequens
628 3374 674 3398 est
697 3374 732 3399 ut
754 3368 841 3399 aliter
859 3369 1110 3401 involuntarium
1138 3376 1303 3400 concurrat
1325 3370 1364 3399 ad

308 3411 463 3442 rationem
486 3421 617 3452 poenae.

357 3455 521 3492 Secundo,
539 3456 613 3496 quia
632 3455 783 3492 inhaesio,
800 3456 863 3487 sive
878 3457 993 3497 passio,
1011 3457 1105 3488 huius
1124 3455 1363 3487 inordinationis

310 3499 434 3540 culpae,
459 3506 514 3530 aut
536 3500 666 3539 ponitur
689 3499 814 3531 effectus
838 3500 969 3531 actionis
992 3501 1186 3531 inordinatae
1211 3509 1292 3540 quae
1318 3506 1363 3530 est

2397 188 2465 223 123

1413 271 1588 303 peccatum,
1606 271 1660 295 aut
1683 274 1758 294 non.
1783 264 1815 294 Si
1839 264 1970 304 ponitur
1992 264 2128 300 effectus,
2154 272 2208 295 aut
2231 265 2386 296 formalis:
2403 284 2423 288 -
2439 274 2469 297 et

1414 314 1488 337 tunc
1507 308 1592 338 idem
1608 314 1654 338 est
1669 308 1823 338 iudicium
1842 307 1885 349 des
1899 308 1992 348 culpa
2014 315 2044 339 et
2062 308 2115 339 tali
2134 308 2262 345 effectu;
2287 309 2367 340 sicut
2384 310 2469 340 idem

1414 358 1459 381 est
1477 351 1630 382 iudicium
1653 352 1691 381 de
1715 351 1859 382 caecitate
1882 359 1913 382 et
1935 362 2002 382 esse
2026 362 2165 390 caecum,
2185 353 2327 383 albedine
2351 360 2381 384 et
2403 364 2468 384 esse

1414 394 1532 424 album.
1549 395 1581 425 Si
1597 395 1694 431 aliter,
1710 395 1800 436 quasi
1817 395 1896 426 sicut
1910 395 2015 435 passio
2035 402 2081 426 est
2096 395 2222 427 effectus
2237 397 2378 433 actionis,
2393 404 2469 428 tunc

1415 447 1480 467 non
1504 445 1584 468 esset
1607 439 1776 469 dicendum
1799 439 1887 479 quod
1910 439 1977 479 ipsa
2002 439 2134 470 essentia
2156 441 2274 479 peccati
2291 447 2336 471 est
2356 451 2467 481 poena,

1415 481 1469 510 sed
1489 482 1662 512 secundum
1682 493 1776 513 suum
1800 482 1959 513 effectum:
1984 490 2014 513 et
2030 484 2207 514 continetur
2226 484 2286 514 hoc
2302 485 2360 515 sub
2377 485 2468 515 tertio

1415 525 1558 554 membro
1582 526 1686 564 posito
1702 526 1734 555 in
1750 526 1858 556 littera.
1875 544 1896 549 -
1911 526 1942 557 Si
1959 537 2024 557 non
2041 527 2170 567 ponitur
2185 527 2322 566 effectus,
2342 529 2395 558 sed
2411 539 2468 568 po-

1415 567 1500 597 nitur
1522 568 1654 599 identice
1677 569 1761 599 idem
1778 577 1808 600 et
1823 577 1964 609 respectu
1984 570 2138 607 distincta,
2155 579 2238 602 extra
2254 572 2469 603 voluntarium

1416 621 1482 640 non
1511 618 1571 641 est:
1597 622 1699 652 neque
1722 613 1807 643 enirn
1830 614 2005 644 voluntarie
2028 621 2151 645 tantum
2174 625 2307 655 peccans
2326 616 2398 656 agit,
2415 616 2469 646 sed

1417 664 1448 691 se
1472 654 1504 683 in
1528 662 1656 694 peccato
1680 656 1779 695 ponit,
1804 664 1834 687 et
1856 657 1889 686 in
1912 665 2040 697 peccato
2064 666 2247 698 perseverat.

1474 698 1527 728 VI.
1555 698 1678 729 Solutio
1703 707 1808 729 autem
1836 711 1916 740 quae
1940 702 2030 732 datur
2052 712 2070 732 a
2093 702 2188 733 Scoto
2209 700 2224 717 *
2248 703 2287 733 ad
2315 704 2469 734 rationem

1418 740 1532 771 factam
1555 752 1613 781 pro
1630 749 1716 782 parte
1741 744 1892 782 negativa,
1918 745 2005 784 quod
2024 745 2215 776 inordinatio
2231 746 2290 777 ista
2306 754 2352 778 est
2366 758 2384 778 a
2398 748 2468 778 Deo

1418 794 1482 814 non
1500 785 1668 825 infligente,
1685 787 1740 816 sed
1756 787 1916 818 deserente
1925 786 1950 822 ¹¹¹,
1968 788 2046 819 nihil
2069 790 2202 820 omnino
2221 791 2313 822 valet.
2331 791 2414 829 Quia
2429 792 2469 822 ad

1418 829 1573 859 rationem
1595 840 1718 869 poenae
1742 830 1872 870 exigitur
1902 833 1989 871 quod
2013 833 2052 863 sit
2080 843 2097 862 a
2121 833 2189 863 Deo
2218 844 2256 864 eo
2280 836 2379 866 modo
2403 845 2468 876 quo

1419 872 1511 912 culpa
1523 883 1588 903 non
1605 880 1651 903 est
1666 874 1704 904 ab
1721 883 1773 904 eo:
1794 874 1909 905 scilicet
1920 882 1954 906 ut
1969 875 2002 905 in
2013 876 2120 916 ipsum
2136 878 2302 908 resolvitur
2316 885 2469 919 tanquam

1418 915 1450 945 in
1467 916 1603 956 primam
1620 927 1756 954 causam,
1773 918 1906 958 positive
1922 919 1972 948 vel
1991 920 2141 959 negative,
2159 921 2239 952 sicut
2262 929 2362 953 cetera
2376 923 2468 953 iusta.

1419 959 1479 989 Sed
1495 961 1600 991 reduci
1616 961 1648 991 in
1665 962 1770 991 Deum
1787 968 1822 992 ut
1834 962 2036 999 deserentem,
2054 974 2120 994 non
2136 971 2182 995 est
2197 965 2302 996 reduci
2314 966 2348 996 in
2363 966 2469 1006 ipsum

1419 1009 1454 1033 ut
1476 1004 1612 1042 primam
1636 1015 1773 1036 causam.
1798 1006 1891 1045 ErgO.
1909 1023 1927 1028 —
1943 1006 2096 1037 Probatur
2119 1008 2232 1039 minor.
2250 1009 2334 1046 Quia
2356 1010 2470 1040 habere

1418 1047 1522 1077 Deum
1547 1055 1582 1078 ut
1600 1058 1726 1078 causam
1751 1049 1953 1085 deserentem,
1974 1060 2143 1082 commune
2163 1059 2208 1083 est
2223 1053 2333 1093 culpae
2351 1060 2380 1084 et
2395 1064 2469 1094 poe-

1418 1101 1485 1126 nae,
1511 1098 1557 1122 est
1575 1092 1659 1122 enim
1675 1092 1761 1122 Deus
1782 1103 1875 1123 causa
1890 1093 1964 1123 mali
1980 1094 2090 1134 culpae
2107 1096 2294 1126 deserendo:
2320 1103 2350 1127 et
2364 1104 2470 1128 tamen

1419 1134 1600 1174 simpliciter
1622 1142 1753 1175 negatur
1778 1137 1866 1176 quod
1885 1137 1923 1167 sit
1941 1137 2024 1168 illius
2042 1148 2143 1175 causa,
2162 1146 2196 1170 ut
2211 1139 2382 1171 affirmatur
2397 1141 2470 1171 sim-

1418 1178 1539 1218 pliciter
1562 1181 1649 1220 quod
1678 1187 1724 1210 est
1747 1190 1840 1210 causa
1862 1191 1992 1220 poenae.
2021 1182 2106 1212 Deus
2129 1183 2223 1222 igitur
2250 1190 2286 1214 ut
2309 1185 2469 1221 deserens,

1419 1233 1483 1252 non
1508 1230 1554 1253 est
1577 1234 1594 1253 a
1617 1234 1682 1264 quo
1707 1230 1752 1254 est
1775 1234 1888 1264 poena,
1913 1225 1966 1255 sed
1989 1225 2060 1265 plus
2085 1233 2210 1266 oportet
2232 1228 2354 1258 addere.

1472 1267 1512 1297 Et
1535 1266 1746 1298 confirmatur.
1765 1267 1848 1305 Quia
1870 1268 1950 1298 inter
1973 1269 2181 1300 desertionem
2210 1271 2320 1311 culpae
2346 1279 2376 1302 et
2395 1282 2470 1312 poe-

1418 1320 1476 1340 nae
1499 1310 1560 1340 hoc
1583 1311 1718 1347 interest,
1743 1311 1830 1351 quod
1853 1312 1950 1347 Deus,
1967 1319 2109 1352 respectu
2134 1314 2253 1354 culpae,
2277 1315 2346 1345 vult
2369 1316 2470 1346 deser-

1418 1353 1547 1390 tionem,
1563 1355 1616 1384 sed
1631 1365 1697 1385 non
1713 1355 1856 1395 culpam:
1874 1362 2016 1395 respectu
2032 1366 2163 1396 poenae,
2178 1358 2247 1388 vult
2262 1359 2470 1390 desertionem

1418 1404 1448 1428 et
1469 1408 1617 1437 poenam.
1642 1399 1682 1429 Et
1704 1406 1869 1439 propterea
1893 1399 1986 1429 etiam
2010 1400 2198 1437 deserendo,
2223 1408 2269 1432 est
2291 1402 2472 1443 simpliciter

1418 1451 1511 1472 causa
1534 1452 1655 1482 poenae
1671 1452 1726 1482 per
1741 1443 1939 1473 voluntatem
1955 1453 2055 1473 suam.
2080 1444 2142 1474 Sed
2157 1445 2244 1475 Deus
2260 1456 2327 1475 non
2342 1447 2410 1477 vult
2425 1447 2470 1477 in-

1418 1485 1649 1516 ordinationem
1672 1486 1816 1522 iustitiae,
1835 1496 1915 1526 quae
1935 1494 1981 1517 est
1997 1487 2197 1518 essentialiter
2211 1489 2333 1519 malum
2350 1491 2469 1530 culpae,

1417 1539 1497 1569 quae
1521 1530 1650 1569 ponitur
1672 1539 1785 1569 poena.
1810 1530 1894 1569 Ergo
1919 1531 2090 1561 deserendo
2113 1541 2178 1561 non
2200 1539 2245 1563 est
2267 1543 2360 1564 causa
2374 1534 2469 1565 huius

1417 1583 1547 1612 poenae,
1565 1574 1645 1604 sicut
1667 1584 1724 1603 nec
1747 1573 1867 1613 culpae.
1889 1591 1910 1596 -
1926 1574 2080 1604 Probatur
2095 1575 2209 1606 minor.
2235 1576 2318 1613 Quia
2337 1577 2362 1607 si
2385 1579 2471 1608 Deus

1416 1617 1508 1648 vellet
1531 1617 1797 1648 inordinationem
1816 1618 1933 1656 peccati
1950 1627 2016 1647 esse
2036 1618 2068 1648 in
2085 1628 2146 1654 me,
2162 1619 2247 1649 Deus
2263 1621 2357 1651 vellet
2371 1622 2404 1651 in
2420 1632 2471 1652 me

1417 1671 1482 1691 esse
1502 1668 1676 1700 peccatum,
1697 1671 1748 1691 me
1771 1661 1886 1691 habere
1906 1668 2083 1701 peccatum:
2101 1663 2188 1702 quod
2206 1670 2251 1694 est
2265 1664 2470 1704 impossibile.

1469 1705 1537 1735 VII.
1559 1705 1642 1742 Quia
1657 1704 1752 1744 igitur
1770 1715 1841 1744 pars
1865 1705 2007 1744 negativa
2031 1706 2142 1736 rationi
2164 1706 2304 1738 inhaeret
2319 1715 2349 1739 et
2364 1716 2471 1740 aucto-

1410 1744 1498 1779 ‘ritati
1513 1748 1545 1785 *,
1569 1749 1640 1778 ideo
1665 1758 1739 1779 cum
1762 1748 1883 1784 dicitur,
1908 1749 2043 1786 Iussisti,
2067 1750 2214 1788 Domine,
2240 1756 2269 1781 et
2290 1753 2337 1782 sic
2359 1758 2415 1790 est,
2438 1759 2472 1784 ut

1418 1794 1519 1823 omnis
1542 1793 1742 1823 inordinatus
1768 1793 1895 1822 animus
1917 1792 1976 1823 sibi
1998 1794 2058 1832 ipsi
2082 1794 2122 1823 sil
2143 1804 2249 1833 poena
2268 1794 2300 1832 *‚
2327 1806 2363 1826 ex
2385 1803 2471 1836 parte

1418 1836 1607 1867 substantiae
1621 1842 1707 1866 actus
1726 1836 1775 1866 vel
1793 1835 1928 1872 effectus,
1941 1836 2133 1876 intelligitur,
2145 1844 2180 1867 ut
2194 1838 2224 1867 in
2237 1838 2337 1869 littera
2349 1840 2470 1871 dicitur.

1418 1898 1438 1903 -
1451 1881 1491 1910 Et
1506 1880 1566 1910 hoc
1583 1881 1680 1910 modo
1704 1879 1834 1919 glossari
1858 1886 1962 1919 potest
1976 1882 2096 1910 Auctor
2111 1881 2143 1910 in
2157 1882 2258 1912 verbis
2273 1882 2333 1913 illis
2348 1883 2380 1913 in
2397 1894 2471 1914 con-

1417 1924 1546 1954 trarium
1563 1924 1662 1954 allatis
1677 1923 1708 1953 *z
1727 1931 1762 1954 ut
1780 1923 1990 1963 intelligamus
2013 1933 2149 1964 poenam
2168 1925 2338 1956 admixtam
2362 1927 2472 1967 culpae

1419 1978 1455 1998 ex
1478 1978 1515 1998 eo
1540 1968 1628 2008 quod
1646 1967 1837 1998 inordinatio
1853 1975 1898 1998 est
1913 1968 2153 2008 quodammodo
2169 1969 2389 2007 involuntaria,
2406 1981 2471 2002 non

1418 2012 1450 2042 in
1473 2012 1541 2052 ipsa
1559 2011 1790 2042 inordinatione
1814 2011 1941 2051 peccati,
1966 2012 2020 2041 sed
2042 2012 2108 2042 eius
2131 2012 2328 2053 inseparabili
2349 2014 2470 2046 effectu.

1418 2056 1476 2086 Vel
1500 2056 1618 2086 dicatur
1641 2062 1777 2085 correcta
1793 2065 1859 2085 esse
1874 2055 1967 2085 verba
1982 2055 2034 2085 illa
2051 2055 2110 2092 hic,
2127 2056 2204 2086 dum
2220 2057 2337 2096 pluries
2351 2061 2472 2089 Auctor

1418 2100 1546 2140 replicat
1576 2099 1664 2129 nullo
1688 2099 1787 2128 modo
1811 2106 1975 2138 peccatum
1998 2109 2053 2139 per
2077 2109 2108 2129 se
2132 2110 2224 2139 posse
2247 2110 2313 2131 esse
2334 2112 2472 2141 poenam

1419 2144 1553 2184 peccati:
1578 2153 1681 2183 neque
1705 2142 1790 2172 enim
1809 2142 1922 2173 frustra
1939 2142 2013 2172 dicit
2032 2149 2062 2173 et
2077 2143 2204 2183 replicat
2220 2144 2251 2184 ly
2272 2145 2360 2175 nullo
2381 2146 2472 2176 modo

1420 2195 1450 2218 et
1473 2188 1504 2228 ly
1522 2192 1636 2227 potest.

1474 2232 1555 2262 VIII.
1581 2231 1615 2260 In
1639 2230 1753 2260 eodem
1776 2230 1914 2260 secundo
1938 2230 2079 2265 articulo,
2103 2230 2135 2260 in
2158 2230 2261 2270 primo
2285 2233 2383 2262 modo
2407 2243 2472 2273 quo

1419 2282 1583 2316 peccatum
1606 2274 1735 2314 ponitur
1758 2283 1861 2314 poena
1884 2273 2095 2313 praecedentis
2118 2275 2246 2313 peccati,
2270 2276 2403 2306 dubium
2422 2287 2473 2307 oc-

1420 2319 1513 2350 currit
1537 2329 1573 2348 ex
1595 2318 1700 2354 Scoto,
1724 2317 1757 2347 in
1780 2327 1871 2347 xxxvx
1895 2317 2092 2348 distinctione
2116 2317 2265 2354 Secundi,
2290 2319 2344 2359 qui
2367 2327 2474 2351 contra

1420 2364 1481 2394 hoc
1504 2362 1605 2401 arguit
1627 2371 1692 2391 non
1716 2368 1868 2401 tanquam
1891 2361 2015 2397 falsum,
2037 2361 2094 2396 sed
2116 2361 2240 2392 difficile
2264 2369 2294 2392 et
2316 2363 2474 2394 dimitten-

1421 2408 1507 2437 dum.
1533 2406 1616 2443 Quia
1635 2405 1660 2435 si
1674 2411 1838 2445 peccatum
1852 2404 1983 2444 ponitur
1997 2415 2100 2444 poena
2116 2406 2326 2444 praecedentis
2345 2408 2472 2446 peccati,

1420 2457 1548 2491 propter
1567 2449 1811 2480 subtractionem
1830 2448 1946 2484 auxilii,
1970 2448 2111 2488 sequitur
2133 2450 2221 2489 quod
2240 2457 2404 2489 peccatum
2426 2461 2472 2481 se-

1421 2495 1561 2526 cundum
1585 2503 1651 2523 non
1674 2500 1720 2523 est
1741 2493 1775 2522 in
1797 2499 1951 2532 potestate
1978 2492 2165 2530 voluntatis,
2190 2500 2220 2523 et
2237 2493 2383 2524 voluntas
2407 2504 2471 2524 non

1421 2545 1524 2578 potest
1539 2544 1614 2568 tunc
1635 2547 1702 2567 non
1725 2535 1864 2566 deficere.
1880 2554 1900 2558 -
1915 2536 2068 2566 Probatur
2082 2537 2218 2576 sequela.
2234 2537 2318 2574 Quia
2340 2548 2404 2567 non
2428 2545 2473 2568 est

1420 2583 1452 2612 in
1473 2588 1624 2622 potestate
1641 2589 1712 2616 sua;
1733 2590 1790 2610 nec
1809 2586 1954 2619 paratum
1971 2579 2122 2610 auxilium
2146 2580 2299 2617 divinum,
2319 2591 2385 2621 quo
2405 2588 2473 2621 eget

1421 2627 1459 2656 ad
1483 2633 1563 2656 recte
1586 2625 1744 2664 agendum
1766 2624 1885 2664 absque
1909 2623 2030 2654 defectu
2054 2624 2181 2663 peccati.

1477 2669 1622 2700 Secundo
1651 2668 1752 2708 arguit
1779 2667 1868 2707 quod
1891 2677 1956 2696 non
1984 2667 2085 2697 simile
2116 2674 2161 2697 est
2191 2668 2278 2708 quod
2302 2668 2469 2698 subtractio

1421 2714 1535 2754 gratiae
1555 2719 1691 2752 ponatur
1713 2721 1826 2751 poena,
1852 2717 1882 2741 et
1905 2711 1993 2751 quod
2016 2711 2184 2741 subtractio
2201 2711 2297 2740 divini
2313 2711 2417 2741 auxilii
2433 2712 2472 2741 ad

1421 2757 1655 2788 rectificandum
1679 2762 1785 2786 actum
1801 2755 1985 2790 secundum,
2003 2762 2139 2794 ponatur
2159 2765 2271 2794 poena.
2294 2755 2381 2784 Tum
2397 2755 2471 2795 quia

1421 2802 1507 2832 Deus
1530 2811 1596 2830 non
1625 2799 1708 2830 dedit
1737 2799 1868 2838 gratiam
1898 2799 2122 2834 antecedenter,
2149 2798 2229 2828 sicut
2255 2798 2471 2828 rectitudinem

1422 2852 1517 2876 actus.
1527 2845 1614 2874 Turn
1625 2843 1699 2883 quia
1715 2842 1848 2873 carentia
1863 2841 2056 2872 rectitudinis
2072 2849 2117 2872 est
2133 2851 2255 2881 semper
2270 2851 2390 2872 novum
2404 2852 2470 2872 ma-

1422 2890 1503 2925 lum;
1528 2887 1661 2918 carentia
1684 2896 1758 2917 vero
1774 2886 1888 2926 gratiae
1914 2892 1959 2916 est
1974 2885 2130 2915 habituale
2147 2886 2277 2915 malum.
2302 2885 2342 2915 Et
2358 2895 2394 2915 ex
2409 2885 2471 2916 hoc

1422 2932 1562 2973 sequitur
1584 2931 1672 2972 quod
1695 2930 1753 2960 ista
1776 2929 1929 2960 rectitudo
1946 2939 2069 2968 semper
2084 2929 2175 2959 debet
2190 2938 2254 2958 esse
2270 2928 2302 2958 in
2317 2927 2471 2968 'potestate

1421 2975 1607 3011 voluntatis,
1631 2975 1684 3005 illa
1711 2980 1817 3004 autem
1848 2983 1912 3003 non
1941 2982 2077 3012 semper,
2101 2973 2155 3002 sed
2183 2972 2260 3002 dum
2283 2972 2470 3002 habebatur:

1422 3020 1573 3060 alioquin,
1590 3026 1626 3049 ut
1649 3018 1768 3048 dictum
1788 3024 1843 3053 est,
1860 3027 1925 3046 non
1941 3023 2047 3056 posset
2062 3026 2127 3046 non
2143 3025 2269 3055 peccare
2284 3015 2316 3044 in
2332 3016 2470 3046 secundo

1421 3070 1559 3104 peccato,
1585 3063 1672 3103 quod
1695 3061 1825 3102 ponitur
1847 3070 1950 3100 poena
1972 3059 2065 3099 primi
2088 3059 2215 3099 peccati.

1477 3108 1529 3138 IX.
1546 3107 1596 3137 Ad
1612 3106 1672 3136 hoc
1696 3105 1808 3135 dicitur
1822 3104 1966 3143 negando
1983 3102 2151 3143 sequelam,
2168 3102 2283 3132 scilicet
2299 3103 2386 3143 quod
2399 3112 2470 3142 pec-

1422 3158 1527 3182 catum
1546 3150 1720 3180 secundum
1740 3158 1805 3178 non
1821 3153 1901 3177 esset
1915 3147 1947 3176 in
1963 3152 2115 3186 potestate
2131 3146 2310 3176 voluntatis.
2334 3146 2417 3176 Nam
2432 3146 2471 3176 ad

1421 3195 1482 3225 hoc
1498 3193 1611 3224 sufficit
1633 3192 1721 3232 quod
1745 3191 1783 3221 sit
1805 3191 1837 3220 in
1861 3197 2013 3230 potestate
2034 3189 2202 3220 voluntatis
2218 3189 2316 3219 facere
2335 3190 2423 3230 quod
2438 3190 2470 3219 in

1421 3249 1453 3269 se
1469 3245 1523 3273 est,
1544 3243 1574 3267 et
1589 3236 1677 3276 quod
1693 3234 1794 3275 possit
1808 3234 1948 3273 singulos
1963 3240 2049 3263 actus
2066 3233 2183 3273 peccati
2202 3233 2308 3269 vitare,
2326 3240 2356 3264 et
2371 3233 2469 3274 quod,

1421 3288 1575 3322 quantum
1591 3280 1622 3309 in
1639 3288 1671 3308 se
1688 3285 1742 3314 est,
1756 3277 1855 3317 possit
1871 3277 1909 3307 ad
1925 3277 2056 3317 gratiam
2071 3276 2282 3307 rehabendam
2297 3287 2329 3307 se
2342 3287 2470 3317 praepa-

1419 3335 1494 3355 rare.
1511 3324 1572 3355 Sed
1595 3323 1633 3352 de
1652 3321 1700 3352 his
1719 3321 1856 3356 inferius,
1870 3331 1924 3361 qu.
1944 3331 1993 3350 ‹:1x
2002 3320 2028 3356 *,
2047 3320 2103 3350 erit
2127 3330 2230 3350 sermo
2250 3319 2403 3351 diffusius.
2427 3320 2472 3351 Si-

1420 3375 1472 3399 cut
1495 3376 1631 3406 namque
1653 3365 1733 3395 iuste
1759 3364 1949 3394 subtrahitur
1969 3363 2065 3403 gratia
2087 3363 2263 3399 habitualis,
2291 3364 2335 3394 sic
2362 3374 2470 3394 conse-

1418 3417 1549 3452 quenter
1564 3409 1715 3440 auxilium
1731 3408 1873 3438 divinum
1889 3407 2007 3438 actuale
2023 3414 2164 3447 spectans
2177 3407 2215 3438 ad
2226 3407 2367 3448 gratuita,
2378 3408 2469 3448 quale

1418 3462 1463 3486 est
1486 3453 1638 3484 auxilium
1661 3452 1767 3482 efficax
1790 3452 1828 3481 ad
1852 3461 1917 3482 non
1940 3451 2144 3492 peccandum.

1471 3498 1521 3528 Ad
1545 3497 1719 3527 secundum
1739 3495 1850 3526 dicitur
1873 3495 1970 3536 quod,
1988 3495 2061 3535 quia
2081 3496 2166 3526 Deus
2189 3495 2257 3526 vult
2280 3505 2389 3526 omnes
2412 3495 2468 3524 ho-

2496 705 2612 727 'Loc.cit.
2621 711 2707 728 numa.

2497 794 2506 803 ·
2516 792 2551 814 Cf.
2563 799 2626 814 num.
2638 798 2663 820 ιι,
2675 799 2706 814 tv.

2501 1762 2510 1770 ·
2525 1761 2561 1782 Cf.
2576 1766 2639 1782 num.
2654 1767 2685 1782 rv.

2498 1805 2509 1815 ⁸
2523 1805 2560 1827 Cf.
2577 1812 2639 1827 num.
2654 1812 2670 1827 ι.

2499 1935 2508 1944 ·
2522 1935 2581 1958 lbid.

2497 3327 2507 3337 “
2526 3327 2577 3347 Art.
2602 3327 2624 3349 8.
2641 3338 2651 3343 -
2669 3326 2705 3348 Cf.

2498 3352 2627 3374 Commeat.
