2840 4010
13 3447 15 3451 ¹
64 3454 77 3468 ⁸
89 3454 157 3478 vern.
171 3455 202 3477 16.

948 196 1212 244 QUAESTIO
1243 197 1396 243 LXXV,
1425 193 1721 232 ARTICULUS
1751 194 1800 230 111

288 277 456 327 regulam
477 275 729 314 considerare.
751 276 829 313 Sed
846 276 930 324 ipsa
948 276 1128 324 perfectio
1146 275 1349 312 voluntarii

290 338 395 368 actus
426 329 572 378 peccati
609 329 770 378 pertinet
801 329 850 366 ad
882 330 1134 366 voluntatem:
1163 328 1213 364 ita
1245 328 1348 375 quod

289 383 372 433 ipse
397 381 603 419 voluntatis
631 389 748 428 actus,
777 381 995 430 praemissis
1024 379 1242 428 suppositis,
1273 379 1349 415 iam

291 443 347 473 est
373 435 571 484 quoddam
599 442 812 483 peccatum.

343 490 403 525 An
430 499 567 524 PRIMUM
595 498 693 524 ERGO
712 498 895 524 mCENDuM
914 485 1020 534 quod
1038 484 1077 520 id
1097 483 1202 530 quod
1223 490 1277 519 est
1297 482 1351 518 in-

288 540 496 578 trinsecum
524 540 619 577 sicut
646 539 815 588 potentia
842 537 1030 582 naturalis,
1052 547 1204 583 semper
1235 535 1350 571 inest:

291 593 332 630 id
358 600 487 630 autem
515 592 621 641 quod
650 600 705 629 est
731 590 977 628 intrinsecum
1005 588 1100 625 sicut
1127 595 1232 624 actus
1260 587 1353 623 inte-

292 645 368 683 rior
399 645 626 694 appetitivae
653 645 716 680 vel
749 641 1049 692 apprehensivae
1081 640 1244 686 virtutis,
1274 651 1353 676 non

293 710 446 747 semper
472 698 580 735 inest.
610 698 696 746 Ipsa
723 703 851 732 autem
877 693 1047 742 potentia
1072 692 1278 729 voluntatis
1298 699 1353 728 est

295 763 409 789 causa
425 749 570 800 peccati
596 749 636 786 in
662 747 842 797 potentia,
863 747 931 783 sed
950 745 1139 783 reducitur
1167 745 1205 781 in
1226 752 1352 781 actum

293 815 364 852 per
389 811 516 840 motus
539 800 811 851 praecedentes
840 807 876 836 et
903 799 1103 836 sensitivae
1131 798 1248 846 partis
1280 796 1354 846 pri-

293 868 373 903 m0‚
403 863 440 892 et
466 853 620 892 rationis
640 860 926 900 consequenter.
957 852 1015 888 Ex
1033 852 1108 888 hoc
1128 850 1229 887 enim
1249 849 1354 898 quod

294 907 435 956 aliquid
461 906 687 956 proponitur
716 913 759 942 ut
795 904 995 954 appetibile
1031 902 1242 950 secundum
1271 914 1354 938 sen-

294 972 400 1006 sum,
431 967 466 996 et
493 958 682 1007 appetitus
714 958 913 995 sensitivus
946 956 1143 994 inclinatur
1175 956 1213 992 in
1240 954 1353 1001 illud,

268 1012 388 1062 ¹ratio
426 1011 618 1048 interdum
655 1018 775 1048 cessat
807 1023 829 1047 a
865 1008 1165 1047 consideratione
1202 1007 1353 1055 regulae

295 1064 466 1102 debitae:
505 1071 541 1100 et
577 1063 630 1100 sic
666 1064 843 1100 voluntas
883 1061 1059 1111 producit
1100 1067 1225 1098 actum
1267 1072 1354 1108 pec-

349 1167 376 1202 β)
395 1168 491 1200 ipsum.
508 1181 528 1187 -
540 1167 660 1200 primum
680 1167 791 1192 codices.

344 1265 406 1275 ,κν
412 1263 440 1267 --
449 1260 463 1263 ’”

278 1284 283 1285 7
296 1273 342 1283 μ’

324 1310 346 1331 n
374 1299 505 1331 articulo
529 1299 669 1329 secundo
692 1297 836 1328 eiusdem
863 1295 1238 1337 septuagesimaequintae
1262 1305 1357 1336 quae-

298 1311 447 1380 Isfionis,
465 1342 576 1384 collige
600 1352 709 1373 causas
732 1341 894 1372 interiores
914 1340 1041 1381 peccati,
1061 1339 1284 1379 distinguendo
1306 1349 1357 1369 eas

297 1398 334 1419 u
356 1394 444 1428 pane
467 1386 641 1428 peccantis,
665 1392 696 1416 et
719 1384 842 1416 obiecti.
867 1385 909 1415 Et
930 1385 1051 1415 intuere
1078 1393 1186 1414 causas
1211 1393 1248 1413 ex
1270 1389 1357 1423 parte

296 1431 464 1473 peccantiS‚
478 1437 632 1472 quatuor:
653 1429 732 1459 duas
749 1429 919 1469 proximas,
935 1428 1090 1459 rationem
1107 1434 1137 1458 et
1147 1426 1357 1465 voluntatem,

296 1476 378 1507 inter
392 1484 471 1516 quas
486 1474 635 1505 voluntas
651 1479 698 1504 est
713 1472 905 1514 proximior;
922 1479 952 1503 et
970 1472 1048 1502 duas
1064 1478 1211 1507 remotas,
1229 1481 1357 1501 sensum

297 1526 329 1551 et
351 1519 418 1550 eius
441 1517 628 1559 appetitum,
648 1517 729 1548 inter
742 1527 821 1558 quas
837 1526 947 1547 sensus
964 1522 1010 1546 est
1023 1515 1186 1553 remotior.
1210 1515 1257 1545 Ex
1271 1521 1359 1555 parte

296 1572 373 1594 vero
389 1562 513 1598 obiecti,
530 1571 638 1598 unam,
654 1561 740 1592 iuxta
762 1560 917 1591 unitatem
939 1559 1089 1600 completi
1112 1558 1242 1595 obiecti;
1267 1559 1359 1600 plura

296 1613 403 1638 tamen
427 1605 675 1646 complectentis,
699 1604 922 1644 respondentia
943 1603 1108 1644 praedictis
1130 1602 1289 1643 potentiis
1314 1603 1359 1633 Ita

296 1657 404 1681 tamen
427 1650 516 1690 quod
538 1656 599 1680 tres
623 1649 780 1689 peccantis
803 1648 973 1688 potentiae,
991 1647 1106 1678 scilicet
1122 1657 1241 1682 sensuS‚
1266 1657 1360 1687 appe—

297 1694 373 1725 titus
396 1693 563 1724 sensitivus
587 1699 617 1723 et
635 1692 724 1728 ratio,
742 1699 816 1722 sunt
830 1693 917 1723 velut
932 1698 1151 1732 praeparantes
1167 1699 1197 1722 et
1213 1690 1358 1721 facientes

298 1737 459 1768 obiectum
486 1736 623 1776 peccati,
647 1737 771 1766 bonum
802 1736 918 1766 scilicet
947 1745 1102 1776 apparens
1124 1735 1290 1765 dissonans
1313 1744 1359 1765 ra-

297 1781 392 1818 tioni;
415 1781 564 1811 voluntas
581 1787 688 1811 autem
713 1787 758 1810 est
776 1779 939 1820 perficiens
962 1779 1068 1820 ipsum
1083 1786 1259 1819 peccatum.
1283 1779 1359 1808 Pro—

297 1832 367 1866 pter
389 1825 478 1865 quod
501 1825 571 1855 illae
595 1831 787 1854 concurrunt
809 1825 849 1854 ad
872 1830 1036 1864 peccatum
1059 1833 1096 1853 ex
1118 1830 1206 1862 parte
1226 1822 1358 1858 obiecti,

297 1869 445 1900 voluntas
469 1879 505 1899 ex
528 1875 614 1908 parte
638 1867 789 1898 subiecti:
815 1867 886 1897 illae
910 1874 1038 1898 causant
1060 1873 1225 1907 peccatum
1253 1866 1360 1907 quoad

299 1912 566 1954 specificationem
580 1918 678 1950 actus,
694 1911 841 1942 voluntas
858 1912 965 1952 quoad
979 1911 1171 1942 exercitium.
1191 1911 1360 1950 Propterea

298 1956 395 1987 simul
410 1957 443 1986 in
458 1956 559 1987 littera
578 1956 744 1986 traduntur
761 1965 870 1986 causae
895 1955 1068 1995 praedictae
1088 1955 1194 1985 unitae
1217 1955 1250 1984 in
1275 1954 1360 1984 obie-

299 2007 360 2038 cto,
377 2007 413 2031 ut
427 2000 460 2030 in
476 2000 577 2031 littera
594 2000 674 2030 clare
690 2006 784 2040 patet.
808 1999 850 2030 Et
872 1999 945 2029 fecit
966 1999 1028 2030 hoc
1042 2002 1164 2030 Auctor
1179 2005 1215 2029 ut
1230 1998 1360 2028 haberes

1403 274 1484 311 cati.
1516 273 1616 320 Quia
1647 272 1758 321 igitur
1786 279 1914 309 motus
1945 270 2217 320 praecedentes
2249 281 2328 306 non
2361 280 2460 305 sern-

1402 339 1470 375 per
1499 326 1642 363 suntin
1666 333 1763 372 actu,
1794 336 1917 373 neque
1941 331 2142 373 peccatum
2165 334 2315 370 semper
2343 328 2398 357 est
2422 321 2461 357 in

1402 386 1499 416 actu.

1456 434 1514 467 AD
1537 442 1725 467 SECUNDUM
1745 441 1928 467 mensuum
1948 429 2053 478 quod
2072 441 2149 466 non
2179 439 2315 465 omnes
2334 434 2461 463 motus

1403 482 1599 519 interiores
1627 490 1714 519 sunt
1742 483 1788 519 de
1819 481 2024 519 substantia
2051 481 2209 530 peccati,
2238 480 2344 529 quod
2373 491 2462 516 con-

1405 535 1497 570 sistit
1523 535 1776 583 principaliter
1795 535 1833 571 in
1853 544 1937 579 actu
1956 534 2181 572 voluntatis:
2211 533 2279 570 sed
2306 532 2462 580 quidam

1405 587 1649 634 praecedunt,
1671 595 1707 623 et
1726 587 1880 635 quidam
1898 592 2182 636 consequuntur
2200 586 2325 635 ipsum
2341 583 2356 614 β
2374 597 2462 633 pec-

1406 646 1544 675 catum.
1948 655 1951 661 s

1458 693 1517 728 An
1537 702 1695 728 TERTmM
1719 703 1901 728 DICENDUM
1921 692 2026 740 quod
2041 692 2130 729 illud
2150 691 2255 741 quod
2275 698 2330 727 est
2349 702 2463 727 causa

1405 743 1550 792 peccati
1580 743 1675 780 sicut
1701 744 1868 791 potentia
1888 745 2102 792 producens
2122 752 2261 791 actum,
2283 751 2339 780 est
2357 750 2464 780 natu-

1407 797 1495 833 rale.
1526 797 1656 832 Motus
1677 796 1788 832 etiarn
1809 797 2009 833 sensitivae
2028 797 2154 846 partis,
2180 809 2225 834 ex
2240 809 2321 845 quo
2342 795 2464 845 sequi-

1406 856 1466 885 tur
1492 856 1703 897 peccatum,
1723 848 1911 885 interdum
1942 857 1996 885 est
2024 850 2221 886 naturalis:
2253 849 2347 886 sicut
2375 860 2463 884 curn

1407 909 1562 950 propter
1582 901 1789 949 appetitum
1820 901 1891 937 cibi
1921 902 2052 949 aliquis
2080 910 2222 951 peccat.
2253 901 2328 938 Sed
2350 901 2464 937 effici-

1406 962 1467 990 tur
1484 961 1684 1002 peccatum
1713 953 1921 990 innaturale
1943 966 1986 990 ex
2005 955 2078 990 hoc
2099 954 2180 1003 ipso
2205 954 2309 1002 quod
2339 953 2465 990 deficit

1408 1007 1535 1054 regula
1563 1006 1752 1052 naturalis,
1774 1019 1888 1054 quarn
1913 1007 2032 1043 homo
2053 1007 2263 1044 secundum
2292 1014 2463 1042 naturam

1409 1071 1518 1095 suarn
1547 1059 1660 1095 debet
1688 1060 1892 1096 attendere.

965 1226 1297 1260 Commentaria
1319 1225 1570 1258 cardinalis
1593 1225 1793 1258 Caietam

1410 1295 1638 1326 resolutionem
1661 1295 1779 1335 peccati
1796 1305 1898 1336 usque
1914 1296 1953 1325 ad
1970 1295 2107 1335 primam
2131 1305 2274 1327 causam:
2299 1297 2467 1337 appetibile

1411 1339 1496 1369 enim
1520 1347 1566 1370 est
1588 1349 1720 1370 movens
1744 1350 1809 1370 non
1834 1346 1969 1375 motum,
1994 1347 2030 1370 ut
2048 1347 2134 1380 patet
2148 1340 2181 1370 in
2198 1340 2239 1370 111
2255 1340 2294 1370 de
2309 1342 2424 1371 Anima
2439 1341 2467 1372 *.

1466 1383 1552 1414 Cum
1575 1391 1682 1415 autem
1706 1383 1795 1413 audis
1819 1384 1942 1413 bonum
1965 1393 2117 1424 apparens
2133 1384 2165 1414 in
2182 1384 2305 1415 obiecto
2330 1392 2468 1426 spectare

1411 1427 1450 1457 ad
1474 1437 1602 1458 sensum
1632 1434 1662 1458 et
1691 1427 1758 1457 eius
1782 1427 1975 1467 appetitum,
2001 1427 2138 1467 intellige
2162 1438 2227 1458 non
2251 1438 2389 1468 semper,
2414 1429 2468 1459 sed

1411 1471 1540 1511 quando
1570 1481 1679 1501 sensus
1705 1478 1735 1502 et
1758 1471 1915 1511 appetitus
1944 1471 2109 1501 sensitivus
2137 1479 2266 1502 causant
2293 1480 2468 1512 peccatum.

1411 1515 1518 1546 Potest
1537 1525 1675 1555 namque
1697 1515 1821 1546 bonum
1844 1525 1996 1555 apparens
2019 1515 2184 1545 dissonans
2200 1516 2261 1555 legi
2278 1517 2405 1546 rationis
2419 1517 2469 1547 vel

1412 1559 1480 1595 Dei,
1494 1569 1620 1589 movere
1637 1559 1675 1589 ad
1690 1556 1865 1599 peccatum,
1879 1565 1909 1589 et
1924 1559 2055 1599 peccari,
2068 1560 2186 1600 absque
2204 1570 2358 1590 concursu
2374 1571 2468 1600 appe-

1411 1603 1506 1633 tibilis
1523 1603 1698 1633 secundum
1715 1602 1895 1633 sensitivam
1910 1609 2046 1642 partem:
2071 1610 2107 1633 ut
2122 1610 2208 1643 patet
2223 1604 2261 1633 de
2277 1603 2468 1635 infidelitate.

1467 1647 1504 1677 ΙΙ.
1530 1647 1565 1676 In
1589 1647 1794 1687 responsione
1816 1647 1854 1676 ad
1871 1646 2020 1686 primum,
2038 1657 2111 1677 cum
2127 1647 2203 1687 legis
2218 1649 2307 1688 quod
2322 1648 2469 1678 voluntas

1412 1691 1572 1721 reducitur
1587 1691 1626 1720 ad
1643 1697 1748 1721 actum
1764 1701 1819 1730 per
1834 1691 2052 1730 praecedentes
2068 1698 2164 1727 actus,
2178 1691 2315 1731 intellige
2331 1702 2367 1722 ex
2383 1699 2469 1732 parte

1413 1734 1536 1765 obiecti.
1566 1735 1651 1765 Nam
1677 1735 1716 1764 ad
1746 1734 1926 1764 exercitium
1955 1742 2042 1765 actus
2071 1745 2088 1764 a
2116 1735 2217 1775 seipsa
2250 1736 2408 1766 reducitur
2437 1736 2469 1766 in

1413 1785 1528 1814 actum,
1553 1786 1589 1809 ut
1612 1778 1756 1818 superius
1772 1779 1789 1797 *
1813 1779 1932 1808 dictum
1956 1786 2017 1809 est:
2043 1786 2204 1818 praesente
2223 1786 2328 1809 tamen
2344 1780 2468 1810 obiecto

1413 1823 1566 1853 obiective
1590 1828 1753 1858 movente,
1777 1822 1819 1853 ita
1843 1823 1931 1862 quod
1955 1832 2012 1852 nec
2031 1832 2048 1852 a
2072 1823 2173 1862 seipsa
2196 1830 2299 1862 potest
2321 1824 2469 1854 voluntas

1414 1867 1494 1896 exire
1518 1867 1550 1896 in
1574 1873 1689 1902 actum,
1715 1866 1774 1896 nisi
1799 1874 1964 1896 concurrat
1987 1866 2156 1897 obiectum.
2186 1867 2227 1897 Et
2250 1875 2415 1907 propterea
2438 1868 2470 1898 in

1412 1910 1513 1940 littera
1537 1910 1737 1940 concluditur
1760 1910 1859 1950 quod,
1878 1910 1951 1950 quia
1975 1911 2194 1950 praecedentes
2218 1918 2335 1947 motus,
2359 1912 2414 1952 qui
2438 1922 2470 1942 se

1413 1961 1520 1984 tenent
1544 1964 1580 1984 ex
1603 1961 1690 1994 parte
1707 1954 1831 1990 obiecti,
1848 1964 1913 1984 non
1929 1961 2003 1984 sunt
2018 1964 2142 1994 semper
2157 1955 2189 1984 in
2207 1962 2288 1991 actu,
2306 1962 2471 1995 peccatum

1413 2008 1479 2028 non
1503 2008 1627 2038 semper
1650 2005 1696 2028 est
1718 1997 1751 2028 in
1774 2005 1855 2028 actu.

1102 2142 1418 2184 ARTICULUS
1447 2142 1674 2184 TERTIUS

822 2233 978 2264 UTRUM
999 2233 1238 2265 PECCATUM
1261 2234 1438 2265 HABEAT
1463 2234 1639 2264 cAusAM
1662 2233 1946 2265 EXTERIOREM

970 2312 1112 2345 1nfra,qu.
1131 2320 1208 2344 mx,
1226 2318 1273 2338 art.
1296 2321 1317 2343 1,
1339 2313 1366 2345 3;
1387 2313 1428 2338 De
1445 2313 1534 2342 Malo,
1554 2320 1598 2345 qu.
1616 2320 1659 2342 m,
1678 2317 1725 2338 art.
1746 2311 1775 2342 3,
1793 2320 1819 2344 4.

329 2410 391 2449 μή
411 2411 482 2442 &aas
498 2391 532 2429 *n
560 2403 718 2428 TER-num
739 2402 792 2428 src
811 2403 1050 2429 moenmrua.
1074 2392 1232 2429 Videtur
1250 2392 1355 2442 quod

325 2422 485 2505 §.7¹53st
508 2452 710 2494 peccatum
739 2456 818 2481 non
846 2445 984 2481 habeat
1016 2457 1170 2481 causam
1201 2445 1357 2482 exterio-

316 2502 361 2546 ,ςῇ
374 2515 434 2542 «η
450 2502 484 2540 (2
511 2510 604 2534 rem.
634 2498 838 2534 Peccatum
865 2497 966 2534 enim
986 2505 1042 2534 est
1060 2505 1165 2534 actus
1183 2499 1356 2535 volunta-

319 2527 443 2588 1423*
465 2542 498 2585 N
510 2550 597 2587 rius.
618 2550 839 2587 Voluntaria
854 2557 982 2586 autem
998 2557 1084 2587 sunt
1104 2562 1238 2588 eorum
1258 2563 1356 2600 quae

299 2611 386 2643 sunt
412 2603 450 2640 in
479 2603 610 2649 nobis;
640 2611 676 2639 et
700 2602 750 2639 ita
768 2615 847 2639 non
866 2603 1007 2639 habent
1027 2603 1250 2640 exteriorem
1271 2616 1358 2640 cau-

299 2668 392 2694 sam.
422 2657 525 2704 Ergo
553 2663 754 2705 peccatum
779 2668 857 2692 non
876 2655 990 2692 habet
1019 2656 1242 2693 exteriorem
1272 2669 1358 2694 cau-

300 2721 395 2747 sam.
1306 2706 1311 2707 ⁷

355 2773 390 2798 2.
419 2762 651 2807 ΡΚΑΕΤΕΚΕΑ,
682 2760 777 2797 sicut
803 2767 937 2797 natura
967 2767 1022 2796 est
1047 2760 1275 2810 principium
1304 2761 1358 2798 in-

300 2814 427 2861 terius,
447 2813 497 2850 ita
516 2813 629 2850 etiam
648 2814 837 2850 voluntas.
868 2813 944 2850 Sed
967 2821 1167 2862 peccatum
1187 2814 1225 2851 in
1246 2814 1358 2850 rebus

301 2865 534 2905 naturalibus
562 2877 758 2914 nunquam
788 2865 922 2903 accidit
945 2865 1015 2902 nisi
1038 2878 1083 2902 ex
1111 2866 1237 2914 aliqua
1264 2867 1357 2903 inte-

301 2919 389 2957 riori
410 2930 540 2955 causa:
563 2925 606 2955 ut
622 2926 714 2968 puta
733 2918 965 2956 monstruosi
982 2926 1112 2967 partus
1130 2919 1360 2968 proveniunt

302 2984 348 3009 ex
377 2970 617 3020 corruptione
646 2970 801 3008 alicuius
829 2971 1000 3020 principii
1027 2971 1226 3010 interioris.
1256 2973 1358 3020 Ergo

301 3036 426 3073 neque
454 3024 492 3060 in
521 3023 728 3060 moralibus
755 3032 881 3073 potest
914 3024 1131 3073 contingere
1158 3026 1358 3074 peccatum

301 3077 372 3114 nisi
400 3088 446 3113 ex
464 3075 630 3113 interiori
651 3088 775 3114 causa.
805 3078 897 3114 Non
917 3089 1006 3125 ergo
1027 3078 1141 3114 habet
1152 3085 1359 3126 peccatum

303 3141 457 3167 causam
492 3128 727 3165 exteriorem.

357 3183 390 3220 3.
412 3183 644 3227 plumeam,
669 3181 912 3230 multiplicata
941 3193 1065 3229 causa,
1094 3183 1360 3232 multiplicatur

302 3234 470 3272 effectus.
494 3234 569 3271 Sed
598 3241 740 3282 quanto
768 3234 877 3282 plura
910 3242 996 3271 sunt
1025 3241 1060 3271 et
1087 3235 1234 3272 maiora
1263 3243 1361 3272 exte-

302 3288 378 3325 rius
406 3286 623 3324 inducentia
657 3286 705 3323 ad
733 3286 988 3336 peccandum,
1018 3294 1121 3324 tanto
1159 3288 1284 3325 minus
1321 3288 1360 3325 id

303 3340 408 3389 quod
436 3340 521 3388 quis
549 3338 759 3376 inordinate
789 3339 874 3387 agit,
901 3338 935 3376 ei
963 3339 1169 3388 imputatur
1197 3342 1245 3377 ad
1271 3352 1359 3389 pec-

303 3401 442 3430 catum.
463 3394 565 3440 Ergo
595 3392 685 3429 nihil
715 3392 874 3429 exterius
903 3399 958 3428 est
986 3404 1099 3429 causa
1127 3392 1281 3440 peccati.

358 3447 431 3483 SED
466 3457 610 3482 CONTRA
642 3457 708 3481 EST
740 3445 844 3493 quod
883 3444 1016 3482 dicitur
1050 3445 1169 3483 Num.
1203 3456 1287 3481 xxxi
1318 3444 1358 3480 *ε

302 3499 443 3542 Nonne
470 3498 561 3535 istae
587 3503 672 3534 sunt
690 3509 787 3546 quae
813 3498 1037 3546 deceperunt
1050 3498 1157 3546 filios
1174 3497 1306 3543 Israel,
1327 3502 1363 3533 et

445 3569 555 3594 Semnus
573 3568 673 3593 Tar-201..
692 3568 723 3592 D.
736 3567 850 3592 Tuom
868 3567 901 3593 Τ.
919 3567 961 3592 lV.

1405 2392 1671 2441 praevaricari
1696 2403 1763 2429 vos
1777 2393 1959 2440 fecerunt
1986 2393 2022 2430 in
2052 2382 2216 2430 D⁴omin0
2249 2405 2362 2441 super
2382 2406 2472 2442 pec-

1412 2450 1493 2482 cato
1521 2444 1707 2494 Phogor?
1734 2445 1836 2493 Ergo
1866 2445 2007 2493 aliquid
2045 2445 2205 2482 exterius
2237 2454 2362 2494 potest
2390 2459 2471 2483 esse

1413 2510 1526 2535 causa
1553 2497 1694 2534 faciens
1722 2510 1893 2546 peccare.

1465 2552 1689 2587 RESPONDEO
1709 2562 1892 2588 DtCENDUM
1909 2550 2024 2600 quod,
2046 2550 2141 2588 sicut
2160 2563 2272 2600 supra
2290 2551 2310 2573 ’¹‘
2331 2551 2471 2588 dictum

1414 2611 1479 2649 est,
1501 2615 1614 2640 causa
1642 2603 1797 2640 interior
1819 2604 1963 2652 peccati
1992 2611 2046 2641 est
2067 2611 2102 2640 et
2120 2605 2308 2651 voluntas,
2328 2612 2370 2640 ut
2386 2616 2470 2653 per-

1412 2656 1543 2692 ficiens
1572 2663 1698 2693 actum
1726 2656 1892 2704 peccati;
1923 2664 1959 2693 et
1986 2656 2092 2703 ratio,
2122 2664 2306 2705 quantum
2335 2657 2383 2693 ad
2412 2669 2471 2693 ca-

1413 2708 1572 2745 rentiam
1607 2708 1753 2745 debitae
1789 2709 1959 2757 regulae3
1990 2717 2026 2746 et
2053 2709 2239 2758 appetitus
2272 2709 2471 2746 sensitivus

1412 2761 1608 2798 inclinans.
1639 2761 1700 2798 Sic
1729 2773 1818 2809 ergo
1838 2761 1976 2809 aliquid
2007 2762 2256 2798 extrinsecum
2284 2761 2472 2810 tripliciter

1413 2822 1542 2862 posset
1570 2826 1651 2850 esse
1672 2826 1786 2851 causa
1804 2815 1968 2863 peccati:
1997 2816 2060 2851 vel
2088 2814 2176 2862 quia
2201 2822 2374 2851 moveret
2401 2813 2470 2850 im-

1414 2867 1577 2903 mediate
1597 2867 1720 2915 ipsam
1739 2867 1996 2913 voluntatem;
2023 2868 2085 2904 vel
2106 2867 2194 2915 quia
2218 2874 2392 2903 moveret
2414 2878 2471 2902 ra-

1413 2920 1579 2965 tionem;
1607 2920 1668 2956 vel
1688 2920 1777 2968 quia
1797 2927 1971 2956 moveret
1995 2919 2204 2968 appetitum
2233 2919 2468 2955 sensitivum.

1412 2973 1656 3009 Voluntatem
1685 2980 1824 3019 autem,
1854 2980 1895 3009 ut
1923 2985 2036 3020 supra
2058 2973 2077 2993 *²
2105 2972 2246 3008 dictum
2276 2979 2350 3019 est,
2379 2971 2471 3008 inte-

1415 3026 1490 3063 rius
1519 3037 1677 3062 movere
1705 3037 1783 3062 non
1810 3032 1934 3073 potest
1961 3024 2031 3061 nisi
2058 3025 2179 3070 Deus;
2204 3024 2269 3072 qui
2296 3036 2375 3061 non
2402 3036 2471 3072 po-

1414 3086 1485 3115 test
1505 3091 1587 3115 esse
1608 3090 1721 3115 causa
1740 3077 1896 3126 peccati,
1913 3085 1954 3113 ut
1972 3076 2066 3113 infra
2079 3076 2099 3098 ’³²
2114 3077 2343 3113 ostendetur.
2359 3076 2472 3114 Unde

1414 3131 1636 3179 relinquitur
1663 3130 1767 3179 quod
1796 3129 1885 3166 nihil
1915 3129 2074 3165 exterius
2101 3136 2226 3177 potest
2246 3141 2327 3166 esse
2356 3141 2471 3166 causa

1414 3184 1569 3232 peccati,
1590 3183 1660 3220 nisi
1679 3183 1739 3219 vel
1761 3182 1986 3229 inquantum
2006 3189 2137 3218 movet
2157 3181 2356 3228 rationem,
2377 3181 2471 3218 sicut

1414 3238 1533 3273 homo
1548 3236 1611 3272 vel
1629 3235 1793 3272 daemon
1808 3233 2041 3282 persuadens
2059 3242 2276 3282 peccatum3
2295 3235 2358 3272 vel
2377 3234 2472 3272 sicut

1415 3300 1577 3325 movens
1606 3286 1814 3336 appetitum
1843 3286 2076 3333 sensitivum‚
2099 3286 2194 3324 sicut
2212 3286 2338 3335 aliqua
2355 3287 2472 3324 sensi-

1415 3341 1501 3377 bilia
1522 3339 1704 3376 exteriora
1724 3347 1882 3375 movent
1901 3338 2108 3387 appetitum
2129 3339 2363 3377 sensitivum.
2395 3339 2471 3376 Sed

1417 3405 1541 3440 neque
1569 3391 1763 3440 persuasio
1793 3391 1954 3428 exterior
1972 3391 2010 3428 in
2029 3392 2142 3428 rebus
2170 3393 2323 3440 agendis
2344 3404 2388 3429 ex
2406 3405 2471 3428 ne-

1414 3444 1584 3481 cessitate
1613 3451 1744 3481 movet
1773 3444 1978 3490 rationem;
2010 3457 2133 3493 neque
2157 3445 2272 3482 etiam
2292 3457 2351 3482 res
2372 3452 2470 3481 exte-

1416 3497 1490 3534 rius
1517 3497 1736 3546 propositae
1765 3509 1809 3533 ex
1837 3497 2058 3534 necessitate
2086 3506 2243 3535 movent
2262 3497 2470 3546 appetitum

2317 3585 2325 3599 l

1940 3657 1961 3665 f

2406 202 2457 237 49

2519 1342 2551 1365 Ca
2569 1349 2703 1370 .x,n.7.-

2495 1368 2519 1390 S.
2531 1368 2551 1390 T
2570 1384 2576 1389 .
2595 1369 2648 1391 lect.
2666 1376 2703 1390 xv.

2497 1784 2506 1791 .

2496 1815 2511 1835 4

2498 2564 2507 2573 ι

2519 1782 2567 1810 Qu.
2583 1788 2614 1809 11,
2629 1785 2671 1804 art.
2685 1788 2705 1810 3,

2520 2563 2571 2585 Art.
2589 2562 2694 2590 praeced.

2523 2978 2570 3006 Qu.
2586 2985 2617 3006 ix,
2632 2982 2674 3000 art.
2686 2979 2709 3000 6.

2517 3083 2565 3111 Qu.
2575 3089 2653 3110 Lxxxx,
2667 3086 2709 3105 art.
