2840 4010
59 2556 67 2564 ⁸
81 2555 129 2581 Qu.
139 2561 184 2582 cxi,
195 2558 237 2576 art.
249 2561 270 2577 2.

61 3394 69 3402 ·
85 3393 136 3414 Art.
151 3398 170 3414 2.

313 190 382 224 108

307 267 354 303 ad
375 267 445 303 alia
465 267 648 314 membra,
677 266 901 314 inquantum
923 277 944 300 a
964 264 1084 311 capite
1105 263 1326 299 diffunditur
1347 269 1363 284 ‘²

308 319 597 367 quodammodo
620 331 751 355 sensus
772 326 807 354 et
825 325 962 354 motus.
994 315 1071 352 Sed
1090 322 1289 363 peccatum
1312 316 1364 352 di-

308 372 400 408 citur
417 383 486 419 per
504 371 756 419 privationem
773 369 924 406 ordinis.
946 369 1046 414 Ergo
1066 375 1265 415 peccatum
1286 380 1364 405 non

307 425 421 460 habet
453 423 637 460 rationem
667 422 806 470 capitis.
841 422 889 457 Et
915 421 964 456 ita
993 432 1071 456 non
1106 419 1245 457 debent
1270 421 1362 469 poni

308 476 432 524 aliqua
462 476 631 523 capitalia
658 481 824 522 peccata.

362 530 396 565 3.
418 529 647 574 PRAETEREA,
679 525 850 574 capitalia
878 525 1034 561 crimina
1062 525 1237 562 dicuntur
1265 538 1362 574 quae

308 581 427 629 capite
445 581 669 628 plectuntur.
700 578 776 614 Sed
803 578 866 614 tali
881 590 1008 626 poena
1022 578 1230 626 puniuntur
1249 591 1363 627 quae-

309 634 397 670 dam
420 639 575 680 peccata
598 632 636 668 in
656 631 807 678 singulis
827 630 1040 678 generibus.
1071 632 1173 678 Ergo
1191 631 1282 668 vitia
1303 644 1363 669 ca-

308 685 434 733 pitalia
449 696 526 721 non
546 692 633 720 sunt
648 685 773 731 aliqua
789 683 1037 720 determinata
1052 684 1264 721 secundum
1280 697 1363 733 spe-

307 749 413 773 ciem.

358 790 431 826 SED
447 801 592 825 CONTRA
607 800 673 825 EST
687 789 792 837 quod
807 788 1025 836 Gregorius,
1042 789 1166 825 XXXI
1183 789 1361 836 Moral.*,

305 849 501 878 enumerat
529 842 719 890 quaedam
744 841 922 890 specialia
935 841 1037 888 vitia,
1054 853 1152 889 quae
1174 841 1261 877 dicit
1281 854 1361 879 esse

305 894 486 943 capitalia.

356 949 580 984 RESPONDEO
599 958 783 984 DlCENDuM
812 946 917 995 quod
941 946 1099 994 capitale
1118 958 1139 982 a
1160 946 1279 994 capite
1309 946 1362 983 di-

305 1000 409 1037 citur.
441 1001 563 1048 Caput
590 1007 717 1036 autem
742 999 894 1048 proprie
914 999 1070 1047 quidem
1093 1005 1147 1035 est
1166 999 1362 1047 quoddam

303 1054 520 1090 membrum
542 1052 724 1100 animalis,
747 1052 850 1099 quod
876 1059 931 1088 est
959 1051 1184 1099 principium
1206 1059 1241 1088 et
1266 1051 1361 1088 dire—

304 1106 445 1142 ctivum
468 1106 581 1142 totius
612 1104 795 1142 animalis.
826 1104 936 1141 Unde
966 1104 1226 1152 metaphorice
1246 1116 1360 1141 omne

302 1158 531 1207 principium
546 1157 561 1187 β
581 1166 693 1206 caput
710 1164 890 1194 vocatur:
913 1165 949 1193 et
969 1157 1081 1193 etiam
1101 1157 1277 1193 homines
1298 1157 1362 1206 qui

303 1211 396 1248 alios
417 1210 579 1258 dirigunt
599 1218 634 1246 et
653 1211 875 1258 gubernant,
897 1209 1018 1258 capita
1043 1209 1204 1246 aliorum
1233 1209 1362 1247 dicun-

303 1272 372 1300 tur.
402 1263 546 1300 Dicitur
579 1275 667 1310 ergo
688 1268 703 1290 Υ
730 1261 865 1299 vitium
895 1262 1051 1310 capitale
1080 1274 1158 1298 uno
1192 1262 1310 1299 modo
1341 1275 1362 1299 a

303 1316 422 1364 capite
442 1315 594 1364 proprie
618 1316 739 1352 dicto:
769 1322 805 1351 et
828 1315 1039 1352 secundum
1059 1315 1145 1362 hoc,
1165 1322 1363 1362 peccatum

304 1369 460 1417 capitale
480 1368 613 1405 dicitur
637 1375 837 1416 peccatum
858 1368 962 1415 quod
983 1367 1111 1416 capitis
1139 1380 1266 1416 poena
1292 1381 1362 1417 pu-

302 1422 413 1458 nitur.
436 1421 513 1457 Sed
533 1421 584 1457 sic
604 1433 705 1457 nunc
724 1433 802 1457 non
822 1420 1053 1457 intendimus
1074 1420 1121 1457 de
1142 1420 1363 1468 capitalibus

300 1474 485 1522 peccatis:
515 1474 583 1510 sed
611 1474 822 1510 secundum
843 1473 948 1521 quod
977 1473 1050 1509 alio
1079 1473 1199 1510 modo
1230 1473 1363 1510 dicitur

300 1534 498 1575 peccatum
538 1526 694 1576 capitale
724 1539 745 1563 a
774 1526 893 1574 capite
922 1525 935 1547 ⁶
962 1534 1076 1574 prout
1103 1526 1363 1575 metaphorice

301 1580 485 1627 significat
512 1579 740 1628 principium
768 1580 830 1616 vel
860 1579 1084 1616 directivum
1113 1579 1283 1616 aliorum.
1315 1580 1363 1616 Et

301 1632 353 1668 sic
383 1633 516 1673 dicitur
533 1632 667 1669 vitium
689 1632 845 1680 capitale
866 1644 911 1668 ex
932 1644 1008 1679 quo
1034 1631 1105 1668 alia
1124 1631 1216 1668 vitia
1236 1632 1362 1669 oriun-

301 1693 375 1721 tur:
408 1693 443 1721 et
469 1685 673 1734 praecipue
702 1686 913 1722 secundum
944 1684 1128 1732 originem
1158 1697 1294 1722 causae
1319 1686 1363 1722 fi-

940 187 1204 233 QUAESTIO
1234 186 1442 231 LXXXIV,
1472 187 1766 224 ARTICULUS
1795 190 1846 226 IV

1418 263 1512 300 nalis
1526 264 1556 310 *‚
1579 276 1675 312 quae
1697 272 1750 301 est
1769 265 1937 303 formalis
1957 267 2072 315 origo,
2093 276 2134 305 ut
2153 280 2265 318 supra
2274 270 2314 292 *ἧς
2334 270 2475 308 dictum

1419 324 1484 353 est.
1516 317 1564 353 Et
1590 317 1676 353 ideo
1696 317 1832 354 vitium
1861 318 2018 366 capitale
2037 331 2116 357 non
2144 322 2266 359 solum
2296 330 2350 359 est
2376 323 2476 371 prin·

1419 368 1559 417 cipium
1588 369 1760 416 aliorum,
1782 369 1850 406 sed
1874 370 1987 407 etiam
2008 379 2063 408 est
2082 372 2306 412 directivum
2326 383 2362 412 et
2381 388 2476 424 quo-

1418 421 1628 459 dammodo
1668 422 1864 459 ductivum
1893 423 2072 460 aliorum:
2103 437 2254 474 semper
2284 427 2387 464 enim
2414 441 2474 465 ars

1416 475 1478 511 vel
1506 474 1656 511 habitus
1685 475 1733 512 ad
1762 487 1876 523 quem
1897 480 1908 496 ε
1937 475 2098 523 pertinet
2125 477 2224 524 finis,
2245 478 2475 528 principatur

1418 534 1453 563 et
1480 527 1640 575 imperat
1673 527 1771 564 circa
1805 540 1849 564 ea
1881 540 1980 576 quae
2013 536 2099 565 sunt
2127 530 2175 566 ad
2202 531 2333 568 finem.
2363 532 2473 570 Unde

1418 580 1634 627 Gregorius,
1655 581 1779 617 XXXI
1800 581 1944 617 Moral.
1965 581 1996 628 ³¹⁶,
2025 581 2244 620 huiusmodi
2261 583 2351 620 vitia
2375 586 2473 634 capi-

1416 632 1503 668 talia
1530 633 1684 669 ducibus
1711 634 1943 670 exercituum
1974 642 2180 682 comparat.

1470 687 1528 721 AD
1548 697 1684 722 PRIMUM
1708 697 1806 722 ERGO
1826 698 2009 723 DICENDUM
2030 687 2135 734 quod
2155 687 2312 735 capitale
2341 688 2474 726 dicitur

1418 737 1699 774 denominative
1715 750 1737 774 a
1753 738 1890 786 capite,
1911 740 2016 787 quod
2032 739 2188 787 quidem
2205 748 2260 776 est
2273 753 2343 788 per
2357 753 2474 789 quan-

1418 789 1506 825 dam
1545 789 1820 826 derivationem
1856 793 1918 828 vel
1954 793 2280 841 participationem
2319 794 2472 843 capitis,

1417 842 1511 878 sicut
1529 843 1674 879 habens
1699 842 1864 890 aliquam
1894 845 2165 893 proprietatem
2194 845 2334 894 capitis,
2364 847 2474 884 non<

2506 278 2514 286 ·
2531 277 2558 298 D.
2573 284 2623 306 3⁰2·

2506 305 2525 313 ¹·
2538 304 2584 331 Qu.
2595 309 2714 332 numan.
2752 314 2754 316 ’

2506 329 2528 350 6.

2501 594 2509 601 ·
2526 592 2582 614 Loc.
2596 593 2635 615 cit.

1417 894 1512 931 sicut
1539 895 1756 943 simpliciter
1785 903 1908 943 caput.
1939 897 1987 934 Et
2013 897 2101 934 ideo
2122 898 2292 947 capitalia
2310 898 2401 936 vitia
2421 900 2474 937 di-
2512 922 2515 924 -

1418 955 1552 984 cuntur
1579 960 1657 984 non
1683 948 1808 984 solum
1835 948 1897 984 illa
1925 961 2022 997 quae
2041 950 2182 988 habent
2200 951 2385 988 rationem
2403 953 2475 1001 pri-

1417 1012 1503 1037 mae
1533 1000 1695 1048 originis,
1726 1000 1820 1037 sicut
1848 1001 2015 1048 avaritia,
2045 1015 2143 1050 quae
2166 1003 2298 1042 dicitur
2316 1005 2430 1042 radix
2442 1005 2473 1052 ²³,

1418 1059 1454 1088 et
1481 1053 1669 1102 superbia,
1700 1065 1797 1102 quae
1825 1053 1959 1090 dicitur
1987 1055 2153 1093 initium.-
2182 1057 2250 1097 sed
2278 1057 2392 1095 etiam
2414 1058 2475 1095 illa

1416 1117 1514 1152 quae
1536 1106 1678 1142 habent
1706 1106 1890 1148 rationem
1919 1106 2071 1154 originis
2090 1109 2328 1158 propinquae
2348 1123 2475 1160 respe-

1417 1165 1478 1194 ctu
1506 1159 1671 1206 plurium
1699 1166 1956 1207 peccatorum.

1468 1213 1527 1248 An
1557 1223 1745 1248 SECUNDUM
1777 1223 1961 1248 DtCENDUM
1999 1213 2104 1260 quod
2140 1221 2340 1262 peccatum
2375 1224 2475 1253 caret

1417 1263 1549 1301 ordine
1579 1277 1623 1300 ex
1651 1272 1756 1312 parte
1794 1264 2024 1307 aversionis:
2055 1277 2100 1302 ex
2132 1266 2204 1303 hac
2239 1267 2340 1304 enim
2367 1274 2473 1316 parte

1416 1316 1529 1353 habet
1561 1317 1746 1353 rationem
1775 1317 1885 1362 mali;
1915 1318 2059 1355 malurn
2091 1326 2235 1366 autem,
2265 1320 2474 1358 secundum

1416 1369 1682 1416 Augustinum,
1704 1370 1742 1406 in
1766 1369 1861 1406 libro
1890 1370 1935 1406 de
1962 1371 2115 1407 Natura
2143 1372 2244 1408 Boni
2260 1371 2292 1420 ³¹⁸,
2322 1380 2378 1410 est
2394 1374 2475 1421 pri—

1415 1422 1515 1458 vatio
1544 1423 1656 1468 modi,
1685 1423 1820 1470 speciei
1846 1429 1882 1459 et
1907 1423 2058 1460 ordinis.
2090 1425 2167 1461 Sed
2196 1436 2242 1461 ex
2260 1433 2366 1474 parte
2386 1437 2475 1462 con·

1415 1474 1613 1522 versionis,
1643 1475 1791 1524 respicit
1818 1476 2015 1523 quoddam
2044 1477 2200 1514 bonurn.
2231 1478 2281 1514 Et
2307 1477 2395 1515 ideo
2430 1491 2474 1515 ex

1415 1527 1487 1564 hac
1514 1535 1620 1576 parte
1647 1535 1772 1576 potest
1791 1533 1808 1554 η
1838 1529 1979 1565 habere
2009 1530 2194 1567 ordinem.

1469 1583 1528 1617 AD
1543 1592 1701 1618 TERTmM
1730 1592 1913 1618 DICENDUM
1929 1582 2033 1630 quod
2052 1582 2114 1619 illa
2133 1582 2225 1619 ratio
2241 1583 2412 1632 procedit
2426 1585 2473 1622 de

1417 1633 1563 1682 capitali
1590 1641 1747 1681 peccato
1776 1634 1987 1671 secundum
2016 1635 2120 1684 quod
2154 1635 2288 1673 dicitur
2315 1649 2336 1673 a
2369 1644 2472 1674 reatu

1415 1698 1576 1734 poenae.
1608 1686 1670 1723 Sic
1697 1694 1824 1722 autem
1853 1686 1912 1723 hic
1942 1699 2021 1724 non
2048 1687 2250 1736 loquimur.

353 1791 380 1823 α)
397 1790 564 1824 diffunditur.
575 1803 593 1809 -
607 1790 795 1824 diffunduntur·
805 1791 857 1820 AB,
872 1790 898 1815 in
913 1790 1002 1815 omnia
1013 1790 1130 1815 membra
1143 1790 1304 1824 diffunditur
1315 1790 1361 1816 Pa.

354 1825 378 1858 β)
389 1826 563 1858 principium.
572 1839 591 1844 -
600 1829 626 1850 et
640 1826 797 1850 directivum
811 1826 908 1850 addunt
921 1825 1067 1856 ABDFGK,
1081 1826 1238 1850 directivum
1255 1826 1323 1850 addit
1333 1826 1361 1851 P.

298 1875 317 1880 -
336 1861 385 1885 Pro
405 1861 538 1891 dicuntur,
558 1868 612 1885 esse
631 1861 756 1886 dicuntur
776 1861 821 1885 Pa.

352 1897 378 1930 γ)
398 1903 471 1929 ergo.
490 1910 508 1915 -
527 1897 586 1921 ideo
605 1896 678 1927 BEF,
698 1897 777 1921 etiam
797 1896 882 1921 ceteri.

1467 1790 1492 1823 ὃ)
1511 1798 1528 1816 a
1547 1792 1641 1823 capite.
1659 1805 1678 1811 -·
1696 1791 1756 1816 Om.
1777 1791 1822 1816 Pa.

2501 1005 2511 1015 ’
2529 1006 2556 1027 D.
2571 1011 2620 1033 254.

2504 1378 2511 1386 ¹
2532 1376 2589 1405 Cup.
2607 1383 2637 1399 iv.
2653 1389 2662 1394 -
2677 1377 2713 1400 Cf.

2502 1408 2523 1424 c.
2533 1409 2610 1431 xxxvi,
2625 1409 2712 1426 xxxvii.

2595 1522 2611 1546 ’l

1468 1827 1490 1858 ε)
1505 1833 1588 1859 quem.
1597 1840 1616 1845 -
1629 1834 1707 1859 quam
1718 1827 1941 1853 ABCDEFGIKL.
1953 1842 1971 1847 -
1984 1828 2034 1853 Pro
2043 1829 2216 1862 principatur
2230 1832 2263 1859 et,
2274 1830 2434 1863 principalis
2443 1832 2474 1856 E.
2502 1824 2503 1827 Ἴ
2556 1837 2559 1846 s

1468 1861 1493 1894 ζ)
1514 1869 1573 1886 non.
1591 1876 1610 1880 -
1629 1866 1654 1886 et
1673 1870 1724 1887 non
1745 1863 1790 1888 Pa.

1469 1895 1494 1931 η)
1510 1901 1608 1929 potest.
1626 1911 1644 1916 -
1663 1898 1762 1922 dicitur
1780 1898 1825 1922 Pa.

1411 1968 1511 1975 x&m
1514 1968 1519 1970 Δ

1073 2028 1387 2070 ARTICULUS
1417 2028 1687 2080 QUARTUS

713 2121 867 2151 UTRUM
893 2120 1232 2151 CONVENIENTER
1255 2121 1479 2152 DICANTUR
1502 2122 1669 2153 SEPTEM
1692 2123 1810 2153 vlTiA
1835 2122 2064 2154 CAPITALIA

918 2199 937 2223 11
957 2199 1039 2228 Sent„
1061 2200 1118 2224 dist.
1137 2207 1202 2230 xm,
1223 2207 1266 2232 qu.
1286 2207 1319 2230 ιι,
1339 2205 1386 2226 art.
1408 2200 1438 2231 35
1458 2201 1500 2225 De
1517 2200 1600 2230 Malo,
1621 2208 1666 2233 qu.
1686 2209 1742 2231 vni,
1763 2207 1808 2226 art.
1833 2209 1852 2225 1.

418 2308 488 2354 aa<
510 2300 532 2324 D
553 2299 725 2329 QUARTUM
745 2299 797 2324 Sic
817 2299 1055 2324 PROCEDITUR.
1077 2287 1236 2324 Videtur
1254 2288 1360 2338 quod

326 2329 491 2397 '5224
511 2353 588 2376 non
618 2340 662 2377 sit
686 2340 890 2377 dicendum
920 2348 1066 2389 septem
1089 2352 1170 2377 esse
1189 2341 1279 2379 vitia
1300 2353 1359 2378 ca-

318 2392 359 2451 15
412 2423 416 2425 Δ
449 2377 647 2441 ''pitalia‚
678 2406 775 2442 quae
805 2401 890 2430 Sunt
914 2393 1034 2430 inanis
1054 2394 1182 2441 gloria,
1203 2394 1357 2442 invidia,

356 2460 368 2475 «κ
391 2439 441 2475 75„
470 2437 575 2492 Kira,
596 2446 751 2493 tristitia,
773 2446 939 2494 avaritia,
959 2447 1058 2494 gula,
1078 2446 1235 2483 luxuria.
1266 2447 1358 2484 Pec—

301 2504 382 2534 cata
411 2497 511 2534 enim
530 2499 729 2536 virtutibus
759 2507 1015 2548 opponuntur.
1045 2499 1210 2536 Virtutes
1229 2507 1357 2537 autem

299 2550 525 2599 principales
554 2560 640 2589 sunt
669 2559 843 2600 quatuor,
872 2560 914 2589 ut
942 2565 1055 2601 supra
1074 2552 1094 2574 ’¹‘
1122 2552 1265 2589 dictum
1289 2561 1355 2590 est.

299 2604 400 2650 Ergo
430 2611 466 2640 et
493 2604 583 2641 vitia
609 2605 840 2653 principalia,
866 2605 946 2642 sive
967 2605 1152 2654 capitalia,
1174 2618 1252 2643 non
1271 2613 1357 2643 sunt

298 2656 368 2693 nisi
397 2664 570 2704 quatuor.

352 2721 386 2745 2.
408 2710 639 2757 PRAETEREA,
664 2710 860 2758 passiones
881 2711 1030 2747 animae
1052 2718 1138 2748 sunt
1166 2711 1357 2759 quaedam

298 2774 434 2798 causae
462 2763 618 2811 peccati,
649 2771 689 2800 ut
717 2775 831 2811 supra
849 2763 869 2784 ’¹‘
898 2763 1040 2800 dictum
1070 2772 1135 2800 est.
1168 2764 1245 2800 Sed
1272 2776 1357 2812 pas-

297 2814 423 2851 siones
452 2815 600 2853 animae
629 2816 854 2864 principales
875 2823 961 2852 sunt
989 2824 1162 2864 quatuor.
1188 2818 1246 2853 De
1267 2828 1357 2865 qua-

297 2880 380 2903 rum
406 2867 554 2905 duabus
582 2869 685 2905 nulla
712 2869 754 2905 fit
783 2869 924 2905 mentio
946 2869 1042 2905 inter
1060 2869 1252 2917 praedicta
1270 2881 1356 2918 pec-

298 2928 390 2967 cata,
407 2921 545 2957 scilicet
561 2921 608 2958 de
624 2933 690 2969 spe
708 2929 743 2957 et
761 2921 908 2958 timore.
931 2922 1213 2959 Enumerantur
1228 2930 1355 2959 autem

298 2973 421 3021 aliqua
435 2974 526 3010 vitia
546 2974 595 3011 ad
614 2986 711 3023 quae
731 2974 891 3022 pertinet
911 2974 1108 3011 delectatio
1130 2982 1165 3011 et
1192 2975 1355 3012 tristitia:

298 3037 386 3061 nam
420 3026 616 3063 delectatio
650 3027 810 3076 pertinet
844 3027 891 3063 ad
928 3028 1055 3075 gulam
1086 3035 1121 3064 et
1148 3028 1354 3075 luxuriam,

298 3078 439 3115 tristitia
466 3092 560 3116 vero
596 3080 646 3116 ad
683 3079 855 3116 acediam
885 3087 921 3116 et
949 3079 1142 3117 invidiam.
1173 3081 1274 3128 Ergo
1303 3081 1356 3118 in-

301 3131 568 3168 convenienter
597 3139 866 3169 enumerantur
893 3132 1114 3181 principalia
1133 3141 1298 3182 peccata.

355 3183 388 3218 3.
423 3184 662 3232 PRAETEREA,
691 3185 745 3222 ira
773 3198 850 3222 non
885 3193 940 3222 est
973 3185 1186 3234 principalis
1214 3186 1353 3235 passio.

300 3234 391 3270 Non
421 3248 508 3283 ergo
537 3238 667 3274 debuit
695 3238 786 3286 poni
814 3238 909 3275 inter
935 3238 1154 3287 principalia
1181 3239 1283 3275 vitia.

351 3298 389 3332 4.
419 3288 649 3336 PRAETEREA,
671 3291 766 3327 sicut
794 3290 990 3340 cupiditas,
1013 3291 1092 3327 sive
1112 3291 1279 3339 avaritia,
1300 3299 1355 3328 est

301 3338 404 3375 radix
431 3342 586 3388 peccati,
616 3342 665 3378 ita
694 3343 868 3391 superbia
888 3352 944 3380 est
962 3344 1107 3392 peccati
1136 3344 1294 3392 initium,
1314 3352 1355 3381 ut

300 3403 413 3439 supra
427 3392 447 3413 ’¹‘
467 3392 607 3430 dictum
629 3402 694 3430 est.
722 3396 798 3432 Sed
819 3397 973 3434 avaritia
993 3397 1147 3446 ponitur
1165 3409 1286 3435 unum
1307 3399 1354 3435 de

336 3493 379 3537 in)
400 3508 437 3530 ut.
454 3519 473 3524 -
491 3506 551 3530 Om.
572 3506 599 3529 Ρ.

1413 2295 1559 2336 septem
1578 2288 1677 2325 vitiis
1693 2289 1924 2337 capitalibus.
1947 2291 2048 2338 Ergo
2069 2291 2247 2339 superbia
2266 2291 2361 2328 inter
2382 2291 2472 2330 vitia

1413 2341 1584 2390 capitalia
1613 2342 1871 2379 enumeranda
1897 2350 2004 2380 esset.

1469 2395 1501 2431 5.
1528 2395 1759 2442 PRAETEREA,
1782 2395 1972 2444 quaedam
1999 2403 2155 2446 peccata
2185 2396 2472 2435 committuntur

1414 2459 1512 2495 quae
1542 2459 1587 2484 ex
1615 2448 1717 2484 nullo
1738 2448 1876 2485 horum
1897 2449 2043 2486 causari
2060 2457 2240 2498 possunt:
2270 2449 2366 2487 sicut
2383 2462 2471 2488 cum

1412 2499 1544 2548 aliquis
1565 2508 1661 2537 errat
1680 2513 1724 2536 ex
1744 2501 1971 2548 ignorantia;
1997 2502 2059 2538 vel
2083 2514 2171 2538 cum
2191 2502 2324 2552 aliquis
2343 2515 2389 2540 ex
2408 2503 2471 2540 ali-

1411 2564 1487 2601 qua
1515 2554 1617 2589 bona
1640 2553 1845 2590 intentione
1865 2554 2065 2591 committit
2083 2554 2239 2602 aliquod
2257 2563 2468 2604 peccatum,

1410 2612 1502 2654 puta
1531 2618 1616 2642 cum
1651 2606 1784 2654 aliquis
1821 2607 1964 2644 furatur
1998 2615 2040 2644 ut
2068 2607 2131 2644 det
2168 2609 2467 2657 eleemosynam.

1411 2659 1513 2706 Ergo
1542 2658 1812 2696 insufficienter
1840 2659 2010 2708 capitalia
2036 2659 2127 2697 vitia
2156 2668 2437 2699 enumerantur.

1465 2711 1538 2747 SED
1569 2724 1602 2748 IN
1632 2723 1865 2750 CONTRARIUM
1893 2724 1958 2749 EST
1987 2712 2187 2750 auctoritas
2217 2714 2389 2762 Gregorii
2417 2714 2470 2751 sic

1412 2765 1682 2812 enumerantis,
1712 2766 1837 2802 XXXI
1865 2766 2078 2802 Moralium
2107 2766 2139 2803 ²⁸.

1464 2817 1688 2854 RESPONDEO
1714 2829 1897 2855 mcENDUM
1918 2819 2035 2867 quod,
2066 2819 2160 2856 sicut
2188 2819 2330 2856 dictum
2359 2827 2416 2857 est
2434 2820 2468 2867 *,

1409 2869 1501 2906 vitia
1530 2870 1700 2918 capitalia
1728 2871 1903 2907 dicuntur
1937 2883 1982 2907 ex
2010 2871 2148 2919 quibus
2177 2871 2248 2909 alia
2277 2872 2468 2919 oriuntur,

1410 2922 1612 2970 praecipue
1651 2923 1861 2960 secundum
1898 2924 2083 2961 rationem
2113 2937 2252 2961 causae
2286 2925 2408 2962 finalis
2436 2925 2466 2963 *.

1411 2974 1641 3012 Huiusmodi
1661 2984 1788 3012 autem
1818 2976 1923 3024 origo
1951 2984 2075 3025 potest
2096 2977 2235 3014 attendi
2260 2978 2467 3026 dupliciter.

1411 3027 1497 3064 Uno
1526 3028 1682 3076 quidem
1707 3029 1837 3076 modo,
1859 3026 2070 3067 secundum
2093 3030 2352 3068 conditionem
2380 3043 2468 3080 pec-

1410 3080 1539 3128 cantis,
1561 3080 1625 3129 qui
1645 3081 1697 3118 sic
1718 3081 1919 3130 dispositus
1949 3090 2005 3119 est
2031 3090 2072 3119 ut
2091 3083 2257 3120 maxime
2286 3084 2469 3121 afficiatur

1410 3133 1458 3170 ad
1477 3146 1598 3170 unum
1618 3134 1749 3182 finem,
1771 3146 1815 3171 ex
1839 3147 1916 3182 quo
1936 3143 1976 3172 ut
1995 3136 2200 3184 plurimum
2221 3135 2259 3172 in
2289 3137 2361 3173 alia
2378 3149 2465 3186 pec-

1409 3193 1490 3223 cata
1519 3187 1712 3235 procedat.
1744 3188 1821 3224 Sed
1850 3187 1917 3224 iste
1945 3189 2084 3226 modus
2113 3188 2264 3237 originis
2293 3190 2363 3226 sub
2391 3196 2467 3225 arte

1410 3239 1545 3276 cadere
1574 3252 1652 3276 non
1680 3247 1824 3289 potest:
1855 3254 1900 3277 eo
1922 3241 2026 3288 quod
2045 3242 2214 3278 infinitae
2243 3249 2329 3278 sunt
2355 3241 2467 3290 parti-

1410 3292 1554 3329 culares
1582 3293 1781 3330 hominum
1812 3293 2087 3342 dispositiones.
2109 3315 2132 3322 -
2153 3294 2239 3331 Alio
2258 3292 2390 3345 mode,
2410 3305 2466 3330 se-

1411 3346 1578 3382 cundum
1607 3347 1815 3382 naturalem
1845 3346 2104 3384 habitudinem
2132 3347 2303 3396 ipsorum
2330 3345 2465 3383 finium

1410 3398 1460 3434 acl
1487 3398 1664 3435 invicem.
1696 3400 1744 3435 Et
1772 3401 1982 3437 secundum
2011 3400 2096 3446 hoc,
2122 3407 2163 3436 ut
2186 3404 2204 3420 ²
2231 3398 2270 3435 in
2296 3397 2466 3446 pluribus

2497 2767 2505 2774 ’
2524 2765 2581 2796 Cap.
2604 2771 2656 2792 nv,
2678 2766 2709 2788 ιΙ.

2497 2797 2582 2818 xv11,m
2589 2796 2634 2814 vet.
2644 2798 2707 2814 xxxi.

2498 2823 2506 2831 ·
2521 2822 2572 2844 Art.
2589 2823 2695 2850 praeced.

2500 2929 2507 2937 '
2522 2927 2551 2949 D.
2564 2933 2613 2956 3⁰2-
