2840 4010
76 1646 273 1693 ,(*ΣῬ-ΐέῒὲ

23 2090 28 2093 .
82 2069 158 2090 nn?
173 2065 211 2090 §xi
234 2071 267 2089 .”·

85 2096 168 2121 „uu-M.
187 2103 209 2116 ιι
243 2105 245 2112 v

78 3131 97 3156 ὅ
103 3131 183 3167 vasi*
190 3151 210 3167 ι.

1004 132 1281 179 QUAESTIO
1299 132 1399 169 CVII
1407 143 1423 180 ,·
1439 133 1742 171 aR‘mCULUS
1767 135 1810 177 11¹

315 214 454 249 autem
471 213 575 247 nova
594 217 651 246 est
667 209 727 246 lex
747 210 1005 258 perfectionis,
1021 211 1112 260 quia
1131 217 1197 248 est
1204 212 1263 247 lex
1277 211 1375 247 cari-

314 263 416 310 tatis,
424 262 478 300 de
498 274 574 311 qua
593 263 801 311 Apostolus
821 262 920 310 dicit,
940 264 992 300 ad
1019 263 1140 300 Colos
1163 275 1197 300 ιιι
1216 262 1238 293 ²⁸
1237 263 1374 311 q‚uod

316 322 384 352 est
396 315 587 352 vinculum
611 315 860 364 perfectionis.
958 332 960 334 ’

346 369 437 405 An
460 372 603 405 patmum
639 379 739 405 ERGO
775 371 975 406 mOENIfflM.
984 328 1130 416 quod
1133 367 1256 404 unitas
1284 367 1374 404 fidei

314 420 511 469 uuit'nque
542 421 755 458 testamenti
787 423 1009 458 attestatur
1003 419 1148 456 unitati
1179 419 1286 456 finis:
1321 419 1375 456 di—

165 484 223 502 ιιι,
244 484 286 499 ar.
316 481 423 510 cmm
449 481 504 511 est
526 484 650 512 emm·-
663 485 795 523 supra
796 473 821 499 *ν
845 472 1166 522 quodmbiecmm
1193 472 1377 519 theologi-

318 538 448 564 carum
475 526 799 574 virtutumfinter
823 528 921 574 quas
938 529 994 561 est
1010 525 1121 571 fides,
1141 532 1198 560 est
1217 525 1375 561 finissul-

316 579 466 616 timus
463 579 577 616 Sed
569 582 710 616 tamen
718 578 823 617 fides
840 577 982 614 habuit
996 582 1012 606 ἵ
1041 577 1156 614 alium
1175 584 1315 614 statum
1338 577 1376 614 in

317 632 435 670 veteri
460 639 500 669 ct
510 632 581 669 in
584 632 837 679 novatae-ge:
850 640 958 667 nam
966 630 1078 679 xuf‘md
1100 630 1150 667 illi
1172 630 1381 667 credebant

317 686 496 731 mmm,
520 687 613 722 nos
602 683 816 721 'iot-edimus
843 683 997 720 factum.
1062 711 1102 718 .,
1182 699 1199 705 ·2
1223 697 1274 722 ει.
1320 698 1382 718 w„-

351 739 649 775 Aumatium«
657 747 841 774 memnon
857 735 962 784 quod
982 747 1119 772 omnes
1133 709 1383 782 differentiae

319 803 418 839 qnae
438 789 698 837 'assignantur
699 789 805 834 {niter
830 801 974 825 novam
995 790 1126 836 legem
1139 795 1175 824 et
1184 795 1376 834 veterem,

318 842 791 892 accipiuntuntsecundum
815 842 1026 890 perfectum
1044 848 1081 878 et
1099 841 1376 890 imperfectum.

318 897 525 944 Praecepta
552 895 654 932 enim
682 895 774 943 legis
799 894 995 931 cuiuslibet
1013 893 1379 931 damumdffiactibus

316 949 598 986 virtumm21A<t
606 949 806 997 {operanda
825 955 953 984 autern
972 947 1295 995 virtutumopera
1314 947 1378 983 ali-

318 1009 375 1039 ter
394 1001 638 1049 inclinantur:
655 1001 897 1049 impense-cti,
932 1000 1199 1050 quintionclutn
1229 1000 1379 1037 ‘habent

317 1054 670 1101 virtutishabiumi;
687 1057 723 1091 et
741 1055 846 1091 aliter
864 1054 912 1090 illi
934 1053 1192 1102 quivstintsper
1204 1052 1381 1090 habitum·-

317 1107 659 1156 vmutis==perfecti2
696 1107 750 1143 llli
778 1107 880 1144 enirn
899 1105 913 1129 ὅ
941 1106 1017 1155 qui'
1034 1105 1209 1143 nondum
1235 1106 1378 1143 habent

317 1160 496 1198 habitum
513 1161 677 1207 virtutis,
704 1160 931 1197 inclinantur
953 1160 1003 1196 ad
1020 1159 1213 1207 agendum
1230 1158 1379 1199 virtutis
1408 1188 1409 1194 ,

318 1224 437 1273 opera
465 1225 510 1251 ex
531 1214 664 1262 aliqua
693 1226 807 1250 causa
835 1213 1058 1250 extrinseca:
1082 1219 1179 1261 puta
1202 1222 1247 1248 ex
1272 1224 1377 1249 com-

248 1294 256 1295 .
318 1266 526 1304 firmatione
554 1277 781 1316 poenarum,
800 1266 863 1302 vel
893 1277 938 1302 ex
964 1264 1216 1324 promissione
1234 1265 1377 1314 aliqua-

318 1327 406 1380 rum
433 1320 737 1358 extrinsecarum
755 1318 1121 1365 remunerationum,
1143 1320 1247 1367 puta
1255 1319 1378 1355 hono-

328 1414 330 1416 ,
317 1372 453 1411 risve}
469 1373 691 1411 divitiarum·
708 1373 771 1409 vel
790 1371 1276 1417 alicuiushuiusmfidirzEt
1284 1371 1376 1408 ideo

317 1427 512 1473 len-vetus,
526 1437 626 1475 quae
645 1425 808 1462 dabatur·
830 1423 1378 1473 imperfectis,.idest·nondum

318 1479 532 1516 consecutis
558 1478 717 1526 gratiam
745 1477 995 1527 spiritualem,
1026 1477 1220 1514 dicebatur
1245 1477 1309 1514 lex
1335 1478 1377 1514 ti-

317 1532 435 1569 moris
448 1561 458 1577 ,
500 1532 725 1580 inquantum
763 1531 968 1568 inducebat
1004 1532 1053 1568 ad
1095 1530 1377 1568 observantiam

316 1593 625 1634 puaeceptorum,
653 1597 722 1633 per
758 1583 1099 1622 comminationem
1137 1584 1376 1632 quarundam

316 1648 554 1686 poenarumt-
565 1638 614 1675 Et
633 1637 766 1675 dicitur
783 1638 925 1674 habere
944 1636 1168 1686 tempomlia
1186 1636 1377 1685 quaedam

316 1690 518 1739 promissa.
538 1711 563 1719 -
585 1691 641 1735 llli
666 1698 796 1727 autem
821 1690 885 1739 qui
905 1691 1048 1727 habent
1064 1689 1379 1738 vimoemrincli-

318 1751 456 1781 nan-tur
473 1745 524 1781 ad
541 1743 688 1781 virtutis
716 1755 835 1793 opera
863 1743 1015 1791 agenda
1031 1750 1187 1792 propter
1205 1754 1376 1780 amorem

318 1796 477 1844 virtutis,
495 1809 586 1834 ιιιοιι
612 1804 770 1846 propter
796 1796 963 1845 aliquam
983 1803 1378 1845 poenamautxremu-

318 1850 846 1888 nerationem.¹extrinsecam.
877 1850 926 1886 Et
950 1849 1039 1886 ideo
1059 1849 1121 1886 lex
1134 1856 1255 1896 nova,
1272 1849 1379 1886 cuius

317 1902 573 1952 pvincipalitas
593 1903 763 1940 consistit
779 1903 816 1940 in
832 1903 913 1952 ipsa
933 1902 1114 1951 spirituali
1132 1902 1249 1950 gratia
1263 1902 1379 1940 indita

318 1956 513 2004 cordibus,
543 1957 678 1994 dicitur
709 1956 773 1993 Iex
803 1956 955 1993 amoris.
991 1955 1040 1992 Et
1066 1955 1203 1992 dicitur
1238 1956 1379 1995 habere

316 2010 506 2057 promissa
520 2038 524 2040 -
533 2009 738 2059 spiritualia
758 2017 795 2046 et
803 2020 805 2023 ’
813 2017 978 2056 aeterna,
1004 2008 1220 2056 quae-sunt
1230 2009 1380 2046 obiecta

316 2062 476 2110 virtutis,
506 2063 709 2112 praecipue
738 2062 911 2100 caritatis.
941 2062 991 2099 Et
1013 2061 1064 2099 ita
1080 2067 1095 2087 β
1116 2072 1191 2110 per-
1210 2073 1258 2099 se
1277 2062 1316 2099 in
1335 2074 1380 2099 ea

367 2177 397 2211 γ)
416 2178 546 2203 habunt„-
564 2177 642 2203 habet
660 2178 707 2203 Pa.

370 2212 396 2247 δ)
414 2213 493 2247 enim.
505 2226 524 2232 —
540 2217 633 2250 putem
649 2213 697 2239 Pa.

370 2249 391 2281 ε)
411 2249 459 2274 ita.
470 2262 490 2268 -—
507 2248 567 2273 ideo
584 2248 661 2274 EFK.

1428 211 1664 259 inclinantur,
1680 211 1975 261 =n0n.quasi:¹in
2001 219 2190 261 extranea,
2220 211 2288 248 sed
2317 211 2424 260 quasi
2451 211 2498 251 in

1429 265 1593 313 propria.
1614 285 1638 292 -
1654 242 1707 301 'Et
1725 273 1881 313 propter
1903 265 1986 302 hoc
1991 264 2111 302 etiam
2130 265 2206 302 lex
2216 272 2326 302 vetus
2355 264 2490 304 dicitur

2416 143 2499 180 279:

1429 318 1601 353 cohihere
1617 329 1793 363 manum,
1806 330 1897 355 mm
1901 317 2070 358 animum
2091 318 2127 353 *τ
2157 316 2248 365 quia
2262 317 2334 365 qui
2352 317 2488 355 timore
2515 329 2572 376 *Sef-
2574 329 2711 381 affin&
2683 328 2727 353 111

1429 381 1578 416 poenae
1607 370 1656 406 ab
1682 370 1817 418 aliquo
1837 374 2022 419 peccato
2023 346 2319 419 εὓειιῃομίηοη
2347 369 2488 418 simpli-

1430 421 1520 458 citer
1549 422 1628 459 eius
1647 423 1838 461 voluntas.
1844 435 1866 460 a
1884 430 2047 482 peccato
2061 422 2215 469 recedit,
2230 423 2330 461 sicut
2348 422 2489 462 recedit

1428 475 1606 511 voluntas
1635 475 1715 511 eius
1742 475 1808 523 qui
1834 487 1967 513 amore
1996 475 2154 514 iustitiae
2179 476 2341 514 abstinet
2359 488 2383 513 a
2399 486 2488 524 pec-

1430 534 1526 562 cato.
1552 527 1603 563 Et
1631 535 1787 576 propter
1803 529 1879 565 hoc
1896 529 1963 565 lex
1975 540 2091 575 nova,
2111 540 2208 577 quae
2223 536 2284 567 est
2304 529 2362 566 lex
2382 540 2495 566 amo-

1431 579 1491 624 ris,
1520 578 1656 615 dicitur
1682 581 1850 617 animum
1880 581 2050 619 cohibere
2066 581 2100 618 ³¹³.
2266 599 2269 601 >
2340 600 2366 607 >⁴

1476 608 1652 668 ·⁷Fuerunt
1685 640 1815 669 tamen
1849 633 1964 682 aliqui
1995 633 2034 671 in
2071 641 2170 671 statu
2202 634 2342 672 veteris
2377 640 2488 671 testa-

1430 684 1549 720 menti
1565 685 1748 722 habentes
1769 685 1962 723 caritatem
1982 694 2020 723 et
2035 686 2208 733 gratiam
2215 686 2383 739 Spiritus
2393 686 2488 723 San-

1431 736 1478 772 cti
1494 766 1502 782 ,
1542 737 1607 784 qui
1644 737 1897 785 principaliter
1934 739 2182 787 expectabant-
2217 738 2488 797 promissiones

1431 788 1638 836 spirituales
1657 797 1696 826 et
1720 797 1904 828 aeternas.
1933 792 1983 828 Et
2002 791 2212 829 secundum
2232 792 2307 829 hoc
2326 791 2487 840 pertine-

1430 842 1522 878 bant
1539 842 1588 878 ad
1607 843 1734 889 legem
1757 855 1958 880 novam.,-
1981 843 2156 881 Similiter
2176 844 2287 881 etiam
2315 844 2355 881 in
2383 856 2486 881 novo

1430 901 1656 931 testamento
1682 903 1770 932 sunt
1788 895 1904 942 aliqui
1933 897 2100 933 carnales
2124 897 2296 934 nondum
2313 896 2326 921 t
2347 897 2487 945 pertin-

1430 955 1558 994 gentes
1579 948 1626 984 ad
1655 948 1929 1007 perfectionem
1959 960 2083 986 novae
2103 949 2203 996 legis,
2225 961 2322 996 quos
2337 955 2355 976 η
2375 961 2488 997 opor-

1430 1000 1500 1036 tuit
1526 999 1655 1037 etiam
1668 1000 1706 1036 in
1734 1011 1838 1038 novo
1863 1009 2088 1038 testamento
2104 1001 2240 1039 induci
2267 1002 2315 1040 ad
2343 1002 2491 1041 virtutis

1431 1065 1548 1101 opera
1576 1065 1646 1102 per
1663 1053 1839 1091 timorem
1859 1066 2085 1102 poenarum,
2107 1062 2142 1091 et
2160 1066 2229 1103 per
2247 1055 2375 1102 aliqua
2394 1062 2488 1092 tern-

1430 1106 1573 1154 poralia
1593 1106 2241 1154 promissa.»

1484 1160 1563 1196 Lex
1582 1162 1723 1196 autem
1729 1167 1841 1196 vetus
1860 1160 1927 1197 etsi
1948 1167 2152 1209 praecepta
2181 1160 2342 1197 caritatis
2370 1160 2487 1207 daret,

1430 1224 1507 1248 non
1527 1221 1654 1249 tamen
1673 1225 1743 1261 per
1760 1225 1846 1250 eam
1867 1213 2027 1250 dabatur
2045 1212 2205 1261 Spiritus
2225 1214 2397 1260 Sanctus,
2417 1224 2486 1261 per

1430 1277 1547 1312 quem
1581 1265 1803 1314 diffunditur
1835 1266 1973 1302 caritas
2000 1266 2037 1303 in
2066 1266 2239 1303 cordibus
2265 1267 2419 1311 nostris,
2447 1274 2489 1303 ut

1430 1318 1563 1355 dicitur
1589 1320 1700 1355 Rom.
1720 1331 1744 1355 v
1762 1318 1793 1355 *.

2514 582 2577 604 'Cf.
2595 582 2650 604 ibid.

2517 1321 2639 1348 ‘es.Vr5.

1483 1373 1541 1407 ΑΙ)
1559 1382 1719 1408 τΕΙιΤΙιΙΜ
1739 1383 1922 1408 nit-,sunum
1941 1371 2065 1420 quod,
2074 1372 2168 1408 sicut
2182 1384 2297 1420 supra
2309 1371 2329 1394 '¹‘
2345 1371 2487 1409 dictum
2514 1378 2583 1425 {Qu-
2594 1384 2617 1400 c
2616 1384 2639 1405 ι
2653 1382 2697 1400 ast

1432 1431 1509 1470 est,
1536 1425 1595 1460 lex
1623 1436 1726 1462 nova
1759 1424 1913 1461 dicitur·
1925 1424 1988 1461 lex
2008 1424 2124 1471 fidei,
2154 1425 2378 1484 inquantum
2407 1424 2488 1461 eius

1431 1477 1685 1525 principalitas
1709 1477 1877 1515 consistit
1903 1477 1943 1514 in
1969 1477 2051 1525 ipsa
2079 1477 2194 1524 gratia
2213 1489 2312 1525 quae
2336 1477 2489 1515 interius

1433 1530 1541 1567 datur
1561 1530 1817 1567 credentibus:
1834 1530 1936 1567 unde
1957 1530 2090 1566 dicitur
2097 1531 2224 1579 gratia
2233 1531 2340 1578 fidei.
2362 1531 2488 1567 Habet

1431 1591 1559 1620 autem
1589 1583 1813 1620 secundario
1843 1583 1968 1631 aliqua
1997 1583 2094 1620 facta
2122 1590 2158 1620 et
2186 1583 2345 1621 moralia
2368 1591 2404 1620 et
2430 1596 2488 1620 sa-

1433 1636 1694 1673 cramentalia:
1724 1637 1791 1673 sed
1811 1636 1849 1673 in
1867 1636 1925 1673 his
1945 1648 2023 1673 non
2043 1636 2211 1674 consistit
2237 1636 2490 1685 principalitas

1432 1689 1522 1737 legis
1540 1701 1681 1736 novae,
1699 1689 1794 1726 sicut
1821 1689 2073 1738 principalitas
2099 1689 2237 1727 veteris
2265 1689 2355 1737 legis
2379 1689 2418 1726 in
2436 1689 2489 1726 eis

1434 1742 1671 1779 consistebat.
1708 1742 1761 1779 Illi
1794 1750 1920 1779 autem
1950 1742 2014 1791 qui
2046 1743 2084 1778 in
2112 1743 2230 1779 veteri
2263 1749 2489 1780 testamento

1433 1796 1517 1832 Deo
1546 1796 1696 1832 fuerunt
1714 1795 1856 1844 accepti
1876 1808 1944 1844 per
1961 1795 2094 1842 fidem,
2115 1796 2326 1832 seeundum
2345 1796 2420 1833 hoc
2438 1796 2488 1832 ad

1433 1861 1579 1885 novum
1602 1855 1868 1886 testamemum
1894 1849 2147 1897 pertinebant:
2168 1861 2246 1886 non
2269 1848 2370 1885 enirn
2388 1848 2489 1884 iusti-

1433 1902 1644 1938 ficabantur
1670 1901 1742 1938 nisi
1770 1914 1838 1950 per
1863 1902 1983 1939 fidem
2010 1901 2159 1948 Christi,
2187 1902 2252 1951 qui
2281 1909 2336 1939 est
2359 1909 2491 1938 auctor

1434 1955 1524 1991 novi
1553 1955 1778 1992 testamenti.
1799 1955 1912 1992 Unde
1936 1962 1973 1992 et
1991 1955 2039 1992 de
2055 1955 2196 2003 Moyse
2222 1954 2308 1992 dicit
2326 1956 2491 2002 Aposto-

1434 2009 1502 2054 lus,
1523 2009 1684 2045 adHeb.
1700 2021 1735 2045 xi
1748 2008 1781 2055 ³⁶,
1803 2008 1906 2056 quod
1927 2008 2090 2044 maiores
2108 2008 2253 2045 divitias
2271 2007 2493 2045 aestimabat

1435 2062 1608 2098 thesauro
1635 2062 1925 2111 Aegyptiorum,
1954 2061 2222 2109 improperium
2255 2060 2400 2098 Christi.

1486 2176 1511 2210 ζ)
1532 2177 1659 2201 nondum.
1671 2190 1690 2196 -
1707 2179 1734 2202 et
1752 2176 1870 2201 nondum
1889 2176 1965 2201 EFK.

1486 2212 1512 2246 η)
1532 2219 1606 2244 quos.
1619 2226 1637 2230 -
1651 2215 1765 2245 propter
1784 2219 1850 2243 quos
1868 2211 1977 2237 codices.

969 2292 1327 2356 Commentauia.
1349 2317 1606 2351 Cardinalis
1619 2317 1817 2351 Caietam

406 2391 621 2438 uaestionibus
637 2406 942 2447 centesimaseptima
955 2393 985 2437 et
1001 2392 1281 2448 centesimaoctava
1300 2406 1377 2437 nihil

320 2355 548 2510 Isciibendum
576 2450 730 2487 occurrit,
754 2450 814 2481 nisi
838 2457 874 2481 ut
896 2451 1026 2481 mandes
1050 2459 1102 2481 eas
1111 2442 1313 2501 meffio'riae,
1343 2458 1379 2481 ut

1431 2406 1586 2446 intelligas
1609 2406 1770 2480 Eilvangelii
1794 2407 1906 2447 legem,
1931 2413 1961 2438 et
1983 2385 2110 2438 reddefe
2135 2406 2212 2437 scias
2227 2406 2380 2437 rationem
2401 2405 2492 2436 Chri-

1433 2450 1548 2481 stianae
1572 2451 1658 2490 legs.

1083 2603 1399 2677 ARTTCULUS
1430 2612 1726 2655 SECUNDUS

894 2706 1049 2736 UTRUM
1073 2705 1158 2736 Lux
1179 2706 1299 2737 NovA
1324 2706 1471 2737 LEGEM
1496 2706 1704 2736 VETEREM
1729 2676 1919 2736 IMPLEAT

342 2765 359 2781 'A'
479 2778 512 2810 IV
532 2785 614 2816 Sent„
635 2784 694 2810 dist.
719 2792 739 2817 ι,
759 2792 803 2817 qu.
822 2792 849 2814 11,
869 2790 916 2809 art.
937 2784 959 2818 5,
980 2785 1028 2817 qu¹²
1049 2792 1072 2816 2,
1076 2785 1123 2830 ad
1147 2793 1168 2816 ι,
1178 2784 1218 2818 3;
1237 2785 1282 2810 Ad
1299 2771 1386 2814 Rom„
1407 2794 1434 2810 ca
1437 2793 1461 2817 p.
1481 2793 1518 2816 ιιι,
1538 2786 1595 2809 lect.
1615 2792 1652 2815 1v;
1672 2793 1727 2818 cap.
1747 2793 1779 2814 ix,
1800 2786 1855 2809 lect.
1875 2793 1905 2816 v3
1925 2786 1969 2810 Ad
1988 2785 2091 2818 Ephes„
2111 2793 2166 2817 cap.
2185 2793 2213 2815 11,
2233 2786 2289 2810 lect.
2308 2793 2333 2810 v.

367 2887 417 2914 ἰ
441 2894 509 2937 ἔξ(
533 2883 554 2909 ι)
570 2868 759 2909 secunaum
774 2883 827 2908 sn:
842 2856 1080 2909 paocsmr'un.
1101 2871 1260 2910 Videtur
1274 2873 1378 2923 quod

360 2914 394 2973 ²53,
454 2931 509 2985 ξ’·
532 2926 592 2961 lex
620 2936 722 2961 nova
750 2925 873 2973 legem
901 2932 1072 2962 veterem
1105 2938 1182 2962 non
1210 2926 1376 2985 impleat.

354 3010 361 3022 Α
384 3017 386 3020 ,
444 2997 451 3001 ν
478 2984 499 3021 '2
515 2975 706 3026 Impletio
737 2977 836 3018 enirn
858 2978 1106 3016 contrariatur
1127 2974 1377 3026 evacuationi.

337 3030 359 3035 ''
377 3046 387 3061 ¹>
403 3024 465 3062 '³32
490 3023 610 3067 &Sed
639 3030 697 3068 lex
723 3041 825 3067 nova
846 3039 1016 3082 evacuat,
1040 3028 1103 3067 vel
1133 3024 1295 3069 excludit
1313 3028 1381 3068 ob-

322 3081 530 3121 servantias
557 3079 649 3132 legis
675 3082 832 3119 veteris:
858 3082 947 3120 dicit
965 3079 1066 3120 enim
1089 3084 1310 3133 Apostolus,
1331 3085 1382 3121 ad

325 3135 408 3172 Gal.
424 3134 497 3172 v*:
528 3137 570 3172 Si
595 3135 924 3182 circumcidimini,
959 3135 1124 3173 Christus
1157 3135 1247 3173 nihil
1277 3137 1381 3174 vohis

316 3188 496 3236 proderit.
525 3189 628 3237 Ergo
649 3189 708 3225 lex
731 3200 835 3225 nova
854 3200 933 3225 non
954 3196 1008 3225 est
1016 3185 1220 3239 impletiva
1241 3190 1381 3227 veteris

320 3240 423 3290 Iegis.

326 3300 330 3302 '
375 3305 410 3331 2.
437 3287 673 3341 PRAETEREA,
704 3293 950 3331 contrarium
963 3304 1040 3331 non
1071 3301 1125 3330 est
1144 3279 1379 3344 impletivum

320 3347 378 3383 sui
408 3348 595 3384 contrarii
628 3349 704 3385 Sed
733 3347 924 3385 Dominus
952 3347 990 3385 in
1018 3348 1100 3394 lege
1120 3359 1222 3384 nova
1242 3360 1382 3397 propo-

374 3460 401 3494 α)
421 3461 491 3486 Non.
509 3475 527 3480 -
546 3461 647 3490 dicens,
668 3461 728 3486 Non
749 3461 796 3485 Pa.

1435 2873 1508 2910 suit
1535 2873 1723 2921 quaedam
1754 2881 1955 2922 praecepta
1985 2873 2168 2909 contraria
2195 2872 2404 2921 praeceptis
2423 2885 2491 2910 ve-

2521 2017 2526 2024 ”
2543 2015 2608 2037 Vcrs.
2624 2016 2659 2037 26.

1435 2926 1522 2963 teris
1551 2926 1651 2973 legis.
1682 2924 1829 2962 Dicitur
1848 2926 1950 2963 enim
1971 2926 2103 2963 Matth.
2120 2926 2192 2962 v*:
2221 2926 2384 2962 Audistis
2404 2926 2492 2974 quia
2521 2935 2730 2962 ’νοτε-πνοιῆς·

1436 2980 1572 3016 dictum
1593 2985 1646 3015 est
1672 2976 1854 3027 antiquis:
1877 2979 2108 3027 Quicumque
2135 2979 2315 3015 dimiserit
2332 2991 2491 3015 uxorem

1435 3044 1564 3076 suam,
1594 3033 1655 3068 det
1685 3033 1720 3068 ei
1752 3032 1923 3068 libellum·
1952 3032 2105 3080 repudii.
2139 3032 2225 3082 Ego
2257 3037 2382 3068 autem
2410 3031 2491 3068 dico

1436 3085 1561 3121 vobis:
1594 3083 1826 3132 Quicumque
1853 3083 2032 3122 dimiserit
2059 3095 2216 3121 uxorem
2244 3097 2372 3130 suam,
2397 3084 2495 3131 facit

1437 3149 1520 3174 eam
1549 3137 1750 3173 moechari.
1791 3137 1839 3172 Et
1871 3136 1972 3173 idern
2007 3145 2284 3186 consequenter
2319 3144 2422 3186 patet
2453 3137 2492 3174 in

1436 3190 1688 3238 prohibitione
1717 3189 1938 3237 iuramenti,
1969 3197 2004 3226 et
2033 3189 2147 3228 etiam·
2170 3190 2209 3229 in
2238 3187 2493 3240 prohibitione

1436 3241 1604 3289 talionis,
1623 3240 1676 3278 'et
1707 3242 1745 3278 in
1778 3242 1867 3279 odio
1896 3242 2146 3281 inimicorum.
2178 3242 2355 3281 Similiter
2382 3243 2495 3280 etiarn

1436 3295 1790 3331 videturDominus
1811 3295 2010 3332 exclusisse
2030 3292 2232 3345 praecepta
2249 3293 2390 3333 'veteris
2405 3295 2495 3344 legis

1439 3349 1485 3385 de
1506 3347 1730 3384 discretione
1757 3347 1942 3395 ciborum,
1970 3350 2102 3389 Matth.
2118 3361 2164 3387 xv
2179 3350 2213 3387 *:
2239 3349 2331 3389 Non
2352 3355 2369 3371 α
2397 3350 2498 3397 quod

2524 3328 2529 3334 ·
2548 3325 2613 3347 Vers.
2627 3332 2633 3346 1
2647 3341 2653 3346 .

2621 3362 2637 3377 α
