2840 4010
89 532 98 542 ·
112 532 163 554 Art.
179 537 198 559 5,
214 531 234 553 8.

86 2794 95 2802 ·
109 2792 176 2814 Vers.
192 2798 221 2814 21.

85 2900 95 2909 ·
105 2898 141 2920 Cf.
150 2898 245 2925 Morat„
256 2898 294 2920 lib.

86 2925 170 2952 XVIII,
185 2931 235 2952 cap.
255 2931 286 2946 xv.

186 2961 202 2978 α

87 3005 95 3014 ·
112 3003 179 3026 Vers.
195 3004 217 3025 18
233 3010 282 3032 sqq.

328 127 403 173 354

327 213 362 241 et
390 205 438 242 ad
466 207 632 252 malum,
663 205 859 254 dupliciter
885 211 1010 253 potest
1046 203 1178 250 aliquis
1205 213 1384 250 perseve-

327 258 483 294 rantiam
520 258 559 295 in
591 259 694 295 bono
729 257 898 294 obtinere
928 269 950 293 a
978 257 1074 293 Deo.
1102 255 1189 292 Uno
1226 254 1382 302 quidem

326 311 457 358 modo,
478 323 548 359 per
570 312 645 347 hoc
673 311 776 359 quod
805 310 965 346 liberum
985 308 1191 345 arbitrium
1209 307 1384 345 determi-

327 371 436 400 natur
450 364 498 400 ad
518 364 663 400 bonum
682 375 750 410 per
764 362 920 409 gratiam
937 368 1261 398 consummatam:
1279 360 1383 408 quod

327 416 395 453 erit
422 416 460 452 in
487 416 614 462 gloria.
640 415 725 451 Alio
754 414 885 457 modo,
914 425 958 449 ex
986 421 1092 462 parte
1121 412 1300 449 motionis
1330 412 1384 449 di-

326 469 448 515 vinae,
470 480 566 516 quae
594 467 790 504 hominem
829 466 980 503 inclinat
1009 466 1057 502 ad
1086 467 1232 502 bonum
1261 477 1382 513 usque

325 522 362 557 in
392 522 522 557 finem.
545 520 649 556 Sicut
672 528 799 556 autem
829 532 874 555 ex
894 519 1000 556 dictis
1028 518 1049 540 '¹‘
1077 525 1190 566 patet,
1211 518 1303 554 illud
1323 530 1383 554 ca-

326 574 378 610 dit
414 574 484 610 sub
522 574 691 609 humano
729 572 883 618 merito,
914 571 1019 620 quod
1057 578 1300 619 comparatur
1333 571 1382 608 ad

325 634 472 662 motum
493 626 598 662 liberi
618 625 755 662 arbitrii
775 625 904 662 directi
925 637 946 660 a
966 625 1050 661 Deo
1075 631 1268 670 movente,
1289 623 1384 660 sicut

324 679 524 715 terminus:
554 691 631 715 non
669 685 797 714 autem
834 677 873 714 id
911 676 1015 726 quod
1056 683 1299 726 comparatur
1333 677 1382 714 ad

322 731 556 780 praedictum
583 738 732 767 motum
761 730 856 767 sicut
883 729 1124 779 principium.
1149 729 1261 766 Unde
1280 736 1383 778 patet

323 784 427 832 quod
463 783 743 832 perseverantia
780 783 936 831 gloriae,
970 795 1068 831 quae
1111 790 1166 819 est
1201 782 1382 819 terminus

321 836 502 885 praedicti
530 845 669 883 motus,
692 836 791 873 cadit
818 837 888 872 sub
914 836 1071 873 merito:
1100 835 1382 884 perseverantia

323 898 450 926 autem
477 890 563 926 viae
598 902 675 926 non
705 889 803 926 cadit
831 890 902 926 sub
935 889 1093 935 merito,
1122 888 1212 936 quia
1241 888 1382 936 depen-

323 943 384 980 det
403 943 527 979 solum
549 955 593 979 ex
614 942 783 979 motione
804 942 942 988 divina,
959 954 1057 990 quae
1079 948 1134 978 est
1152 941 1379 990 principium

321 995 442 1033 omnis
462 996 594 1032 meriti.
618 996 695 1033 Sed
714 997 819 1032 Deus
848 995 960 1043 gratis
979 994 1285 1044 perseverantiae
1310 995 1377 1032 bo-

321 1061 414 1086 nurn
442 1049 604 1096 largitur,
627 1048 852 1098 cuicumque
881 1048 972 1086 illud
998 1048 1161 1096 largitur.

999 115 1276 172 QUAESTIO'
1295 124 1432 171 CXiv,
1461 124 1758 162 ART1CULUS
1787 125 1821 161 X

1467 214 1469 216 ¹
1491 204 1550 239 An
1579 214 1716 239 PthJM
1743 214 1842 239 ERGO
1863 214 2046 241 mcENDUM
2068 206 2172 253 quod
2193 206 2304 243 etiarn
2335 218 2380 243 ea
2400 217 2498 254 quae

1438 266 1517 292 non
1545 267 1750 302 meremur,
1772 255 1919 293 orando
1944 256 2204 304 impetramus.
2226 259 2328 296 Nam
2349 267 2385 296 et
2412 271 2499 308 pec-

1439 315 1585 345 catores
1605 309 1710 345 Deus
1739 308 1853 355 audit,
1874 316 2121 356 peccatorum
2138 310 2294 347 veniam
2312 319 2495 359 petentes,

1438 372 1555 409 quam
1584 373 1662 398 non
1687 369 1894 398 merentur:
1914 369 1956 398 ut
1974 369 2077 410 patet
2094 374 2163 410 per
2186 363 2440 411 Augustinum
2459 365 2495 412 ³¹²,

1438 425 1553 462 super
1586 414 1676 451 illud
1714 415 1819 451 Ioan.
1853 413 1937 451 ix*:
1977 415 2123 451 Scimus
2160 416 2248 463 quia
2278 422 2497 464 peccatores

1436 467 1540 504 Deus
1560 479 1633 503 non
1654 468 1824 511 exaudit;
1853 467 2020 516 alioquin
2048 468 2182 504 frustra
2201 468 2353 505 dixisset
2375 469 2497 517 publi-

1438 531 1571 556 canus:
1592 520 1707 565 Deus,
1727 520 1912 568 propitius
1931 525 2005 557 esto
2034 520 2127 556 mihi
2150 521 2352 568 peccatori,
2377 528 2419 558 ut
2442 521 2496 558 di-

1438 572 1532 609 citur
1553 574 1644 608 Luc.
1665 584 1749 608 xvur
1768 572 1800 609 ²¹².
1830 573 1879 609 Et
1907 573 2078 610 similiter
2104 574 2410 622 perseverantiae
2428 574 2497 611 do-

1437 637 1531 662 num
1560 625 1692 673 aliquis
1719 625 1885 673 petendo
1905 638 1927 662 a
1946 627 2031 663 Deo
2056 626 2232 675 impetrat
2250 627 2312 663 vel
2340 626 2411 663 sibi
2433 626 2497 664 vel

1437 678 1510 725 alii,
1540 676 1717 727 quamvis
1745 677 1816 714 sub
1845 679 1980 716 merito
2010 691 2088 716 non
2118 680 2238 716 cadat.

1457 724 1468 736 ⁸
1489 733 1549 768 AD
1568 742 1758 768 SECUNDUM
1777 742 1960 768 DICENDUM
1975 732 2080 780 quod
2093 731 2378 781 perseverantia
2396 743 2496 781 quae

1437 783 1504 820 erit
1530 784 1568 821 in
1596 783 1724 831 gloria,
1746 791 1989 832 comparatur
2017 785 2066 822 ad
2092 793 2241 822 motum
2262 784 2368 822 liberi
2397 784 2495 823 arbi-

1436 836 1494 873 trii
1522 837 1756 873 meritorium
1778 835 1874 873 sicut
1895 837 2096 875 terminus:
2117 851 2196 875 non
2219 846 2347 875 autem
2367 849 2495 886 perse-

1434 890 1606 926 verantia
1632 889 1730 935 viae,
1751 888 1897 925 ratione
1920 890 2112 938 praedicta
2130 891 2161 928 *.

1489 942 1538 979 Et
1565 942 1732 979 similiter
1762 941 1966 979 dicendum
1993 943 2124 982 estad
2146 943 2308 991 tertium,
2330 943 2378 980 de
2406 954 2496 991 aug-

1435 1003 1565 1032 mento
1593 995 1747 1043 gratiae:
1777 1002 1818 1031 ut
1844 1007 1913 1044 per
1938 995 2133 1044 praedicta
2159 995 2181 1018 *
2206 1004 2322 1046 patet.

995 1138 1327 1171 Commentarta
1349 1138 1600 1172 Oardjnalis
1621 1139 1821 1171 Caietam

349 1237 369 1256 N
392 1225 526 1256 articulo
547 1234 634 1254 nono
655 1223 797 1254 eiusdem
821 1222 1024 1264 quaestionis,
1047 1222 1182 1254 dubium
1201 1222 1307 1253 statim
1330 1232 1381 1254 oc-

323 1239 444 1301 Icurrit
468 1270 547 1300 circa
569 1268 725 1298 rationem
747 1267 866 1298 litterae
883 1277 979 1307 quare
994 1266 1222 1307 perseverantia
1245 1277 1311 1297 non
1332 1277 1381 1297 ca-

319 1314 364 1345 dit
378 1315 436 1344 sub
452 1313 573 1349 merito,
592 1312 666 1353 quia
683 1312 838 1352 dependet
858 1311 964 1342 solum
980 1321 1017 1341 ex
1033 1310 1176 1342 motione
1193 1310 1307 1347 divina,
1325 1317 1383 1342 etc.

319 1358 351 1389 Si
375 1358 460 1389 enim
483 1357 559 1388 haec
582 1357 660 1387 ratio
683 1357 778 1392 valet,
804 1362 1011 1396 augmentum
1034 1355 1151 1395 gratiae
1175 1365 1241 1386 non
1261 1355 1384 1386 caderet

320 1403 378 1433 sub
402 1402 533 1432 merito:
559 1401 633 1442 quia
657 1401 813 1441 dependet
836 1400 943 1430 solum
966 1410 1003 1430 ex
1025 1400 1169 1430 motione
1185 1399 1300 1430 divina.
1316 1399 1383 1430 Nec

318 1447 400 1477 valet
424 1447 524 1476 dicere
539 1445 627 1486 quod
644 1445 799 1485 dependet
814 1454 850 1475 ex
865 1444 957 1474 nobis
973 1443 1170 1484 dispositive:
1195 1443 1270 1485 quia
1286 1443 1381 1474 etiam

319 1490 547 1531 perseverantia
571 1490 728 1530 dependet
751 1499 788 1519 ex
811 1488 903 1519 nobis
927 1488 1120 1529 dispositive.

375 1535 426 1565 Ad
449 1535 511 1565 hoc
534 1534 647 1564 dicitur
667 1533 755 1574 quod
778 1533 856 1564 ratio
880 1532 998 1563 litterae
1023 1542 1089 1563 non
1113 1531 1254 1562 consistit
1275 1531 1308 1562 in
1331 1532 1382 1562 de-

320 1579 488 1619 pendentia
512 1579 618 1608 solum
642 1588 678 1608 ex
702 1577 845 1608 motione
864 1577 970 1607 divina
994 1576 1148 1612 effective;
1168 1576 1222 1606 sed
1242 1575 1384 1607 consistit

320 1623 352 1654 in
375 1623 436 1655 hoc
460 1623 548 1664 quod
572 1623 728 1662 dependet
751 1622 856 1652 solum
882 1631 919 1652 ex
942 1621 1085 1651 motione
1105 1620 1210 1650 divina
1233 1630 1315 1661 quae
1339 1627 1384 1651 est

319 1667 511 1708 principium
526 1667 652 1707 gratiae.
669 1667 714 1697 Ita
738 1666 836 1708 quod,
857 1666 983 1696 duobus
1007 1664 1211 1696 existentibus
1233 1664 1384 1695 membris

320 1711 526 1743 distinctionis
541 1712 574 1742 in
592 1710 703 1747 littera,
728 1711 845 1741 scilicet
867 1720 934 1740 esse
952 1710 1134 1745 terminum,
1157 1715 1187 1740 et
1210 1719 1277 1739 esse
1300 1709 1384 1750 prin-

320 1756 440 1796 cipium
463 1755 594 1787 actionis
617 1755 748 1795 gratiae;
773 1762 804 1785 et
827 1754 931 1796 primo
956 1754 1085 1784 cadente
1108 1754 1167 1784 sub
1191 1753 1314 1790 merito,
1335 1763 1384 1784 se-

320 1801 425 1831 cundo
449 1809 531 1831 non:
557 1810 630 1830 cum
649 1798 878 1840 perseverantia
900 1798 968 1829 viae
988 1797 1137 1829 consistat
1152 1799 1185 1828 in
1202 1797 1307 1838 primo
1331 1808 1382 1828 so-

1433 1223 1513 1260 lum,
1530 1223 1573 1254 ita
1589 1223 1676 1264 quod
1688 1223 1720 1263 ly
1731 1223 1834 1253 solum
1849 1222 1985 1254 excludit
1997 1223 2035 1254 ab
2048 1223 2199 1264 opposito
2213 1223 2368 1260 membro,
2381 1223 2499 1255 scilicet

1434 1267 1600 1298 terminare
1614 1267 1806 1304 motionem;
1821 1277 2018 1308 consequens
2031 1274 2077 1298 est
2087 1268 2174 1309 quod
2187 1268 2416 1309 perseverantia
2429 1267 2498 1299 viae

1434 1321 1500 1342 non
1525 1311 1607 1342 cadit
1629 1311 1687 1341 sub
1711 1311 1835 1342 merito.
1860 1311 1901 1342 Et
1925 1322 1962 1342 ex
1983 1311 2046 1342 hoc
2069 1319 2199 1352 apparet
2223 1311 2395 1343 differentia
2417 1311 2498 1343 inter

1435 1364 1642 1397 augmentum
1657 1355 1773 1396 gratiae
1786 1363 1816 1386 et
1831 1355 2093 1395 perseverantiam
2108 1355 2188 1387 viae.
2203 1356 2287 1394 Quia
2297 1355 2370 1387 licet
2385 1365 2498 1387 conve-

1434 1399 1522 1430 niant
1544 1399 1577 1430 in
1600 1400 1661 1430 hoc
1684 1400 1773 1440 quod
1797 1406 1969 1440 utrumque
1993 1410 2030 1430 ex
2053 1400 2123 1431 solo
2147 1400 2216 1431 Deo
2241 1401 2399 1440 dependet
2425 1399 2498 1432 effe-

1434 1443 1523 1480 ctive,
1548 1444 1694 1474 differunt
1717 1451 1824 1474 tamen
1845 1443 1879 1474 in
1903 1444 1981 1481 hoc,
2006 1445 2095 1486 quod
2118 1444 2334 1484 augmentatio
2358 1451 2405 1475 est
2427 1444 2498 1475 talis

1435 1487 1516 1519 actio
1533 1487 1592 1518 Dei
1606 1498 1687 1528 quae
1702 1487 1796 1518 habet
1812 1487 1984 1519 terminum
1999 1488 2220 1519 terminantem
2236 1495 2364 1520 motum
2381 1489 2498 1529 gratiae

1435 1532 1521 1573 prius
1545 1532 1645 1568 datae,
1669 1539 1704 1563 ut
1726 1539 1827 1572 patet:
1852 1531 2081 1572 perseverantia
2104 1542 2189 1569 vero,
2210 1533 2286 1574 quia
2304 1533 2447 1564 consistit
2463 1532 2498 1564 in

1419 1576 1504 1607 -sola
1517 1576 1633 1617 gratiae
1652 1576 1900 1614 conservatione,
1918 1582 1948 1607 et
1967 1577 2170 1614 conservatio
2183 1576 2299 1617 gratiae
2314 1576 2393 1607 nihil
2411 1577 2499 1608 aliud

1436 1627 1483 1652 est
1511 1631 1608 1662 quam
1638 1620 1805 1660 productio
1829 1619 1897 1652 eius
1921 1620 2106 1652 continuata
2133 1631 2189 1651 seu
2218 1630 2285 1651 non
2307 1620 2496 1662 interrupta,

1436 1665 1563 1697 nullum
1593 1664 1686 1695 habet
1715 1664 1888 1695 terminum
1912 1675 2036 1695 novum
2058 1664 2114 1706 qui
2142 1664 2182 1696 sit
2209 1664 2364 1706 terminus
2389 1671 2499 1697 motus

1436 1709 1552 1750 gratiae
1567 1709 1632 1740 iam
1648 1709 1814 1739 existentis.
1832 1708 1967 1740 Constat
1983 1709 2068 1740 enim
2085 1709 2173 1750 quod
2189 1708 2257 1750 ipsa
2271 1709 2375 1749 prima
2389 1708 2498 1748 gratia,

1437 1763 1504 1784 non
1526 1763 1613 1783 novo
1641 1753 1740 1783 modo
1764 1763 1796 1783 se
1820 1753 1949 1790 habens,
1973 1753 2028 1784 sed
2051 1753 2167 1784 eodem
2190 1753 2289 1783 modo
2314 1763 2347 1784 se
2369 1753 2503 1791 halama,¹

1437 1797 1585 1829 terminat
1609 1797 1890 1828 conservationem.
1906 1797 1948 1828 Et
1969 1797 2043 1829 ideo
2068 1807 2135 1828 non
2159 1797 2242 1833 cadit
2264 1797 2323 1828 sub
2346 1796 2472 1829 merito.
2500 1828 2503 1829 γ

1109 1951 1426 1993 ARTICULUS
1457 1950 1705 1993 DECIMUS

856 2036 1011 2067 UTRUM
1035 2035 1319 2066 TEMPORALIA
1341 2034 1460 2066 BONA
1482 2034 1661 2065 CADANT
1685 2034 1764 2065 SUB
1787 2034 1972 2065 MERlTo·

708 2115 743 2140 11²
763 2115 819 2147 11⁸⁰,
839 2123 883 2148 qu.
903 2122 979 2146 cxxn,
999 2119 1046 2139 art.
1067 2113 1093 2146 5,
1114 2114 1145 2139 ad
1164 2121 1194 2145 45
1214 2113 1245 2139 111
1265 2113 1342 2144 Part,
1361 2115 1406 2147 qu.
1424 2121 1522 2144 Lxxxtx,
1541 2118 1588 2138 art.
1608 2112 1632 2143 6,
1651 2113 1683 2138 ad
1704 2112 1733 2144 3;
1754 2113 1795 2138 De
1813 2113 1882 2143 Por„
1902 2121 1946 2146 qu.
1965 2121 2000 2144 Vt,
2018 2117 2065 2140 art.
2084 2121 2111 2148 9.

438 2239 441 2248 ,
466 2222 486 2236 2—
514 2210 552 2234 o
573 2209 735 2234 bammum
754 2208 806 2233 sxc
832 2207 1073 2232 PROCEDlTUR.
1094 2193 1254 2232 Videtur
1273 2194 1385 2242 quod,

531 2250 754 2299 temporalia
769 2251 870 2286 bona
886 2249 1021 2285 cadant
1035 2249 1106 2284 sub
1123 2247 1270 2285 merito.
1284 2247 1378 2284 Illud

500 2303 520 2335 f
532 2304 633 2340 enim
650 2303 754 2351 quod
769 2302 997 2351 promittitur
1011 2301 1198 2350 aliquibus
1215 2308 1254 2337 ut
1272 2313 1380 2349 prae-

531 2357 650 2394 mium
679 2356 857 2402 iustitiae‚
889 2355 986 2392 cadit
1014 2356 1084 2391 sub
1122 2354 1270 2391 merito.
1301 2353 1379 2391 Sed

319 2411 542 2458 temporalia
562 2412 663 2447 bona
683 2409 871 2458 promissa
889 2416 975 2445 sunt
994 2407 1031 2444 in
1047 2409 1127 2455 lege
1146 2407 1266 2444 veteri
1285 2407 1380 2444 sicut

321 2476 467 2500 merces
494 2463 671 2510 iustitiae,
700 2470 740 2499 ut
771 2470 874 2511 patet
900 2463 1011 2498 Deut.
1040 2473 1160 2498 xxvm.
1190 2461 1291 2508 Ergo
1324 2459 1378 2498 vi-

322 2518 430 2554 detur
449 2518 552 2566 quod
572 2517 675 2553 bona
698 2515 921 2564 temporalia
941 2515 1077 2552 cadant
1101 2515 1171 2550 sub
1193 2513 1342 2551 merito.

375 2582 409 2607 2.
437 2572 670 2617 Pmmmm,
695 2569 786 2605 illud
805 2568 956 2605 videtur
979 2568 1049 2604 sub
1074 2567 1210 2604 merito
1231 2567 1380 2614 cadere,

322 2625 425 2672 quod
441 2625 545 2660 Deus
564 2623 673 2659 alicui
694 2621 862 2659 retribuit
875 2633 944 2670 pro
966 2621 1092 2669 aliquo
1109 2619 1261 2658 servitio
1278 2619 1382 2670 quod

322 2677 418 2714 fecit.
437 2678 512 2714 Sed
532 2678 636 2713 Deus
656 2675 860 2724 aliquando
877 2682 1142 2722 recompensat
1161 2673 1382 2710 hominibus

322 2742 391 2778 pro
420 2730 574 2783 servitio
611 2729 680 2766 sibi
709 2729 827 2776 facto,
859 2728 983 2777 aliqua
1011 2728 1113 2764 bona
1147 2727 1381 2776 temporalia.

322 2783 465 2820 Dicitur
485 2783 585 2819 enim
600 2783 723 2819 Exod.
741 2781 806 2818 1²⁸:
825 2783 876 2818 Et
893 2781 980 2830 quia
1000 2781 1204 2818 timuerunt
1220 2780 1384 2817 obstetri-

322 2848 380 2872 ces
395 2837 531 2883 Deum,
547 2836 758 2884 aedificavit
771 2835 841 2871 illis
850 2835 995 2881 dom0s;
1007 2834 1073 2871 ubi
1089 2834 1225 2871 Glossa
1241 2834 1384 2882 Grego-

323 2889 394 2925 rii*
416 2889 503 2926 dicit
521 2889 625 2938 quod
644 2888 881 2938 benignitatis
899 2899 1031 2924 earum
1051 2899 1193 2924 merces
1206 2887 1329 2935 potuit
1347 2887 1384 2923 in

322 2948 474 2979 aeterna
487 2943 563 2979 vita
578 2942 734 2979 retribui
741 2955 753 2978 .·
771 2941 837 2978 sed
851 2952 922 2989 pro
934 2945 951 2962 α
970 2941 1079 2989 culpa
1099 2940 1294 2986 mendacii,
1315 2945 1386 2976 ter-

324 3007 454 3032 renam
483 2995 861 3044 recompensationem
881 2995 1032 3043 accepit.
1051 2995 1098 3030 Et
1118 2994 1256 3030 Ezech.
1268 3005 1352 3030 xxnt
1365 2992 1387 3015 ¹⁸‘

326 3048 473 3085 dicitur:
489 3050 576 3086 Rex
585 3048 793 3096 Babylonis
806 3047 949 3085 servire
952 3047 1051 3096 fecit
1058 3047 1264 3084 exercitum
1275 3058 1385 3083 suum

324 3102 496 3138 servitute
524 3113 667 3151 magna
687 3101 866 3138 adversus
898 3101 1056 3148 Tyrum,
1078 3106 1115 3136 et
1140 3111 1281 3137 merces
1310 3111 1384 3136 non

326 3160 379 3190 est
397 3155 537 3191 reddita
557 3155 592 3191 ei
600 3168 613 3199 ‚·
638 3162 673 3191 et
692 3153 823 3203 postea
844 3153 988 3190 subdit:
1017 3153 1102 3190 Erit
1119 3165 1260 3190 merces
1279 3164 1386 3189 exer-

326 3207 415 3243 citui
433 3208 539 3253 illius,
560 3213 595 3244 et
612 3208 697 3244 dedi
714 3207 749 3244 ei
765 3212 906 3243 terram
930 3207 1107 3255 Aegypti,
1130 3218 1205 3254 pro
1225 3217 1268 3242 eo
1289 3205 1390 3254 quod

327 3260 555 3296 laboraverit
566 3261 666 3297 mihi.
685 3261 785 3307 Ergo
806 3261 907 3296 bona
922 3259 1145 3308 temporalia
1162 3259 1301 3296 cadunt
1317 3258 1387 3296 sub

327 3320 474 3350 merito.
1069 3323 1072 3326 ⁴

1490 2193 1524 2230 3.
1546 2193 1778 2241 PRAETEREA‚
1804 2193 1899 2231 sicut
1927 2194 2074 2231 bonum
2104 2207 2144 2231 se
2171 2195 2287 2232 habet
2314 2195 2364 2233 ad
2387 2194 2500 2233 meri-

1433 2253 1527 2294 tum,
1549 2246 1599 2283 ita
1619 2248 1763 2283 malum
1784 2259 1824 2284 se
1843 2248 1959 2284 habet
1982 2249 2031 2285 ad
2052 2247 2293 2286 demeritum.
2315 2249 2392 2287 Sed
2410 2261 2499 2298 pro-

1432 2306 1516 2348 pter
1548 2300 1773 2336 demeritum
1801 2301 1948 2348 peccati
1983 2301 2097 2349 aliqui
2124 2301 2334 2350 puniuntur
2362 2314 2384 2339 a
2412 2303 2497 2339 Deo

1433 2353 1706 2402 temporalibus
1739 2353 1894 2401 poenis:
1925 2354 2020 2391 sicut
2051 2362 2156 2403 patet
2183 2355 2230 2392 de
2266 2354 2496 2402 Sodomitis,

1437 2405 1529 2465 Gen..
1556 2418 1627 2443 X1x.
1658 2407 1759 2453 Ergo
1790 2414 1826 2443 et
1851 2407 1957 2458 ‚bona
1994 2408 2220 2456 temporalia
2253 2408 2393 2445 cadunt
2425 2409 2496 2445 sub

1431 2466 1579 2496 merito.

1488 2513 1562 2549 SED
1591 2523 1737 2548 CONTRA
1756 2523 1822 2548 EST
1841 2511 1946 2560 quod
1964 2511 2025 2549 illa
2050 2525 2148 2562 quae
2169 2514 2310 2551 cadunt
2329 2514 2399 2551 sub
2417 2526 2498 2550 me-

1435 2564 1518 2612 rito,
1540 2577 1618 2602 non
1639 2564 1809 2602 similiter
1828 2577 1868 2602 se
1896 2565 2039 2603 habent
2061 2566 2110 2603 ad
2130 2578 2278 2604 ornnes.
2301 2567 2378 2604 Sed
2395 2567 2499 2606 bona

1435 2618 1660 2667 temporalia
1690 2625 1725 2655 et
1749 2618 1851 2655 mala
1879 2618 2049 2656 similiter
2077 2631 2117 2656 se
2136 2619 2280 2658 habent
2305 2617 2355 2659 ad
2373 2620 2499 2661 bonos

1437 2679 1473 2708 et
1501 2672 1640 2717 malos;
1670 2671 1883 2709 secundum
1915 2671 2004 2710 illud
2033 2671 2156 2710 Eccle.
2187 2672 2281 2710 nz':
2316 2673 2505 2723 Universa·
2525 2685 2536 2698 ·

1436 2736 1555 2773 aeque
1591 2725 1766 2761 eveniunt
1800 2725 1894 2761 iusto
1932 2730 1967 2762 et
2002 2725 2137 2774 impio,
2173 2726 2270 2763 bono
2306 2731 2342 2764 et
2376 2726 2498 2774 malo,

1438 2778 1577 2815 mundo
1606 2783 1642 2814 et
1667 2777 1872 2824 immundo,
1894 2778 2106 2816 immolanti
2126 2779 2295 2816 victimas
2323 2784 2359 2816 et
2383 2779 2499 2816 sacri-

1426 2832 1524 2880 ficia
1552 2831 1809 2868 contemnenti.
1831 2831 1933 2880 Ergo
1962 2832 2065 2869 bona
2088 2830 2314 2882 temporalia
2341 2844 2420 2870 non
2440 2839 2499 2870 ca*-

1440 2885 1535 2922 dunt
1562 2885 1632 2921 sub
1662 2883 1810 2921 merito.

1493 2939 1718 2975 REsPonnno
1746 2948 1931 2974 DICENDUM
1951 2937 2056 2986 quod
2083 2937 2175 2976 illud
2196 2937 2301 2988 quod
2329 2939 2400 2976 sub
2419 2940 2500 2990 m‘ess

1440 2990 1509 3028 rito
1541 2990 1650 3039 cadit,
1673 2997 1727 3027 est
1753 2989 1968 3039 praemium
1987 2991 2050 3028 vel
2074 3002 2233 3040 merces,
2253 2991 2359 3041 quod
2386 2990 2503 3029 habet

1440 3044 1627 3082 rationem
1657 3043 1812 3080 alicuius
1847 3043 1950 3081 boni.
1984 3045 2138 3081 Bonum
2173 3051 2301 3082 autem
2334 3039 2501 3082 hominis

1441 3105 1496 3135 est
1526 3097 1679 3146 duplex:
1700 3109 1822 3134 unum
1852 3097 2082 3146 simpliciter,
2104 3104 2141 3134 et
2167 3097 2269 3135 aliud
2288 3096 2506 3135 secundum*

1441 3150 1542 3201 quid.
1574 3149 1799 3199 Simpliciter
1835 3150 1991 3199 quidem
2030 3151 2178 3188 bonurn
2213 3149 2380 3188 hominis
2403 3147 2419 3180 β
2447 3155 2503 3188 est

1441 3204 1595 3241 ultimus
1624 3203 1710 3240 finis
1731 3203 1826 3250 eius,
1848 3203 2060 3241 secundum
2080 3203 2170 3241 illud
2189 3203 2331 3241 Psalmi
2348 3212 2444 3240 Lxxn
2462 3201 2505 3239 *τ’

1443 3257 1544 3294 Mihi
1576 3262 1700 3294 autem
1735 3257 1942 3294 adhaerere
1972 3257 2055 3293 Deo
2087 3257 2227 3294 bonum
2259 3261 2332 3293 est.-
2365 3262 2402 3293 et
2433 3249 2503 3304 per

1445 3322 1683 3358 consequens
1703 3310 1833 3346 omnia
1852 3309 1913 3346 illa
1941 3322 2039 3359 quae
2060 3310 2281 3347 ordinantur
2298 3315 2340 3346 ut
2362 3309 2501 3347 ducen-

381 3418 407 3452 α)
423 3425 485 3450 pro.
504 3431 521 3436 -
540 3418 600 3442 Om.
620 3417 666 3441 Pa.

1409 3416 1414 3482 Ι
1493 3415 1702 3476 β)Ρ5ίηιρ1ἰσι“ὶει·
1725 3415 1829 3448 quidem
1850 3414 1945 3439 bonum
1969 3414 2092 3439 hominis.
2109 3427 2129 3433 -
2147 3413 2250 3438 Bonum
2270 3411 2383 3437 hominis
2401 3411 2501 3443 simpli-

1439 3452 1506 3477 citer
1545 3459 1572 3476 a.

2523 371 2622 420 igin-,⁶¹¹
2629 371 2704 394 XLIV
2712 372 2736 394 tn

2525 431 2533 439 ·
2549 428 2617 450 Vers.
2631 434 2662 457 ³¹·

2524 586 2533 595 ·
2547 585 2614 607 Vero.
2630 591 2663 614 13.

2522 894 2534 905 ·
2547 894 2573 915 ln
2588 899 2695 922 corpore.

2522 995 2534 1006 ’
2557 994 2616 1016 lbid.
2647 997 2670 1016 et
2692 997 2738 1018 m·

2524 1010 2630 1048 praeced.

2520 1733 2526 1754 l

2550 2683 2618 2707 Vera.
2633 2690 2654 2706 2.

2530 3211 2539 3220 ·
2553 3209 2621 3231 νεα.
2635 3208 2671 3232 28.
