2840 4010
100 1537 111 1547 '
124 1535 151 1558 ln
165 1541 271 1564 corpore.

99 1851 109 1861 ·
123 1850 175 1873 ub.
189 1850 219 1879 ιι,
233 1856 256 1872 ιι.
271 1850 309 1872 so.

101 2926 311 2956 ἫΕιηηοΙιΜυιι

100 2958 152 2981 cap.
174 2959 202 2979 ις
223 2952 263 2974 li.b
280 2952 312 2979 V,

101 2969 215 3008 cnp.xx'1.

66 3067 69 3075 „
101 3031 207 3080 εἯΨ
196 3037 253 3079 ιιέίῑ
263 3063 287 3079 η.

102 3293 114 3305 ’
128 3293 195 3316 Vm.
210 3299 241 3321 ¹7·

1003 131 1268 177 QUAESTIO
1298 131 1454 178 XCVII,
1483 131 1778 169 ARTICULUS
1809 132 1860 168 lv

343 221 428 246 rum
433 220 508 256 pro
523 208 606 257 lege
619 213 705 244 sunt
718 208 886 244 tenenda.
908 210 960 244 Et
971 209 1066 244 sicut
1074 210 1401 256 praevaricatores

343 262 470 311 legum
493 261 721 306 divinarum,
743 261 792 297 ita
817 266 852 297 et
873 266 1143 309 contemptores
1170 262 1400 298 consuetudi-

342 325 432 350 num
462 313 794 350 ecclesiasticarum
822 315 1020 350 coercendi
1043 319 1139 350 sunt.

396 367 621 403 Rmpounzo
642 377 826 404 DICENDUM
846 368 954 415 quod,
971 366 1095 402 omnis
1114 366 1172 402 lex
1192 365 1401 412 proficisci-

341 427 400 456 tur
419 431 440 455 a
460 419 604 455 ratione
629 427 664 456 et
682 420 877 456 voluntate
901 418 1138 466 legislatoris:
1167 418 1226 453 lex
1246 417 1400 464 quidem

344 471 473 509 divina
502 480 536 508 et
573 472 751 509 naturalis
780 484 801 508 a
834 470 1041 508 rationabili
1074 469 1146 506 Dei
1183 470 1399 515 voluntate3

342 525 400 561 lex
429 532 556 561 autem
585 526 754 561 humana
782 536 804 561 a
830 524 1023 561 voluntate
1052 521 1219 558 hominis
1258 521 1400 558 ratione

344 578 521 625 regulata.
548 577 653 614 Sicut
679 584 807 614 autem
837 575 931 612 ratio
961 583 997 611 et
1022 574 1199 611 voluntas
1236 574 1401 610 hominis

343 630 630 667 manifestantur
656 629 776 666 verbo
805 628 843 664 in
871 628 984 664 rebus
1012 627 1179 675 agendis,
1208 626 1257 663 ita
1286 627 1399 663 etiam

343 682 629 720 manifestantur
641 682 758 719 facto:
777 681 852 717 hoc
868 680 969 716 enim
987 680 1250 728 unusquisque
1266 679 1401 727 eligere

341 736 491 773 videtur
509 742 549 772 ut
568 736 726 781 bonum,
742 733 847 782 quod
867 745 982 781 opere
997 733 1139 781 implet.
1156 732 1399 769 Manifestum

343 795 399 826 est
425 795 553 826 autem
581 787 685 836 quod
709 787 830 823 verbo
859 787 1028 822 humano
1052 793 1177 835 potest
1205 792 1241 821 et
1261 785 1398 821 mutari

342 842 412 889 lex,
434 848 471 877 et
497 839 612 877 etiam
641 839 790 887 exponi,
811 838 1035 886 inquantum
1065 838 1278 876 manifestat
1305 837 1399 874 inte-

341 894 481 931 riorem
508 899 656 929 motum
696 899 733 928 et
760 900 987 940 conceptum
1014 891 1167 928 rationis
1193 891 1396 927 humanae.

341 946 452 983 Unde
482 944 595 981 etiam
623 952 661 981 et
687 956 756 992 per
783 952 902 991 actus,
928 944 1096 981 maxime
1123 943 1396 992 multiplicatos,

341 998 407 1046 qui
435 997 750 1034 consuetudinem
787 997 974 1044 efficiunt,
1002 997 1139 1033 mutari
1165 1003 1290 1045 potest
1317 997 1396 1043 lex,

342 1058 379 1087 et
410 1050 569 1099 exponi,
605 1058 643 1087 et
670 1050 784 1086 etiam
817 1050 957 1099 aliquid
991 1049 1135 1086 causari
1174 1049 1279 1097 quod
1306 1048 1398 1096 legis

339 1103 518 1140 irirtutem
543 1102 730 1139 obtineat:
751 1103 977 1162 inquantum
997 1102 1135 1139 scilicet
1153 1113 1221 1150 per
1240 1101 1398 1138 exterio-

339 1168 400 1193 res
428 1163 533 1192 actus
554 1156 827 1204 multiplicatos
856 1156 1010 1192 interior
1026 1154 1230 1192 voluntatis
1258 1161 1396 1202 motus,

340 1216 377 1245 et
387 1208 541 1246 rationis
552 1216 768 1257 conceptus,
786 1209 1045 1246 efficacissime
1060 1209 1288 1253 declaratur3
1309 1219 1396 1244 cum

341 1261 442 1299 enim
459 1261 612 1310 aliquid
639 1261 831 1298 multoties
858 1262 913 1308 fit,
941 1261 1091 1299 videtur
1117 1272 1164 1297 ex
1176 1255 1396 1298 deliberato

339 1314 492 1352 rationis
511 1314 651 1352 iudicio
669 1314 882 1363 provenire.
904 1315 953 1351 Et
972 1313 1182 1351 secundum
1201 1313 1287 1359 hoc,
1309 1325 1398 1350 con-

339 1368 502 1405 suetudo
530 1375 567 1404 et
593 1367 709 1404 habet
734 1368 815 1404 vim
844 1367 951 1415 legis,
979 1375 1016 1404 et
1042 1367 1164 1415 legem
1193 1366 1332 1414 abolet,
1363 1374 1399 1402 et

340 1428 396 1458 est
422 1421 551 1468 legum
577 1419 861 1471 interpretatrix.

390 1473 458 1510 An
475 1484 613 1510 ptumum
633 1483 732 1509 ERGO
761 1485 945 1510 mcENDUM
963 1471 1068 1522 quod
1087 1471 1144 1509 lex
1164 1471 1342 1508 naturalis
1363 1479 1398 1508 et

339 1525 466 1563 divina
483 1525 655 1574 procedit
670 1537 692 1561 a
706 1526 900 1562 voluntate
922 1526 1060 1572 divina,
1080 1531 1121 1561 ut
1139 1524 1280 1562 dictum
1302 1532 1357 1561 est
1365 1525 1396 1561 ³¹⁸.

338 1578 450 1616 Unde
478 1590 557 1616 non
583 1585 709 1627 potest
732 1578 868 1615 mutari
888 1591 957 1627 per
977 1577 1291 1615 consuetudinem
1309 1589 1396 1626 pro-

339 1630 537 1668 cedentem
571 1643 593 1667 a
620 1631 814 1668 voluntate
847 1631 1030 1678 hominis,
1065 1630 1132 1668 sed
1159 1631 1293 1667 'solum
1330 1643 1399 1679 per

339 1683 599 1720 auctoritatem
629 1684 797 1721 divinam
827 1684 963 1721 mutari
990 1684 1204 1733 posset.-Et
1230 1683 1318 1720 inde
1344 1691 1398 1720 est

339 1737 444 1784 quod
465 1737 566 1773 nulla
586 1737 823 1774 consuetudo
843 1737 922 1774 vim
939 1742 957 1758 ⁴²
977 1736 1147 1773 obtinere
1165 1743 1290 1785 potest
1309 1748 1397 1772 con-

338 1797 394 1826 tra
431 1790 554 1837 legem
588 1789 756 1826 divinam
790 1790 852 1826 vel
885 1791 1006 1837 legem
1044 1789 1274 1827 naturalem:
1311 1789 1398 1826 dicit

339 1842 440 1879 enim
480 1842 665 1889 Isidorus,
694 1842 732 1879 in
761 1843 972 1891 Synonym.
993 1842 1030 1879 ²⁸:
1065 1843 1160 1880 Usus
1187 1842 1401 1879 auctoritati

338 1895 464 1942 cedat:
487 1907 654 1943 pravum
683 1907 790 1932 usum
820 1895 881 1932 lex
908 1901 945 1937 et
969 1895 1066 1932 ratio
1093 1895 1228 1933 vincat.

390 1999 419 2034 α)
438 2001 502 2026 vim.
520 2015 538 2021 -
556 2002 622 2035 tegis
641 2001 740 2026 addunt
757 2001 804 2026 Pa.

390 2035 417 2070 β)
437 2043 523 2069 quem.
536 2050 559 2057 ι-
576 2036 648 2069 quod
667 2036 727 2066 ΡΕΙ,
745 2043 824 2070 quam
844 2037 876 2061 Κ.

2442 146 2508 182 191

1507 211 1566 246 An
1594 222 1783 247 SECUNDUM
1811 222 1994 247 mcnunum
2022 211 2138 259 quod,
2160 211 2256 247 sicut
2278 223 2391 260 supra
2411 213 2430 233 *
2460 212 2514 248 di·
2541 223 2590 270 ἐρ

1455 269 1557 298 ctum
1587 270 1652 309 est,
1682 263 1782 310 leges
1801 263 1992 300 humanae
2016 263 2054 300 in
2074 263 2262 311 aliquibus
2282 264 2429 300 casibus
2450 265 2513 301 de·
2558 264 2564 270 '

1455 314 1604 351 ficiunt:
1633 315 1736 352 unde
1762 315 1940 364 possibile
1969 324 2024 353 est
2043 317 2276 364 quandoque
2296 324 2445 364 praeter
2462 318 2514 353 le-

1455 377 1540 412 gem
1570 379 1692 414 agere,
1722 368 1760 404 in
1790 380 1880 405 casu
1908 368 2048 406 scilicet
2074 369 2113 406 in
2142 381 2218 418 quo
2240 369 2367 406 deficit
2385 370 2455 417 lex,
2477 377 2514 406 et

1454 425 1582 455 tamen
1610 428 1715 457 actus
1743 433 1822 457 non
1850 421 1918 458 erit
1945 422 2078 458 malus.
2103 423 2152 458 Et
2180 434 2269 458 cum
2292 422 2384 458 tales
2404 432 2512 459 casus

1455 471 1757 519 multiplicantur,
1774 481 1927 522 propter
1942 475 2107 523 aliquam
2123 475 2374 511 mutationem
2389 474 2513 511 horni-

1455 534 1560 569 num,
1580 532 1670 561 tunc
1690 526 1947 563 manifestatur
1971 539 2039 575 per
2063 527 2378 564 consuetudinem
2407 527 2512 576 quod

1455 575 1513 611 lex
1540 577 1692 613 ulterius
1720 578 1818 614 utilis
1846 591 1925 616 non
1950 588 2020 616 est:
2049 579 2144 616 sicut
2162 580 2276 616 etiam
2296 579 2512 616 manifesta-

1455 635 1556 664 retur
1587 629 1617 664 si
1649 630 1707 665 lex
1746 631 1930 668 contraria
1961 633 2082 668 verbo
2115 633 2431 681 promulgaretur.
2470 632 2510 669 Si

1454 688 1581 716 autem
1610 681 1735 718 adhuc
1763 691 1915 720 maneat
1939 684 2032 721 ratio
2057 685 2191 722 eadem
2219 692 2374 734 propter
2393 697 2510 734 quam

1452 733 1576 780 prima
1603 733 1662 770 lex
1689 734 1786 770 utilis
1815 744 1903 782 erat,
1933 749 2012 773 non
2032 738 2267 774 consuetudo
2287 739 2421 786 legem,
2442 737 2510 774 sed

1453 786 1510 821 lex
1540 787 1854 823 consuetudinem
1881 787 2018 825 vincit:
2047 789 2116 826 nisi
2145 791 2239 827 forte
2262 798 2418 838 propter
2435 791 2511 827 hoc

1453 839 1576 875 solum
1606 838 1741 875 inutilis
1773 840 1831 875 lex
1858 840 2052 887 videatur,
2082 842 2170 891 quia
2204 855 2282 879 non
2315 851 2370 879 est
2391 844 2510 891 possi-

1452 891 1533 927 bilis
1559 892 1761 928 secundum
1790 893 2089 930 consuetudinem
2108 896 2276 942 patriae,
2305 907 2402 943 quae
2432 902 2511 932 erat

1452 955 1527 980 una
1548 943 1594 980 de
1611 944 1888 981 conditionibus
1903 943 1993 993 legis
2008 946 2038 983 ²¹⁵³.
2055 947 2217 983 Difficile
2233 947 2334 984 enim
2351 956 2405 984 est
2420 960 2509 985 con—

1452 996 1691 1033 suetudinem
1720 997 1966 1034 multitudinis
1993 1011 2204 1036 removere.

1504 1051 1563 1086 An
1591 1061 1750 1086 TERTIUM
1783 1061 1966 1087 mel-:NDUM
2000 1051 2104 1099 quod
2137 1051 2336 1088 multitudo
2365 1052 2402 1088 in
2435 1065 2510 1101 qua

1453 1102 1688 1139 consuetudo
1718 1102 1975 1150 introducitur,
2006 1104 2163 1152 duplicis
2184 1104 2408 1142 conditionis
2428 1117 2509 1141 esse

1451 1162 1586 1202 potest.
1618 1155 1656 1191 Si
1686 1155 1787 1191 enim
1817 1155 1862 1192 sit
1889 1156 2006 1192 libera
2035 1157 2248 1204 multitudo,
2274 1169 2372 1204 quae
2391 1157 2511 1205 possit

1452 1207 1521 1243 sibi
1549 1208 1671 1255 legem
1700 1209 1836 1255 facere,
1865 1209 1949 1257 plus
1974 1217 2028 1245 est
2049 1221 2254 1246 consensus
2273 1209 2386 1246 totius
2414 1210 2510 1246 mul-

1451 1259 1617 1297 titudinis
1637 1261 1684 1298 ad
1704 1260 1844 1309 aliquid
1866 1262 2162 1309 observandum,
2180 1274 2297 1310 quem
2316 1261 2331 1291 β
2350 1274 2509 1299 consue-

1452 1313 1543 1349 tudo
1580 1314 1814 1360 manifestat,
1844 1326 1960 1362 quam
1989 1315 2188 1351 auctoritas
2216 1315 2413 1364 principis,
2443 1315 2510 1364 qui

1452 1378 1531 1402 non
1561 1366 1677 1402 habet
1708 1373 1933 1414 potestatem
1968 1367 2157 1404 condendi
2189 1368 2327 1415 legem,
2357 1367 2427 1404 nisi
2455 1368 2510 1404 in-

1452 1426 1636 1467 quantum
1656 1419 1749 1466 gerit
1775 1431 1978 1467 personam
2008 1420 2265 1457 multitudinis.
2286 1420 2396 1457 Unde
2425 1420 2510 1458 licet

1453 1471 1618 1519 singulae
1636 1484 1842 1520 ,personae
1880 1484 1959 1509 non
1990 1473 2136 1520 possint
2168 1473 2331 1510 condere
2363 1474 2508 1520 legem,

1452 1531 1580 1560 tamen
1607 1532 1708 1561 totus
1735 1525 1900 1573 populus
1932 1525 2055 1572 legem
2087 1525 2251 1562 condere
2279 1533 2412 1574 potest.
2429 1545 2452 1553 -
2469 1525 2509 1562 Si

1452 1589 1544 1613 vero
1575 1577 1774 1615 multitudo
1807 1590 1885 1614 non
1919 1578 2057 1614 habeat
2090 1578 2245 1615 liberam
2283 1585 2508 1627 potestatem

1453 1630 1642 1667 condendi
1670 1630 1739 1667 sibi
1767 1631 1901 1678 legem,
1930 1631 1991 1667 vel
2019 1631 2141 1679 legem
2162 1644 2183 1668 a
2202 1630 2386 1680 superiori
2404 1638 2509 1679 pote-

1453 1690 1544 1719 state
1573 1683 1735 1732 positam
1756 1684 1996 1730 removendi3
2024 1691 2152 1721 tamen
2171 1684 2252 1733 ipsa
2273 1684 2507 1720 consuetudo

1452 1736 1490 1772 in
1518 1736 1579 1772 tali
1609 1736 1845 1774 multitudine
1874 1737 2098 1785 praevalens
2127 1737 2269 1774 obtinet
2292 1736 2372 1773 vim
2401 1736 2506 1784 legis,

1452 1789 1675 1837 inquantum
1708 1801 1778 1838 per
1819 1802 1884 1826 eos
1919 1790 2096 1826 toleratur
2132 1791 2179 1827 ad
2217 1802 2313 1839 quos
2350 1789 2510 1837 pertinet

1452 1841 1677 1878 multitudini
1711 1843 1833 1889 legem
1869 1842 2087 1890 imponere:
2117 1855 2161 1878 ex
2189 1843 2262 1879 hoc
2296 1842 2396 1879 enim
2426 1842 2507 1890 ipso

1452 1895 1628 1932 videntur
1655 1895 1868 1943 approbare
1896 1895 1999 1943 quod
2024 1897 2259 1933 consuetudo
2279 1894 2422 1933 induxit
2439 1900 2466 1931 Υ.

1504 2001 1531 2034 γ)
1551 2001 1670 2025 induxit.
1687 2014 1706 2020 -
1723 2000 1878 2025 introduxit
1896 2001 1924 2025 P.

1011 2098 1339 2131 Commentaria
1363 2098 1611 2131 Cardinalis
1633 2098 1831 2131 Caietani

341 2179 388 2241 IN
412 2169 544 2200 articulo
570 2169 680 2206 tertio,
703 2169 737 2199 in
761 2169 968 2209 responsione
991 2169 1031 2199 ad
1054 2169 1248 2205 secundum,
1273 2169 1397 2200 adverte

369 2213 468 2254 quod,
485 2213 558 2244 licet
576 2215 697 2244 Auctor
712 2213 878 2244 satisfaciat
901 2220 1098 2252 argumento,
1116 2213 1195 2244 dum
1218 2213 1398 2244 manifestat

338 2266 404 2287 non
428 2265 574 2297 oportere
597 2257 636 2287 ab
660 2263 731 2288 actu
754 2254 863 2287 illicito
887 2257 1036 2288 inchoare
1060 2257 1323 2288 consuetudinem
1347 2258 1399 2287 de-

339 2308 504 2341 rogantem
522 2301 596 2341 legi;
621 2301 647 2331 si
664 2308 771 2332 tamen
785 2302 825 2340 ab
842 2301 955 2332 illicitis
975 2307 1052 2332 tunc
1067 2301 1188 2332 actibus
1211 2301 1399 2337 inchoasset,

1453 2179 1489 2199 ex
1512 2179 1577 2209 quo
1602 2169 1778 2204 convaluit,
1803 2175 1834 2199 et
1861 2168 1925 2198 iarn
1949 2168 2185 2199 consuetudinis
2213 2169 2279 2199 vim
2308 2168 2417 2204 habet,
2449 2168 2510 2208 legi

1453 2213 1584 2253 scriptae
1608 2213 1746 2253 derogat.
1774 2213 1850 2242 Non
1873 2219 2000 2253 oportet
2022 2222 2159 2253 namque
2187 2219 2332 2252 posteros
2359 2212 2512 2242 sollicitos

1454 2267 1519 2287 esse
1543 2267 1583 2286 an
1605 2256 1688 2287 licite
1709 2257 1760 2287 vel
1782 2257 1889 2287 illicite
1911 2257 2090 2287 introducta
2113 2257 2153 2287 sit
2180 2257 2394 2292 consuetudo,
2415 2266 2512 2296 quam

1454 2301 1519 2331 sine
1544 2301 1640 2331 dubio
1663 2300 1747 2331 licite
1770 2301 1935 2331 inveniunt
1953 2301 2120 2337 observari,
2145 2301 2250 2331 relicta
2272 2301 2340 2340 lege
2364 2300 2487 2340 scripta.

1116 2435 1432 2478 ARTICULUS
1462 2435 1733 2485 QUARTUS

571 2519 727 2551 UTRUM
750 2519 980 2550 RECTORES
1003 2519 1316 2551 MULrlrumuis
1338 2520 1515 2551 POSSINT
1540 2520 1582 2549 IN
1606 2519 1785 2550 LEGiBUs
1809 2519 2003 2550 HUMANIS
2025 2519 2284 2550 DISPENSARE

353 2591 446 2624 Supra,
465 2598 510 2624 qu.
529 2597 597 2621 xcv1‚
617 2594 662 2615 art
682 2588 712 2620 6;
733 2589 804 2618 iufra,
824 2597 867 2622 qu.
881 2596 906 2620 c,
925 2594 971 2614 art.
986 2588 1016 2619 83
1036 2589 1070 2613 11¹³
1083 2589 1130 2614 11⁸³
1133 2597 1203 2622 ,.qu
1221 2597 1338 2619 Lxxxvrn,
1357 2595 1403 2614 art.
1424 2597 1465 2620 105
1486 2597 1530 2622 qu.
1550 2596 1646 2620 Lxxx1x,
1666 2594 1713 2614 art.

1725 2596 1756 2622 93
1777 2596 1821 2621 qu.
1840 2596 1932 2619 mvn.
1952 2593 1998 2613 art.
2011 2596 2042 2620 43
2060 2589 2092 2613 111
2112 2589 2194 2618 Sent„
2215 2589 2273 2613 dist.
2291 2596 2381 2619 xxm,
2401 2593 2446 2613 an.
2461 2595 2494 2619 4;

699 2625 741 2656 IV,
761 2625 818 2649 dist.
837 2632 878 2656 ιν,
898 2632 942 2657 qu.
961 2632 998 2655 ιιι,
1018 2629 1064 2649 art.
1085 2632 1108 2655 2,
1128 2630 1178 2657 qu·
1201 2633 1226 2657 ι;
1246 2625 1304 2650 dist.
1324 2632 1399 2655 xxvn,
1418 2633 1463 2657 qu.
1481 2632 1518 2654 111,
1538 2629 1584 2649 art.
1606 2623 1628 2653 3,
1649 2624 1680 2648 ad
1700 2624 1779 2655 43111
1801 2625 1876 2649 Cont.
1898 2625 1984 2652 Gent„
2004 2631 2060 2657 cap.
2079 2631 2152 2649 cxxv.

377 2725 425 2760 ›5ae
427 2724 431 2734 ι
459 2743 467 2750 ,Ἴ
476 2732 511 2748 -f
549 2716 573 2741 n
593 2715 765 2746 QUARTUM
784 2715 837 2740 sm
857 2715 1096 2741 pnoennrrua.
1118 2704 1277 2742 Videtur
1295 2705 1400 2754 quod

385 2740 527 2814 ᾖᾶᾉῖἢ
553 2764 716 2794 rectores
746 2756 995 2794 multitudinis
1023 2769 1102 2794 non
1119 2757 1265 2806 poss'mt
1289 2757 1327 2794 in
1350 2758 1401 2794 le-

358 2807 429 2855 '⁴5²‘
420 2795 662 2857 w'sgibus
697 2809 874 2846 humanis
914 2809 1142 2859 dispensare.
1180 2811 1260 2848 Lex
1299 2810 1401 2848 enim

359 2856 373 2867 ''
398 2855 495 2889 ’θ’-θ’»
511 2855 687 2899 &statuta
716 2869 772 2899 est
788 2873 863 2910 pro
883 2863 1076 2900 communi
1093 2863 1256 2910 utilitate,
1277 2871 1319 2900 ut
1338 2864 1401 2901 Isi-

341 2914 457 2951 dorus
486 2914 622 2951 dicit*.
653 2915 729 2951 Sed
761 2915 908 2951 bonum
945 2927 1150 2952 commune
1182 2929 1261 2953 non
1290 2916 1403 2953 debet

341 2966 531 3004 intermitti
545 2979 615 3016 pro
631 2962 780 3016 privato
801 2968 1008 3005 commodo
1028 2968 1183 3006 alicuius
1198 2980 1400 3018 personae:

302 3019 442 3069 -quia,
470 3026 512 3057 ut
545 3019 633 3056 dicit
660 3019 956 3069 Philosophus,
948 3033 986 3058 ιιι
1011 3022 1025 3057 I
1053 3022 1218 3058 Ethia*
1223 3023 1402 3067 ,bonum

340 3073 461 3122 gentis
489 3073 649 3110 divinius
681 3078 735 3109 est
768 3085 881 3121 quam
916 3074 1056 3110 bonum
1089 3074 1198 3111 unius
1229 3075 1401 3112 hominis.

342 3126 444 3173 Ergo
473 3125 624 3162 videtur
657 3125 761 3174 quod
793 3138 872 3162 non
907 3126 1044 3162 debeat
1076 3126 1285 3175 dispensari
1314 3140 1403 3164 cum

342 3178 468 3226 aliquo
496 3185 538 3214 ut
566 3185 696 3215 contra
723 3179 846 3226 legem
877 3190 1123 3216 communem
1152 3187 1247 3227 agat.

397 3243 432 3268 2.
453 3232 690 3278 PRAETEREA,
720 3230 789 3267 illis
818 3230 882 3280 qui
911 3243 1025 3279 super
1048 3231 1141 3268 alios
1171 3232 1404 3269 constituun-

342 3291 413 3331 tur,
443 3283 671 3332 praecipitur
697 3283 885 3320 Deut.1'¹‘:
914 3285 974 3320 Ita
996 3295 1163 3332 parvum
1191 3285 1347 3321 audietis
1367 3291 1407 3321 ut

1454 2698 1716 2753 personarum.
1750 2704 1853 2752 Ergo
1886 2703 2101 2741 huiusmodi
2132 2703 2429 2752 dispensationes
2461 2703 2512 2741 fa-

1456 2769 1539 2793 cere
1570 2764 1732 2793 rectores
1761 2756 2006 2794 multitudinis
2035 2769 2112 2793 non
2139 2763 2310 2805 possunt,
2332 2768 2419 2792 curn
2439 2756 2514 2798 hoc

1456 2809 1501 2846 sit
1529 2817 1659 2846 eontra
1686 2817 1933 2858 praeceptum
1961 2809 2051 2857 legiS
2081 2809 2240 2846 divinae.

1511 2864 1544 2899 3.
1574 2863 1806 2908 PRAETEREA,
1831 2862 1891 2899 lex
1917 2863 2097 2909 humana,
2118 2862 2148 2898 si
2168 2861 2213 2898 sit
2232 2868 2343 2907 recta,
2365 2868 2514 2909 oportet

1455 2916 1559 2963 quod
1580 2923 1765 2951 consonet
1791 2915 1863 2962 legi
1891 2914 2048 2952 naturali
2069 2922 2103 2951 et
2123 2914 2194 2961 legi
2213 2913 2380 2951 divinae:
2409 2913 2515 2950 aliter

1457 2968 1558 3005 enim
1579 2980 1657 3005 non
1677 2973 1904 3018 congrueret
1919 2968 2104 3017 religioni,
2125 2979 2195 3003 nec
2213 2966 2428 3003 conveniret
2443 2967 2514 3004 dis-

1456 3021 1634 3070 ciplinae,
1664 3022 1770 3068 quod
1802 3020 2000 3069 requiritur
2032 3020 2080 3056 ad
2108 3020 2251 3067 legem,
2281 3025 2321 3056 ut
2349 3018 2515 3056 Isidorus

2537 959 2544 967 ”
2552 957 2599 984 Qu.

2592 229 2614 244 u.
2628 228 2690 251 xcvi,
2705 228 2753 247 an.

2608 962 2659 983 xcv,
2668 961 2703 979 art
2712 964 2733 986 3.

1457 3073 1545 3111 dicit
1563 3073 1594 3110 ’ἦ
1616 3073 1720 3111 Sed
1711 3085 1750 3110 in
1769 3074 1850 3120 lege
1875 3073 2003 3109 divina
2022 3080 2058 3109 et
2076 3070 2234 3108 naturali
2255 3072 2378 3108 nullus
2397 3072 2514 3109 homo
2542 3080 2684 3108 &smol-1
2670 3081 2710 3102 ¹i·b
2719 3079 2749 3106 11

1456 3133 1580 3175 potest
1599 3126 1826 3173 dispensare.
1849 3125 1950 3173 Ergo
1966 3137 2036 3162 nec
2051 3124 2163 3162 etiarn
2182 3124 2222 3160 in
2239 3124 2320 3172 lege
2334 3124 2514 3162 humana.

1512 3179 1585 3215 SED
1620 3189 1863 3214 CONTRAaeEsT
1900 3178 2005 3225 quod
2038 3177 2125 3213 dicit
2157 3177 2385 3225 Apostolus,
2420 3178 2434 3213 1
2467 3177 2519 3214 ad

1463 3232 1549 3267 Cor.
1567 3243 1601 3267 lx
1615 3230 1650 3266 *ε
1680 3230 1915 3278 Dispensatio
1943 3230 2036 3266 mihi
2061 3230 2199 3266 credita
2227 3235 2290 3266 est.

1511 3285 1735 3320 Resposmzo
1764 3294 1948 3319 DICENDUM
1977 3283 2082 3331 quod
2111 3281 2341 3331 dispensatio
2365 3281 2516 3330 proprie

342 3348 540 3386 magnum,
557 3348 624 3373 nec
642 3336 827 3384 accipietis
842 3336 1062 3385 cuiusquam
1071 3348 1293 3384 personam:
1317 3338 1404 3386 quia
1459 3337 1637 3385 importat
1670 3335 2082 3372 commensurationem
2115 3334 2271 3372 alicuius
2304 3334 2518 3371 communis

342 3390 418 3426 Dei
434 3389 610 3426 iudicium
631 3395 692 3426 est.
716 3389 793 3426 Sed
818 3389 1029 3426 concedere
1050 3389 1158 3426 alicui
1179 3389 1281 3438 quod
1302 3402 1405 3426 corn-

1460 3390 1507 3426 ad
1536 3388 1700 3436 singula:
1733 3388 1835 3425 unde
1864 3388 1977 3425 etiam
2016 3388 2246 3436 gubernator
2276 3387 2436 3424 familiae
2466 3386 2518 3423 di-

344 3442 508 3479 muniter
528 3442 734 3490 denegatur
753 3442 943 3490 omnibus,
963 3442 1113 3479 videtur
1133 3454 1214 3479 esse
1235 3442 1404 3490 acceptio
1461 3441 1553 3479 citur
1573 3441 1820 3490 dispensator,
1841 3441 2064 3490 inquantum
2088 3440 2291 3489 unicuique
2313 3440 2359 3477 de
2380 3439 2519 3476 familia

2544 3235 2552 3243 ·
2568 3233 2615 3255 Ver

2541 3113 2568 3128 ca
2570 3112 2593 3134 p.
2611 3113 2641 3134 x,
2656 3106 2696 3128 li.b
2712 3105 2750 3132 V,

2542 3139 2592 3160 cap.
2608 3123 2643 3154 ιιι’.

2617 3239 2635 3255 s.
2651 3239 2680 3260 ¹7·
