2840 4010
92 1582 103 1592 ·
120 1580 160 1604 Cf.
179 1586 258 1608 supra,
279 1581 302 1602 in

91 1623 240 1662 Qui.
254 1639 276 1662 3·

96 2725 158 2748 ‘'Cf-
171 2731 237 2748 num.
253 2732 288 2747 ιιι.

96 2754 116 2763 '¹
132 2752 168 2775 Cf.
183 2758 248 2774 num.
263 2758 279 2774 1.

97 3305 175 3327 ‘'P-rt.
183 3305 201 3332 1,
208 3311 247 3334 qu.
257 3311 308 3333 xcv,

99 3335 142 3354 art.
153 3338 174 3358 ις
185 3338 226 3360 qu.
236 3337 257 3359 c,
268 3336 309 3354 art.

100 3364 116 3385 ι,
131 3358 160 3379 ad
173 3363 196 3380 2.

1026 174 1291 222 QUAESTIO
1321 174 1424 221 clx,
1453 173 1749 211 ARTmULUs
1779 175 1810 210 11

329 258 362 288 in
385 261 416 287 et
439 265 476 286 ex
497 254 585 295 puris
608 255 813 291 naturalibus,
830 254 936 295 peragi
960 264 1025 284 non
1049 260 1154 294 potest
1176 254 1294 293 absque
1318 263 1390 292 pec-

329 307 417 332 cato:
444 305 475 330 et
497 299 559 329 hoc
583 309 620 329 ex
642 299 811 329 intrinseco
843 298 966 329 defectu
990 298 1105 328 virium
1129 297 1268 332 animae,
1293 306 1390 336 quem

329 342 530 384 appetituum
545 342 706 374 diversitas
718 349 858 373 testatur.
871 343 912 373 Et
930 342 1004 383 quia
1021 341 1160 382 aequalis
1175 347 1222 370 est
1236 339 1390 370 sufficien-

328 387 372 418 tia
394 394 524 418 naturae
546 387 652 427 lapsae
674 394 705 418 et
727 394 858 417 naturae
880 386 914 416 in
942 386 1029 426 puris
1053 384 1257 419 naturalibus,
1282 393 1391 413 conse-

329 441 430 472 quens
453 438 501 462 est
521 431 610 472 quod
632 431 844 472 appellatione
873 437 1002 461 naturae
1029 429 1167 468 integrae
1190 437 1256 457 non
1277 427 1391 457 intelli-

329 475 413 515 gitur
435 475 468 506 in
490 475 592 506 littera
607 475 640 505 in
664 475 751 515 puris
773 474 977 505 naturalibus.
1001 473 1062 503 Sed
1081 471 1265 511 intelligitur
1280 478 1390 501 natura

330 520 363 550 in
386 526 468 551 statu
493 529 637 550 consono
661 525 791 550 naturae
813 517 976 548 rationali:
1000 516 1057 556 qui
1080 515 1167 545 addit
1195 524 1289 554 supra
1313 524 1390 554 pure

330 563 484 594 naturalia
505 564 648 603 vigorem
666 562 806 598 rationis,
825 571 882 592 seu
898 559 1069 600 superioris
1084 558 1180 599 partis
1202 558 1335 594 animae,
1351 559 1390 588 ad

330 608 583 639 conservandum
606 613 725 638 statum
746 604 861 636 rationi
883 604 915 634 in
939 603 1030 634 bullo
1053 603 1230 633 dissonum.
1248 602 1322 632 Non
1346 608 1392 632 est

330 659 438 684 autem
459 652 550 692 vigor
571 651 622 682 hic
644 650 761 690 gratiae
785 655 841 679 aut
863 655 993 679 naturae
1015 647 1208 688 simpliciter,
1231 647 1286 676 sed
1309 656 1390 686 quo-

330 696 506 727 dammodo
529 695 644 735 gratiae
667 700 699 724 et
720 693 964 734 quodammodo
987 699 1127 723 naturae.
1149 691 1225 721 Non
1248 697 1294 720 est
1316 690 1390 720 sim·

330 740 451 780 pliciter
475 746 615 776 naturae,
631 737 706 778 quia
729 747 794 767 non
819 736 888 766 fluit
911 746 946 766 ex
970 743 1095 766 natura:
1120 745 1185 766 non
1209 733 1391 773 simpliciter

331 784 456 826 gratiae,
473 783 548 825 quia
571 783 611 812 ad
633 781 713 812 nihil
735 790 768 811 se
784 780 921 811 extendit
937 780 995 810 nisi
1019 781 1058 810 ad
1078 786 1208 810 naturae
1229 778 1390 809 rationalis

331 827 613 869 proportionatum·
626 826 759 861 bonum,
775 824 892 855 scilicet
910 824 1012 855 vivere
1028 824 1206 855 secundum
1222 822 1389 853 rationem.

330 873 388 903 Est
408 870 651 913 quodammodo
682 869 798 908 gratiae
829 875 860 899 et
882 868 1125 909 quodammodo
1153 874 1298 902 naturae,
1332 876 1390 906 pro

330 922 452 957 quanto
473 915 574 946 homo
597 923 765 954 nunquam
787 913 890 949 habet,
906 920 961 943 aut
983 913 1098 943 habere
1112 911 1219 952 potuit
1240 921 1277 941 ex
1301 917 1390 940 natu-

330 959 447 991 ralibus
469 959 555 990 hunc
576 957 730 998 vigorem,
747 957 802 987 sed
821 967 857 987 ex
881 957 1105 988 coniunctione
1121 955 1160 986 ad
1183 955 1307 985 donum
1329 954 1390 984 ori-

330 1004 442 1044 ginalis
464 1002 610 1034 iustitiae.

373 1047 442 1079 VII.
459 1047 500 1078 Et
514 1052 590 1077 nota
602 1046 691 1086 quod
706 1055 772 1076 non
789 1045 860 1076 dico
876 1045 966 1086 quod
977 1045 1034 1075 iste
1047 1044 1138 1084 vigor
1152 1043 1192 1074 sit
1208 1042 1313 1083 portio
1330 1043 1390 1073 ori-

329 1091 440 1132 ginalis
459 1090 611 1122 iustitiae:
632 1090 695 1120 hoc
709 1090 795 1120 enim
812 1096 892 1120 esset
915 1089 1016 1120 dicere
1034 1088 1122 1129 quod
1137 1094 1249 1118 natura
1270 1086 1391 1126 integra

329 1134 483 1176 significat
498 1141 644 1166 naturam
658 1134 692 1164 in
706 1140 790 1164 statu
803 1133 963 1173 originalis
978 1132 1123 1164 iustitiae.
1137 1131 1199 1163 Sed
1214 1131 1286 1161 dico
1301 1132 1389 1171 quod

328 1179 428 1211 istum
449 1179 594 1219 vigorem
615 1178 746 1208 sortitur
760 1177 840 1208 r'atio
857 1178 889 1208 in
905 1177 1130 1208 coniunctione
1149 1176 1189 1206 ad
1205 1174 1390 1214 originalem

328 1223 502 1265 iustitiam:
522 1223 604 1254 aaut
630 1222 799 1263 cogitativa
822 1222 854 1252 in
878 1221 1102 1252 coniunctione
1129 1220 1169 1251 ad
1194 1219 1390 1250 intellectum

326 1267 443 1298 melius
467 1273 616 1308 operatur
642 1276 741 1307 quam
768 1266 928 1297 intellectu
952 1272 1088 1302 tacente;
1117 1271 1148 1295 et
1175 1263 1390 1298 universaliter

329 1322 517 1352 supremum
538 1311 572 1342 in
594 1320 795 1351 unoquoque
818 1310 942 1346 ordine,
966 1310 1111 1346 iunctum
1133 1308 1298 1349 superiori,
1324 1318 1389 1338 non

330 1357 438 1388 solum
460 1355 686 1396 perfectionem
706 1354 876 1394 superioris
899 1353 1074 1394 participat,
1097 1353 1152 1384 sed
1167 1352 1262 1383 etiam
1278 1362 1389 1383 secun·

330 1401 410 1432 dum
431 1399 561 1441 propria
579 1399 780 1434 melioratur;
804 1398 918 1428 melius
943 1398 1028 1428 enim
1051 1403 1200 1438 operatur
1217 1397 1390 1436 vegetativa

330 1445 437 1476 iuncta
464 1443 647 1479 sensitivae,
675 1452 774 1483 quam
807 1449 948 1482 separata
976 1442 1015 1472 ab
1044 1441 1107 1473 illa.
1139 1440 1389 1472 Discernendum

330 1489 451 1530 quippe
473 1494 520 1518 est
540 1487 622 1518 inter
643 1486 795 1517 iustitiam
823 1483 1012 1526 originalem
1025 1493 1055 1516 et
1068 1485 1211 1526 vigorem
1226 1485 1325 1521 hunc,
1351 1486 1389 1515 ab

329 1531 452 1564 effectu.
467 1532 553 1562 Nam
569 1541 644 1561 cum
658 1530 794 1561 iustitiae
807 1530 967 1570 originalis
983 1531 1069 1560 dono
1084 1539 1150 1561 non
1165 1535 1288 1570 poterat
1302 1530 1390 1570 prius

329 1576 451 1617 peccari
473 1575 636 1606 venialiter
658 1585 756 1615 quam
779 1574 961 1610 mortaliter,
982 1581 1017 1604 ut
1030 1574 1064 1604 in
1079 1573 1184 1604 Prima
1205 1573 1296 1604 Parte
1309 1574 1327 1593 ’¹‘
1346 1574 1390 1604 di-

329 1627 419 1652 ctum
435 1627 495 1651 est:
517 1620 568 1651 hic
583 1625 691 1650 autem
706 1619 796 1658 vigor
810 1618 963 1658 permittit
981 1618 1068 1658 prius
1084 1617 1200 1649 offendi
1216 1618 1387 1648 venialiter.

330 1665 442 1696 Posset
464 1664 551 1695 enim
573 1663 696 1694 homini
719 1663 827 1702 vigore
850 1663 912 1692 hoc
935 1662 1078 1702 praedito
1104 1662 1271 1702 subrepere
1294 1672 1390 1702 parva

330 1709 436 1750 aliqua
459 1707 628 1739 declinatio
652 1707 727 1738 citra
745 1706 852 1742 finem,
870 1713 900 1737 et
916 1717 982 1737 non
997 1716 1061 1737 una
1076 1706 1153 1743 sola,
1178 1706 1233 1736 sed
1255 1707 1388 1737 multae:

330 1753 419 1794 quod
439 1763 504 1783 non
523 1758 756 1792 compateretur
775 1750 934 1790 integritas
950 1757 1048 1781 status
1064 1750 1222 1791 originalis
1242 1749 1388 1782 iustitiae.

385 1797 470 1835 Quia
492 1796 587 1836 igitur
608 1796 700 1836 vigor
721 1795 779 1825 iste
793 1795 969 1834 possessive
985 1802 1031 1826 est
1049 1795 1212 1834 gratuitus,
1227 1795 1302 1835 quia
1325 1805 1390 1825 non

329 1842 463 1872 habetur
478 1841 538 1871 nisi
552 1841 584 1870 in
602 1839 825 1870 coniunctione
841 1839 881 1869 ad
901 1845 1018 1870 statum
1039 1839 1211 1878 gratuitum
1231 1839 1392 1879 originalis

329 1885 480 1922 iustitiae;
503 1891 535 1915 et
558 1883 761 1915 essentialiter
776 1890 822 1913 est
844 1883 1004 1919 naturalis,
1020 1883 1096 1924 quia
1114 1883 1204 1923 vigor
1227 1889 1273 1914 est
1298 1893 1392 1923 supe-

330 1930 422 1961 rioris
436 1929 533 1970 partis
549 1929 673 1959 animae
689 1933 814 1958 nostrae
837 1927 1014 1958 secundum
1036 1934 1181 1958 naturam
1195 1927 1392 1964 rationalem,

331 1975 371 2006 ad
390 1974 499 2005 solum
522 1980 552 2004 et
575 1982 671 2003 omne
693 1972 818 2002 bonum
842 1971 957 2002 rationi
980 1971 1258 2012 proportionatum
1281 1982 1314 2002 se
1344 1982 1392 2002 ex-

330 2019 479 2049 tendens:
510 2017 582 2047 ideo
606 2017 651 2047 sic
682 2016 849 2046 adiunctus
879 2015 968 2056 puris
998 2015 1209 2053 naturalibus,
1232 2016 1394 2047 constituit

331 2069 449 2094 statum
465 2068 594 2092 naturae
609 2061 762 2100 integrae;
783 2067 814 2090 et
829 2069 886 2100 per
906 2059 996 2090 istius
1010 2059 1261 2100 deperditionem
1283 2067 1398 2099 natura

331 2113 379 2138 est
400 2112 558 2146 corrupta.

387 2150 470 2182 VIII.
499 2149 740 2180 Vocabulorum
771 2158 903 2189 quoque
932 2149 1052 2189 integri
1083 2154 1115 2178 et
1141 2150 1285 2189 corrupti
1315 2148 1393 2179 ratio

333 2201 499 2226 consonat.
517 2193 680 2231 Quoniam
703 2199 815 2223 natura
837 2193 957 2232 integra
978 2199 1027 2223 est
1049 2193 1178 2232 quando
1202 2193 1280 2224 nihil
1303 2193 1413 2223 natu-¹

332 2239 461 2275 talium,
486 2247 552 2268 non
574 2237 682 2268 solum
707 2236 968 2267 constituentium
990 2243 1137 2267 naturam
1164 2243 1195 2267 et
1225 2236 1394 2268 fluentium

333 2293 370 2313 ex
393 2293 448 2319 ea,
475 2283 530 2312 sed
552 2281 778 2322 requisitorum
810 2281 986 2311 secundum
1009 2290 1096 2317 eam,
1119 2281 1222 2312 deest:
1247 2288 1394 2321 corrupta

332 2333 450 2363 autem,
468 2327 494 2357 si
510 2326 588 2366 quid
603 2326 720 2356 horum
735 2325 913 2365 perdiderit.
934 2325 1044 2355 Dictus
1061 2331 1168 2356 autem
1182 2325 1272 2366 vigor
1287 2335 1395 2356 secun-

334 2372 412 2402 dum
435 2377 582 2401 naturam
605 2376 652 2400 est
669 2369 838 2400 rationalis.

388 2415 430 2446 Et
445 2425 485 2445 ne
500 2421 592 2454 putes
608 2423 660 2444 me
681 2423 749 2444 esse
772 2413 970 2444 inventorem
993 2413 1088 2443 huius
1103 2413 1229 2453 vigoris,
1252 2414 1320 2454 lege
1339 2424 1392 2444 su-

333 2459 440 2500 perius
457 2461 641 2494 Auctorem,
659 2458 691 2488 in
708 2468 762 2498 qu.
779 2468 841 2493 xm,
861 2464 916 2488 art.
937 2457 1006 2493 ult„
1026 2457 1183 2488 dicentem
1201 2459 1300 2498 quod,
1319 2460 1394 2499 quia

332 2505 426 2535 homo
447 2503 631 2534 destituitur
649 2502 805 2543 originali
828 2502 950 2532 iustitia
974 2506 1004 2531 et
1024 2502 1136 2542 vigore
1158 2503 1303 2540 rationis,
1329 2504 1394 2543 ipse

334 2549 470 2588 impetus
492 2547 726 2583 sensualitatis,
763 2552 820 2576 etc.
845 2545 907 2576 Ubi
935 2545 1098 2576 manifeste
1128 2546 1197 2576 vult
1222 2547 1311 2587 quod
1339 2557 1395 2587 per

333 2599 500 2632 peccatum
522 2590 674 2630 originale
701 2590 802 2620 homo
835 2590 937 2629 perdit
960 2590 1040 2625 duo,
1065 2589 1180 2620 scilicet
1209 2590 1394 2632 originalem

333 2636 496 2671 iustitiam,
521 2641 552 2666 et
573 2634 717 2674 vigorem
735 2634 881 2665 rationis:
907 2629 1118 2673 copulationis
1140 2634 1225 2665 enim
1248 2642 1324 2666 nota
1353 2636 1396 2666 di-

333 2680 513 2711 versitatem
536 2678 683 2709 ostendit.
703 2696 724 2702 -
743 2679 830 2709 Haec
854 2679 892 2707 de
916 2678 1067 2708 secundo.

391 2724 442 2755 IX.
464 2723 580 2760 Quoad
598 2722 727 2753 tertium
735 2722 761 2759 *,
782 2722 1040 2762 respondendum
1057 2728 1103 2752 est
1124 2722 1229 2762 primo
1243 2723 1342 2754 dubio
1361 2724 1395 2743 **

335 2768 423 2809 quod
446 2777 503 2807 per
522 2766 690 2797 hominem
713 2766 746 2796 in
770 2772 852 2796 statu
876 2773 1006 2796 naturae
1029 2765 1182 2806 integrae,
1207 2769 1329 2798 Auctor
1350 2768 1395 2798 in-

334 2811 436 2843 tendit
458 2810 624 2841 hominem
647 2819 714 2840 non
736 2810 769 2839 in
793 2809 880 2849 puris
910 2810 1124 2846 naturalibus,
1149 2811 1204 2841 sed
1228 2811 1395 2843 habentem

335 2856 459 2886 donum
481 2854 618 2885 iustitiae
641 2853 812 2893 originalis,
835 2863 900 2884 non
922 2854 1114 2894 inquantum
1136 2862 1285 2895 operatur
1307 2866 1343 2886 ex
1365 2857 1396 2886 vi

334 2899 472 2931 iustitiae
484 2898 654 2938 originalis,
665 2898 721 2928 sed
734 2897 926 2938 inquantum
941 2899 1090 2938 operatur
1102 2909 1139 2930 ex
1149 2899 1257 2939 vigore
1272 2907 1396 2931 natura-

334 2944 426 2975 lium.
438 2943 480 2974 Et
491 2942 535 2973 sic
547 2942 656 2973 omnia
667 2942 761 2972 verba
770 2941 891 2973 litterae
904 2949 1094 2973 consonant:
1107 2943 1233 2980 scilicet,
1247 2945 1279 2974 in
1291 2946 1343 2975 sui
1353 2947 1397 2975 in-

336 2988 497 3029 tegritate,
513 2987 597 3018 sicut
599 2986 672 3027 fuit
686 2986 718 3016 in
727 2987 836 3026 primo
845 2992 983 3026 parente
998 2993 1072 3017 ante
1082 2993 1269 3027 peccatum;
1286 2995 1325 3024 et,
1338 2999 1396 3029 po-

336 3037 420 3063 terat
441 3031 535 3062 homo
553 3040 617 3071 per
630 3040 692 3061 sua
711 3031 876 3061 naturalia
899 3031 980 3061 velle
994 3036 1026 3061 et
1043 3033 1174 3071 operari
1191 3032 1319 3070 bonum,
1336 3040 1395 3064 etc.

391 3076 432 3106 Et
455 3075 544 3115 quod
566 3075 643 3105 haec
671 3074 711 3104 sit
733 3084 822 3104 mens
849 3075 1008 3111 Auctoris,
1032 3082 1162 3115 apparet
1183 3085 1220 3105 ex
1247 3085 1285 3106 eo
1308 3078 1397 3117 quod

337 3125 464 3160 oportet
487 3125 542 3149 aut
563 3119 608 3149 sic
630 3118 746 3155 dicere;
767 3125 822 3149 aut
844 3118 933 3159 quod
954 3119 1096 3149 intendat
1119 3119 1284 3150 hominem
1307 3131 1344 3151 ex
1366 3121 1398 3151 vi

336 3163 496 3204 originalis
516 3163 652 3194 iustitiae
669 3168 863 3202 operantem.
880 3163 921 3193 Et
935 3169 1011 3193 tunc
1028 3162 1062 3203 ly
1072 3172 1135 3202 per
1151 3172 1212 3194 sua
1233 3165 1397 3196 naturalia

336 3208 528 3248 glossaretur
550 3207 638 3247 quod
658 3206 777 3237 iustitia
799 3206 959 3246 originalis
983 3213 1187 3247 computatur
1203 3207 1286 3238 inter
1305 3215 1397 3239 natu-

336 3252 423 3288 ralia,
440 3251 515 3292 quia
529 3257 595 3282 erat
609 3251 733 3281 donum
748 3258 887 3282 naturae.
900 3250 962 3282 Sed
975 3251 1052 3281 haec
1069 3250 1223 3291 expositio
1239 3261 1305 3283 non
1323 3263 1397 3283 con-

337 3303 431 3327 sonat
446 3292 606 3326 doctrinae
622 3294 782 3325 Auctoris.
798 3295 886 3325 Tum
907 3294 981 3335 quia
998 3295 1084 3335 apud
1102 3295 1234 3335 ipsum*
1246 3296 1286 3326 de
1304 3297 1397 3328 ratio-

339 3351 378 3371 ne
394 3340 555 3380 originalis
574 3339 710 3370 iustitiae
726 3345 773 3369 est
788 3339 885 3379 gratia
907 3345 1031 3379 gratum
1051 3338 1181 3370 faciens:
1197 3349 1233 3370 ac
1255 3350 1311 3380 per
1326 3341 1396 3376 hoc,

338 3384 405 3426 pari
421 3384 542 3415 ratione
557 3383 712 3424 potuisset
735 3383 796 3414 dici
811 3383 900 3424 quod
918 3383 1018 3414 homo
1038 3383 1071 3413 in
1091 3383 1144 3414 tali
1164 3389 1246 3414 statu
1264 3394 1319 3424 per
1341 3394 1398 3415 sua

339 3428 492 3460 naturalia
507 3428 613 3468 potuit
627 3428 708 3458 velle
722 3434 753 3458 et
768 3427 890 3468 operari
907 3427 1030 3458 bonum
1043 3427 1295 3467 supernaturale;
1308 3428 1398 3459 cuius

338 3473 526 3514 oppositum
542 3482 685 3513 expresse
701 3471 814 3502 dicitur
828 3471 860 3501 in
876 3471 987 3502 littera.
1003 3471 1092 3502 Tum
1107 3471 1180 3512 quia
1197 3474 1319 3502 Auctor
1333 3479 1400 3502 tam

340 3517 472 3548 sollicite
483 3517 646 3557 distinguit
658 3517 696 3547 de
709 3517 796 3547 dono
809 3516 989 3547 communis
1006 3515 1111 3546 auxilii
1127 3516 1185 3546 Dei
1202 3516 1295 3556 primi
1307 3526 1400 3556 agen-

2431 172 2505 219 293

1444 253 1492 289 tis,
1517 259 1548 283 et
1564 253 1650 283 dono
1668 252 1870 292 superaddito
1898 258 2039 282 naturae:
2069 258 2100 281 et
2123 257 2246 281 constat
2269 251 2357 291 quod
2387 250 2505 281 iustitia

1445 296 1604 336 originalis
1621 303 1667 327 est
1683 297 1806 327 donum
1826 296 2064 336 superadditum
2088 301 2227 325 naturae.

1499 341 1538 371 X.
1555 341 1701 371 Secundo
1725 347 1833 371 autem
1856 339 1981 370 dubio*
1996 339 2106 370 satisfit
2121 339 2254 369 dicendo
2271 338 2359 378 quod
2383 348 2438 377 per
2453 347 2505 368 na-

1443 391 1547 414 turam
1571 391 1753 424 corruptam
1775 384 1958 424 intelligitur
1982 391 2092 415 natura
2115 383 2235 422 privata
2259 383 2346 412 dono
2369 381 2505 413 iustitiae

1445 428 1603 467 originalis
1625 435 1655 459 et
1676 428 1783 468 vigore
1806 428 1948 464 rationis;
1966 438 2001 458 ac
2025 438 2080 468 per
2103 428 2174 463 hoc,
2199 426 2318 467 privata
2341 426 2429 456 dono
2453 435 2503 456 su-

1444 472 1643 511 pernaturali,
1659 479 1690 503 et
1705 473 1792 502 dono
1817 472 1950 502 naturali
1973 482 2039 502 non
2055 472 2172 502 fluente
2195 481 2232 502 ex
2247 477 2367 506 natura,
2383 469 2439 500 sed
2457 479 2504 500 se-

1444 517 1585 546 cundum
1600 523 1744 547 naturam
1760 516 1870 546 debitis
1885 516 1954 552 sibi,
1972 523 2029 547 etc.
2051 516 2092 546 Et
2106 516 2149 546 sic
2171 515 2252 546 ultra
2268 514 2505 545 destitutionem

1444 560 1475 589 in
1492 560 1579 600 puris
1602 560 1806 596 naturalibus,
1822 560 1954 591 includit
1972 561 2126 591 rationem
2143 559 2283 590 defectus
2300 558 2374 588 mali
2394 558 2504 598 culpae

1444 610 1475 633 et
1497 614 1619 643 poenae
1642 604 1674 634 in
1698 604 1812 640 anima,
1829 604 1862 634 in
1882 614 2014 645 corpore
2030 614 2105 634 vero
2130 603 2205 634 mali
2223 612 2345 643 poenae
2368 609 2502 633 tantum.

1499 648 1540 678 Et
1550 648 1624 678 huic
1635 648 1713 678 nihil
1725 648 1923 678 obiectorum
1935 649 2047 679 obstat.
2057 648 2151 685 Quia,
2164 654 2200 678 ut
2218 647 2415 687 praedictum
2427 646 2503 682 est*,

1444 701 1509 722 non
1533 699 1665 732 negatur
1678 702 1779 732 aequa
1803 691 1987 723 sufficientia
2003 699 2131 723 naturae
2154 698 2328 731 corruptae,
2346 697 2376 721 et
2398 690 2431 720 in
2448 700 2506 730 pu-

1443 736 1484 765 ris
1508 736 1711 771 naturalibus,
1736 736 1774 765 ad
1789 737 1987 775 operandum
2010 737 2133 767 bonum
2155 735 2292 766 virtutis:
2316 735 2370 765 sed
2394 741 2504 765 neutra

1444 779 1568 811 sufficit.
1578 798 1598 803 -
1608 780 1674 810 Nec
1691 780 1873 810 inconvenit
1884 790 1943 810 nos
1956 780 2084 820 punitos
2101 790 2166 811 esse
2182 780 2215 809 in
2230 778 2424 809 naturalibus
2438 788 2505 809 non

1443 823 1613 854 fluentibus
1637 834 1674 854 ex
1697 830 1817 860 natura,
1841 825 1895 854 sed
1918 825 2094 854 secundum
2118 831 2272 859 naturam,
2297 823 2414 863 absque
2437 832 2504 862 per-

1443 868 1544 898 sonali
1561 874 1699 908 peccato·
1712 868 1844 907 Propter
1855 868 2013 898 defectum
2029 869 2149 908 quippe
2165 867 2234 898 talis
2249 867 2377 907 vigoris,
2391 877 2502 897 sumus

1444 912 1583 942 destituti
1606 912 1637 942 in
1659 918 1765 941 nostra
1787 912 1942 952 pronitate
1966 913 2004 942 ad
2028 913 2161 948 malum;
2181 921 2262 952 quae
2285 912 2505 951 concupiscen-

1444 957 1488 986 tia
1511 956 1681 986 habitualis
1711 955 1854 995 superius
1877 955 1894 974 *
1917 956 2079 987 nominata
2104 956 2181 992 fuit,
2207 965 2281 985 cum
2305 955 2343 985 de
2374 961 2503 994 peccato

1444 1000 1588 1039 originali
1611 1006 1801 1030 tractaretur.

1499 1044 1552 1074 XI.
1571 1044 1606 1073 In
1629 1044 1742 1074 eodem
1767 1044 1907 1073 secundo
1931 1044 2061 1074 articulo
2085 1043 2278 1084 quaestionis
2302 1043 2502 1072 centesimae-

1445 1097 1557 1124 nonae,
1578 1088 1713 1118 dubium
1729 1087 1864 1118 occurrit
1878 1087 1918 1117 ad
1934 1088 2108 1124 hominem,
2126 1094 2155 1118 et
2171 1086 2363 1127 simpliciter.
2380 1087 2430 1116 Ad
2444 1087 2503 1116 ho-

1443 1132 1564 1162 minem
1587 1132 1727 1172 quidem,
1754 1141 1793 1161 an
1816 1134 1937 1162 Auctor
1960 1131 2102 1162 intendat
2129 1131 2218 1172 quod
2240 1131 2340 1160 homo
2364 1130 2396 1160 in
2420 1136 2502 1161 statu

1444 1184 1573 1206 naturae
1595 1182 1762 1216 corruptae
1785 1185 1850 1206 non
1866 1176 1966 1215 possit
1988 1176 2148 1206 moraliter
2162 1176 2286 1206 bonum
2309 1184 2346 1204 ex
2367 1174 2504 1214 propriis

1443 1220 1638 1251 naturalibus
1662 1220 1771 1250 facere.
1788 1220 1829 1250 Et
1852 1226 1898 1250 est
1921 1220 1999 1250 ratio
2023 1219 2187 1250 dubitandi
2210 1219 2298 1260 quia,
2323 1219 2349 1248 si
2371 1219 2448 1248 haec
2463 1218 2505 1248 af-

1443 1264 1585 1295 firmatur
1607 1264 1740 1294 intentio
1764 1274 1837 1299 sua,
1867 1264 2010 1304 sequitur
2033 1265 2121 1305 quod
2144 1264 2210 1294 sine
2233 1263 2331 1302 gratia
2354 1269 2503 1298 sanante,

1443 1319 1507 1350 qua
1530 1319 1612 1350 opus
1637 1315 1683 1338 est
1706 1309 1745 1338 ad
1769 1318 1851 1348 opus
1875 1308 2035 1338 moraliter
2057 1309 2189 1344 bonum,
2206 1307 2311 1337 omnis
2334 1313 2422 1337 actus
2444 1306 2503 1337 ho·

1443 1353 1537 1383 minis
1561 1353 1600 1383 sit
1622 1353 1726 1383 malus
1759 1352 1936 1383 moraliter:
1961 1362 2036 1382 nam
2066 1352 2099 1382 in
2129 1351 2294 1382 individuo
2323 1361 2389 1381 non
2413 1351 2505 1382 datur

1443 1405 1530 1428 actus
1550 1397 1684 1433 medius,
1702 1403 1738 1427 ut
1756 1396 1927 1436 superius*
1942 1396 2063 1426 dictum
2079 1403 2134 1427 est.
2151 1396 2192 1426 Et
2212 1396 2343 1426 ulterius
2363 1395 2505 1435 sequitur

1443 1443 1530 1482 quod
1547 1441 1651 1471 omnis
1675 1440 1817 1480 operatio
1837 1440 1994 1471 existentis
2010 1441 2043 1470 in
2058 1446 2187 1480 peccato
2203 1439 2340 1477 mortali,
2357 1446 2387 1470 et
2409 1439 2504 1469 etiam
2546 1442 2550 1447 '

1443 1486 1672 1526 cuiuscumque
1695 1484 1839 1520 infidelis,
1857 1484 1896 1516 sit
1920 1485 2003 1514 mala
2026 1484 2200 1514 moraliter:
2226 1484 2315 1524 quod
2338 1490 2384 1514 est
2407 1483 2504 1513 mani-

1443 1530 1520 1561 feste
1544 1536 1651 1560 contra
1675 1529 1852 1560 doctrinam
1871 1529 2019 1559 Auctoris
2032 1528 2060 1558 ὓ.

1498 1574 1565 1604 XII.
1582 1574 1613 1605 Si
1636 1580 1743 1604 autem
1767 1579 1898 1612 negatur
1921 1573 2001 1603 hanc
2025 1582 2091 1602 esse
2114 1572 2322 1603 intentionem
2346 1570 2502 1607 Auctoris,

1443 1619 1579 1649 occurrit
1601 1618 1634 1648 in
1649 1617 1759 1658 primis
1778 1617 1950 1657 Gregorius
1965 1617 2005 1647 de
2020 1616 2176 1652 Arimino,
2192 1616 2225 1646 in
2240 1616 2312 1646 loco
2329 1615 2461 1654 allegato
2476 1615 2502 1651 *,

1443 1673 1582 1693 asserens
1606 1673 1628 1693 s.
1646 1661 1809 1692 Thomam
1825 1661 1857 1691 in
1876 1661 1937 1691 hoc
1953 1667 1983 1691 et
2002 1661 2206 1702 sequentibus
2221 1659 2358 1690 articulis
2380 1659 2505 1689 duobus

1443 1707 1504 1737 hoc
1527 1706 1649 1737 sentire.
1674 1706 1749 1736 Non
1773 1705 1888 1736 desunt
1914 1715 2044 1746 quoque
2070 1704 2257 1735 Thomistae
2280 1704 2312 1734 id
2333 1703 2504 1734 firmantes.

1444 1752 1485 1781 Et
1507 1757 1634 1791 oportet
1648 1750 1805 1790 assignare
1821 1749 1898 1790 quid
1914 1749 2049 1780 intendit
2071 1751 2192 1779 Auctor
2210 1748 2242 1778 in
2257 1747 2318 1778 hoc
2332 1748 2414 1778 loco.
2436 1748 2505 1788 Ipse

1446 1795 1540 1831 enirn,
1556 1794 1782 1834 particulariter
1802 1794 1964 1834 inquirens
1981 1803 2020 1823 an
2036 1793 2136 1823 homo
2160 1792 2261 1833 possit
2276 1793 2394 1832 absque
2409 1791 2505 1832 gratia

1445 1839 1575 1880 aliquod
1597 1840 1721 1869 bonum
1737 1838 1847 1874 facere,
1868 1845 1904 1868 ut
1917 1844 2003 1877 patet
2018 1837 2050 1867 in
2075 1837 2167 1867 titulo
2183 1836 2278 1867 huius
2295 1836 2416 1866 articuli
2431 1846 2505 1876 pro-

1445 1883 1551 1924 posito
1567 1883 1599 1913 in
1615 1882 1770 1913 divisione
1784 1882 1988 1922 quaestionis,
2001 1881 2187 1912 determinat
2201 1881 2289 1921 quod
2305 1880 2435 1920 aliquod
2451 1881 2506 1910 bo-

1446 1938 1525 1958 num
1541 1927 1727 1967 particulare
1743 1926 1852 1962 facere,
1870 1933 1906 1956 ut
1919 1925 2082 1956 aedificare
2098 1926 2223 1961 domos,
2236 1925 2376 1965 plantare
2389 1924 2506 1960 vineas,

1448 1979 1477 2003 et
1500 1971 1695 2007 huiusmodi,
1712 1977 1817 2011 potest
1840 1970 1906 2001 sine
1924 1970 2022 2010 gratia
2044 1978 2143 2000 nunc:
2168 1969 2201 1999 in
2225 1975 2306 1999 statu
2329 1975 2436 1999 autem
2452 1978 2507 1998 na-

1447 2023 1534 2047 turae
1557 2016 1694 2055 integrae
1716 2021 1840 2055 poterat
1859 2025 1915 2055 per
1931 2024 1988 2045 sua
2003 2013 2158 2045 naturalia
2177 2013 2299 2053 operari
2315 2013 2438 2043 bonum
2454 2023 2507 2042 na-

1447 2068 1535 2091 turae
1558 2070 1633 2090 suae
1656 2059 1952 2100 proportionatum,
1977 2058 2071 2099 quale
2095 2064 2141 2088 est
2163 2058 2286 2088 bonum
2309 2057 2433 2088 virtutis
2456 2067 2506 2087 ac-

1448 2105 1591 2146 quisitae.
1608 2104 1655 2134 Ex
1678 2103 1737 2134 hac
1752 2113 1891 2144 namque
1913 2102 2085 2133 differentia
2100 2101 2279 2132 manifestat
2298 2101 2508 2131 intentionem

1449 2159 1539 2179 suam
1569 2158 1635 2179 esse
1667 2148 1756 2188 quod
1785 2148 1885 2178 homo
1913 2147 1946 2177 in
1974 2153 2055 2177 statu
2088 2153 2216 2176 naturae
2247 2152 2411 2185 corruptae
2441 2155 2508 2175 non

1448 2199 1553 2234 potest
1574 2202 1630 2233 per
1652 2202 1710 2222 sua
1732 2191 1885 2222 naturalia
1912 2192 2035 2221 bonum
2059 2189 2338 2230 proportionatum
2362 2196 2504 2225 naturae,

1448 2237 1541 2278 quale
1564 2243 1611 2267 est
1633 2237 1756 2266 bonurn
1778 2235 1901 2266 virtutis
1924 2235 2103 2276 acquisitae.

1503 2281 1586 2312 XIII.
1611 2280 1800 2320 Simpliciter
1823 2285 1929 2310 autem
1953 2279 2088 2309 dubium
2111 2284 2157 2308 est
2176 2277 2253 2319 quid
2272 2278 2445 2308 tenendum
2469 2277 2509 2307 sit

1449 2327 1487 2356 de
1510 2326 1568 2356 hac
1600 2323 1803 2365 quaestione:
1824 2323 1941 2354 scilicet
1963 2333 2004 2353 an
2027 2323 2127 2353 homo
2151 2322 2184 2352 in
2213 2328 2294 2352 statu
2324 2322 2384 2352 isto
2409 2321 2510 2361 possit

1448 2380 1503 2410 per
1526 2379 1582 2400 sua
1598 2368 1750 2399 naturalia
1769 2367 1869 2398 facere
1885 2374 1991 2398 actum
2008 2367 2169 2397 moraliter
2186 2367 2318 2396 bonum.
2335 2365 2506 2406 Gregorius

1448 2414 1605 2454 siquidem
1629 2413 1668 2443 de
1690 2412 1847 2448 Arimino,
1864 2412 1897 2442 in
1910 2412 1984 2442 loco
2009 2411 2151 2451 allegato,
2172 2417 2257 2441 tenet
2273 2416 2393 2450 partem
2417 2419 2507 2450 nega-

1447 2459 1553 2494 tivam,
1578 2467 1614 2487 ex
1637 2456 1745 2487 multis
1770 2456 2017 2492 auctoritatibus,
2044 2462 2075 2486 et
2097 2465 2161 2485 una
2183 2454 2303 2485 ratione
2331 2454 2505 2494 potissime.

1448 2503 1493 2533 Ita
1516 2501 1614 2542 quod,
1635 2507 1792 2542 quantum
1810 2501 1850 2530 ad
1865 2506 2063 2540 praesentem
2082 2505 2201 2539 spectat
2223 2498 2400 2534 articulum,
2421 2507 2507 2538 prae-

1447 2554 1494 2577 ter
1517 2545 1726 2581 auctoritates,
1750 2554 1832 2585 quae
1855 2554 1919 2574 una
1941 2544 2045 2583 glossa
2068 2543 2242 2573 fortesunt
2257 2549 2435 2572 contentae:
2453 2542 2510 2572 sci-

1448 2591 1519 2621 licet
1542 2589 1631 2630 quod
1654 2589 1832 2630 loquuntur
1847 2589 1886 2618 de
1909 2589 1996 2618 bono
2013 2594 2084 2618 actu
2107 2587 2254 2617 reddente
2274 2586 2437 2616 hominem
2454 2587 2509 2616 bo-

1449 2645 1528 2665 num
1552 2633 1734 2674 simpliciter
1755 2633 1789 2663 in
1812 2632 1923 2663 ordine
1946 2633 1986 2662 ad
2008 2632 2106 2662 vitam
2129 2637 2302 2666 aeternam,
2327 2637 2358 2661 et
2381 2640 2446 2660 non
2471 2630 2509 2659 de

1448 2681 1535 2710 bono
1560 2688 1639 2718 pure
1661 2677 1774 2707 morali
1797 2676 1878 2707 infra
1899 2676 2015 2715 limites
2038 2683 2176 2711 naturae,
2193 2674 2346 2716 quoniam
2368 2674 2429 2704 tale
2445 2683 2510 2703 non

1448 2723 1550 2754 reddit
1572 2722 1737 2752 hominem
1766 2721 1799 2751 in
1823 2721 1933 2751 ordine
1957 2721 1996 2750 ad
2027 2720 2191 2751 caelestem
2221 2718 2354 2759 patriam
2387 2719 2510 2748 bonum

1449 2767 1642 2807 simpliciter,
1669 2766 1722 2796 sed
1746 2765 1922 2795 secundum
1945 2764 2022 2805 quid
2047 2763 2094 2806 (et
2118 2764 2143 2794 si
2166 2763 2227 2793 hoc
2258 2762 2438 2792 advertisset
2460 2762 2511 2792 hic

1451 2813 1570 2847 doctor,
1588 2821 1653 2840 non
1669 2816 1793 2841 tantum
1806 2819 1838 2839 se
1851 2809 1881 2839 in
1896 2808 2132 2839 auctoritatibus
2149 2805 2337 2848 fundasset):
2349 2824 2369 2828 -
2379 2812 2508 2846 praeter,

1449 2856 1591 2897 inquam,
1616 2854 1825 2889 auctoritates,
1841 2853 1873 2883 in
1896 2853 1996 2883 tribus
2018 2862 2089 2892 pars
2113 2851 2255 2891 negativa
2278 2850 2438 2880 fundatur.

1506 2899 1670 2935 Primofin
1682 2897 1862 2928 infirmitate
1874 2904 2012 2928 naturae.
2025 2896 2109 2933 Quia
2121 2906 2202 2936 opus
2218 2894 2376 2925 moraliter
2387 2895 2511 2925 bonum

1452 2951 1498 2975 est
1520 2943 1686 2984 proprium
1703 2952 1785 2982 opus
1809 2948 1938 2971 naturae
1954 2941 2107 2980 integrae:
2134 2947 2164 2970 et
2187 2949 2242 2979 per
2257 2939 2319 2969 hoc
2339 2937 2439 2969 differt
2455 2948 2510 2968 na-

1452 2995 1522 3019 tura
1546 2994 1693 3027 corrupta
1716 2987 1754 3016 ab
1778 2986 1907 3025 integra.

1507 3032 1664 3067 Secundo,
1689 3031 1721 3060 in
1746 3029 1978 3060 circumstantia
2001 3029 2105 3059 ultimi
2128 3027 2197 3057 finis
2221 3026 2386 3058 cuiuslibet
2408 3033 2511 3057 actus:

1453 3076 1527 3116 quia
1543 3075 1658 3106 scilicet
1680 3084 1746 3104 non
1769 3073 1804 3104 fit
1822 3080 1952 3113 propter
1966 3073 2071 3103 Deum
2087 3078 2216 3112 propter
2234 3071 2375 3111 seipsum
2396 3071 2511 3102 Deum,

1453 3121 1502 3150 Ad
1519 3120 1608 3160 quod
1622 3125 1728 3149 tamen
1745 3117 1918 3157 obligatur:
1943 3117 2138 3157 quicumque
2157 3115 2243 3146 enim
2259 3115 2291 3145 in
2306 3125 2512 3156 quocumque

1451 3164 1545 3194 habet
1568 3163 1666 3193 alium
1689 3162 1839 3192 ultimum
1866 3160 1963 3191 finem
1991 3171 2089 3201 quam
2117 3161 2223 3191 Deum
2253 3165 2382 3200 propter
2404 3159 2512 3199 ipsum

1452 3208 1573 3243 Deum,
1599 3206 1762 3237 manifeste
1784 3211 1901 3245 peccat.
1933 3205 1974 3235 Et
1997 3205 2076 3236 hanc
2105 3203 2371 3235 circumstantiam
2402 3204 2512 3234 saltem

1450 3250 1583 3282 deficere
1612 3250 1716 3291 inquit
1746 3249 1917 3289 Gregorius
1947 3249 1979 3279 in
2009 3249 2128 3280 actibus
2156 3258 2234 3288 pure
2263 3247 2457 3279 naturalibus
2480 3247 2513 3277 in

1452 3302 1534 3326 statu
1557 3301 1629 3325 isto.
2203 3319 2211 3324 .

1507 3338 1627 3374 Tertio,
1642 3338 1675 3368 in
1689 3338 1818 3368 victoria
1833 3337 2054 3368 tentationum.
2078 3337 2162 3374 Quia
2178 3336 2328 3374 mundus,
2346 3345 2428 3372 caro,
2445 3336 2515 3365 dae-

1453 3382 1561 3413 monia
1585 3382 1706 3412 diversa
1729 3389 1859 3412 movent
1882 3381 2011 3422 praelia,
2037 3388 2067 3412 et
2090 3390 2219 3421 egemus
2244 3380 2400 3411 adiutorio
2429 3379 2513 3409 illius

1452 3437 1470 3457 a
1494 3437 1560 3467 quo
1585 3427 1758 3467 petendum
1781 3433 1845 3462 est,
1873 3426 1916 3456 Ee
1940 3435 1980 3456 ne
2002 3435 2059 3456 nos
2082 3425 2216 3455 inducas
2239 3425 2271 3454 in
2294 3425 2508 3455 tentationem.

1452 3471 1551 3508 Quod
1575 3481 1640 3501 non
1664 3477 1744 3501 esset
1767 3470 1950 3511 simpliciter
1972 3469 2192 3505 necessarium,
2217 3468 2242 3498 si
2259 3479 2295 3498 ex
2318 3468 2404 3508 puris
2428 3475 2515 3497 natu-

1454 3515 1570 3546 ralibus
1592 3522 1698 3545 actum
1722 3514 1882 3545 moraliter
1903 3515 2027 3545 bonum
2050 3513 2150 3544 facere
2173 3523 2349 3553 possemus.

2533 348 2542 356 '¹
2558 346 2594 368 ef.
2610 352 2672 368 num.
2689 353 2715 368 ιι.

2531 651 2539 658 ¹
2557 649 2625 671 Num.
2641 655 2677 676 ιιι,
2688 655 2719 670 νι.

2532 962 2540 970 ”
2550 960 2597 988 Qu.
2604 967 2691 988 Lxxxu,
2698 965 2740 983 art.

2530 993 2550 1015 3,
2567 987 2700 1009 Comment.
2718 994 2740 1009 n.

2532 1401 2541 1409 ·
2557 1399 2605 1426 Qu.
2619 1405 2686 1425 xviii,
2698 1402 2740 1421 art.

2530 1532 2539 1541 ⁶
2555 1531 2585 1552 11·
2601 1530 2648 1557 11⁰,
2664 1536 2702 1557 qu.
2718 1536 2740 1556 x,

2531 1561 2573 1579 art.
2587 1564 2610 1583 4.

2532 1620 2541 1627 ⁶
2557 1617 2592 1639 Cf.
2604 1621 2644 1639 art.
2657 1622 2741 1644 praec..

2532 1644 2665 1666 Comment.
2678 1650 2742 1665 num.

2531 1677 2556 1691 n.
2573 1681 2584 1685 -
2599 1670 2706 1697 Gregor„
2722 1670 2742 1691 II

2531 1697 2604 1723 Sent„
2615 1697 2666 1718 dist.
2678 1702 2742 1723 xxvi,

2531 1729 2603 1749 xxvii,
2614 1729 2694 1748 xxvm,
2703 1729 2742 1750 qu.

2532 1756 2548 1775 1,
2560 1754 2602 1771 an.
2614 1756 2628 1775 1,
2640 1749 2741 1770 concl.1.
