2840 4010
100 1140 108 1147 ·
125 1138 180 1165 Cap.
196 1144 229 1163 ix,
245 1144 267 1159 n.
284 1144 313 1166 9,

99 1171 154 1212 '13³—
165 1165 189 1186 S.
200 1164 244 1186 Th.
259 1165 311 1186 lect.

104 1411 114 1420 ‘
130 1409 176 1436 Qu.
191 1415 278 1431 mxu.

101 1673 112 1683 ⁸
121 1672 168 1699 Qu.
178 1678 255 1700 mum,
271 1674 312 1692 art.

103 1705 118 1725 ι,
134 1704 153 1720 2.

103 1831 110 1839 '¹
118 1829 205 1850 Homil.
211 1828 252 1850 XI.
260 1840 270 1844 -
277 1828 312 1850 Cf.

104 1854 312 1885 Moral.lib3XXV‚

102 1888 153 1929 {ap
173 1888 207 1909 ix,
228 1887 251 1903 m
267 1885 312 1903 vet.

199 1988 215 2004 α

103 2257 111 2265 ·
125 2253 172 2281 Qu.
182 2260 260 2282 xcvm,
271 2258 312 2276 art.

103 2287 124 2309 5.

973 170 1236 216 QUAESTIO
1267 168 1495 215 LXXXVII,
1525 169 1820 206 ARTICULUS
1849 172 1880 207 11

1010 272 1340 303 Commentaria
1363 271 1611 303 cardinalis,
1634 271 1832 304 Caietam

373 363 392 382 N
420 353 549 383 articulo
580 353 682 392 primo
715 352 906 392 quaestionis
935 350 1316 390 octogesimaeseptimae‚
1346 350 1399 380 ad-

346 364 456 426 Iverte
485 397 572 436 quod
595 400 724 429 Auctor,
754 396 786 425 in
811 405 942 434 corpore
969 394 1089 424 articuli
1113 394 1221 424 locans
1245 401 1397 430 extrema,

342 440 479 470 insinuat
492 440 643 475 medium,
658 440 745 479 quod
759 439 871 468 directe
888 438 1035 468 satisfacit
1048 438 1202 478 quaesito.
1217 437 1302 468 Cum
1314 438 1399 468 enim

342 491 502 523 peccatur,
528 493 628 513 unum
653 490 826 512 extremum
852 488 898 511 est
921 491 1009 520 agere
1034 489 1143 512 contra
1171 481 1330 518 ordinem;
1356 483 1398 512 al-

341 534 455 562 terum,
473 527 604 566 deprimi
625 527 662 556 ab
679 525 798 555 ordine.
820 525 900 555 Illud
918 533 963 555 est
979 534 1120 565 peccare;
1140 525 1201 556 hoc
1221 533 1267 556 est
1282 526 1396 566 puniri.

1453 351 1493 381 Et
1516 351 1669 391 quoniam
1693 351 1752 381 nisi
1776 361 1811 382 ex
1835 359 1963 391 peccato
1987 352 2100 392 dignus
2125 361 2204 384 esset
2224 355 2294 394 quis
2311 355 2424 395 puniri,
2442 363 2508 385 non

1452 394 1532 425 iuste
1549 395 1726 435 puniretur;
1747 395 1819 425 ideo
1836 396 1896 425 hoc
1911 396 2061 431 medium,
2079 397 2194 427 scilicet
2210 398 2340 437 dignum
2352 409 2418 429 esse
2431 409 2508 439 poe-

1453 449 1506 475 na,
1532 439 1620 479 quod
1644 446 1746 469 reatus
1770 446 1916 475 vocatur,
1943 440 1980 469 de
2005 450 2070 480 quo
2095 446 2141 470 est
2168 441 2310 481 quaestio
2339 450 2446 473 utrum
2471 442 2510 472 sit

1453 483 1571 522 peccati
1595 482 1730 518 effectus,
1755 483 1787 512 in
1812 493 1943 523 corpore
1968 483 2088 514 articuli
2112 494 2148 514 ex
2165 485 2308 515 extremis
2323 488 2443 517 Auctor
2462 487 2509 516 in·

1452 526 1530 562 nuit,
1556 533 1586 557 et
1608 526 1640 556 in
1664 527 1870 567 responsione
1895 527 1933 557 ad
1957 527 2134 558 secundum
2158 528 2331 568 explicavit.

1294 611 1377 618 Q
1382 612 1502 619 rxxmx»
1507 613 1556 619 Μ

1101 677 1416 720 ARTICULUS
1447 678 1744 719 SECUNDUS

880 770 1034 818 uTRUM
1059 769 1295 801 PECCATUM
1318 770 1465 801 possm
1489 770 1588 800 EssE
1612 769 1756 800 POENA
1779 770 1963 802 PECCATI

525 848 534 872 1
555 848 637 876 Sent„
658 847 715 872 dist.
733 855 799 879 var,
819 853 865 874 art.
887 855 910 878 2,
930 848 961 872 ad
980 855 1011 879 4;
1034 848 1061 878 Il,
1082 848 1141 872 dist.
1160 855 1241 878 xxxin,
1262 853 1308 872 art.
1329 847 1358 878 3;
1379 848 1420 872 De
1437 847 1520 876 Malo,
1541 855 1583 880 qu.
1603 855 1621 877 1,
1642 852 1687 871 art.
1707 855 1731 878 4,
1751 847 1782 871 ad
1802 855 1808 871 1
1833 855 1906 880 sqq.;
1925 849 1969 873 Ad
1986 849 2072 878 Rom„
2094 857 2149 882 cap.
2167 857 2184 880 1,
2203 850 2260 874 lect.
2279 857 2324 874 vu.

339 1137 435 1183 tutis,
457 1144 498 1173 ut
517 1146 619 1186 patet
637 1151 706 1187 per
725 1138 1015 1186 Philosophum,
1035 1137 1072 1174 in
1092 1139 1127 1174 X
1145 1138 1264 1174 Ethic.
1281 1137 1300 1159 ’¹‘
1321 1138 1396 1174 Sed

339 1201 407 1238 per
434 1199 631 1238 peccatum
657 1203 735 1227 non
756 1190 945 1227 reducitur
963 1191 1080 1226 homo
1101 1190 1139 1226 in
1159 1191 1304 1227 bonurn
1323 1190 1397 1227 vir-

339 1243 437 1288 tutis,
468 1243 535 1279 sed
563 1243 600 1279 in
629 1244 860 1292 oppositum.
892 1243 993 1290 Ergo
1023 1250 1223 1291 peccatum
1243 1255 1322 1280 non
1342 1251 1398 1280 est

338 1307 466 1343 poena
493 1295 649 1344 peccati.

395 1359 429 1384 2.
446 1349 677 1395 PRAETEREA‚
693 1360 842 1397 poenae
858 1348 976 1384 iustae
992 1355 1078 1390 sunt
1092 1360 1114 1384 a
1129 1348 1226 1395 Deo,
1242 1355 1284 1384 ut
1296 1355 1398 1396 patet

339 1413 407 1449 per
426 1401 688 1448 Augustinum,
710 1401 747 1437 in
767 1401 861 1437 libro
882 1401 1079 1450 Octoginta
1094 1401 1206 1437 trium
1225 1401 1397 1443 Quaem*

339 1455 543 1490 Peccatum
573 1462 700 1490 autem
726 1466 804 1490 non
833 1461 888 1490 est
907 1466 928 1490 a
948 1454 1045 1501 Deo,
1074 1461 1109 1490 et
1129 1461 1182 1490 est
1205 1453 1396 1491 iniustum.

341 1507 432 1543 Non
461 1518 550 1554 ergo
579 1514 779 1555 peccatum
807 1514 931 1554 potest
955 1519 1036 1542 esse
1061 1518 1187 1554 poena
1213 1507 1370 1554 peccati.

396 1560 430 1595 3.
456 1560 689 1606 PRAETEREA,
720 1559 767 1596 de
795 1559 939 1596 ratione
967 1571 1116 1607 poenae
1146 1567 1201 1596 est
1230 1560 1334 1608 quod
1353 1559 1399 1596 sit

341 1620 471 1648 contra
498 1613 748 1649 voluntatem.
789 1613 866 1649 Sed
897 1620 1096 1660 peccatum
1132 1619 1188 1648 est
1215 1624 1237 1648 a
1264 1613 1400 1649 volun-

340 1672 426 1711 tate,
443 1672 484 1701 ut
503 1677 548 1701 ex
568 1665 789 1713 supradictis
804 1665 824 1686 ²¹⁶
842 1673 956 1713 patet.
979 1666 1079 1712 Ergo
1099 1672 1299 1713 peccatum
1320 1677 1398 1702 non

340 1725 465 1766 potest
494 1730 576 1754 esse
605 1730 730 1766 poena
757 1718 914 1766 peccati.

395 1771 468 1807 SED
502 1782 647 1808 CONTRA
675 1783 742 1807 EST
771 1771 875 1818 quod
907 1771 1113 1818 Gregorius
1143 1770 1254 1816 dicit,
1287 1782 1400 1818 super

339 1824 472 1872 Ezech.
502 1824 541 1870 ²⁸,
578 1824 683 1871 quod
722 1823 911 1872 quaedam
940 1830 1096 1871 peccata
1128 1831 1214 1859 sunt
1250 1835 1399 1871 poenae

339 1884 495 1925 peccatl.

395 1930 618 1966 RESPONDEO
651 1941 834 1966 DICENDUM
864 1930 967 1977 quod
997 1929 1044 1969 de
1064 1935 1220 1976 peccato
1246 1928 1419 1977 duplici--

340 1989 396 2018 ter
414 1982 518 2030 loqui
538 1994 764 2030 possumus:
786 1994 852 2030 per
872 1994 911 2018 se
932 1987 960 2028 α,
982 1989 1018 2018 et
1036 1993 1105 2029 per
1124 1981 1311 2018 accidens,
1328 1982 1400 2018 Per

341 2047 381 2071 se
396 2035 551 2083 quidem
568 2035 669 2071 nuno
686 2035 803 2072 modo
819 2041 1019 2083 peccatum
1035 2041 1159 2082 potest
1178 2046 1260 2071 esse
1274 2046 1400 2082 poena

339 2087 495 2135 peccati.
512 2088 715 2124 Peccatum
736 2087 836 2124 enirn
851 2099 919 2135 per
938 2100 978 2124 se
994 2087 1253 2124 consideratur
1268 2099 1401 2124 secun-

342 2140 434 2177 dum
463 2141 567 2188 quod
592 2140 779 2188 egreditur
807 2153 828 2176 a
847 2140 1060 2176 voluntate:
1092 2139 1144 2176 sic
1165 2139 1267 2176 enirn
1287 2140 1401 2177 habet

340 2193 528 2230 rationem
567 2194 711 2241 culpae.
745 2194 804 2229 De
834 2193 978 2230 ratione
1006 2200 1133 2229 autem
1162 2205 1310 2241 poenae
1346 2201 1400 2230 est

341 2246 446 2294 quod
474 2246 519 2282 sit
548 2253 679 2283 contra
706 2246 954 2292 voluntatem,
984 2252 1025 2282 ut
1042 2245 1080 2282 in
1100 2245 1227 2282 Primo
1248 2245 1268 2267 '¹‘
1295 2245 1401 2282 habi-

340 2307 422 2336 tum
444 2306 509 2335 est.
535 2299 645 2336 Unde
675 2298 916 2335 manifestum
939 2306 993 2335 est
1013 2298 1118 2346 quod
1142 2298 1245 2335 nullo
1269 2298 1400 2346 modo,

341 2364 410 2400 per
446 2364 486 2388 se
522 2352 734 2399 loquendo,
768 2360 967 2400 peccatum
999 2358 1124 2400 potest
1161 2363 1242 2388 esse
1275 2363 1402 2399 poena

342 2404 498 2453 peccati.

397 2458 469 2493 Per
497 2457 671 2494 accidens
710 2465 838 2494 autern
874 2464 1074 2505 peccatum
1112 2463 1237 2504 potest
1276 2468 1358 2493 esse
1386 2454 1401 2485 β

341 2522 468 2558 poena
487 2510 643 2558 peccati,
664 2510 866 2558 tripliciter.
887 2509 1016 2546 Primo
1038 2509 1206 2557 quidem,
1228 2521 1273 2545 ex
1296 2515 1402 2557 parte

344 2575 480 2599 causae
501 2575 600 2610 quae
629 2570 684 2599 est
712 2562 872 2599 remotio
902 2562 1147 2611 prohibentis.
1174 2563 1270 2598 Sunt
1299 2561 1401 2598 enim

344 2627 480 2652 causae
508 2615 729 2652 inclinantes
754 2615 802 2652 ad
822 2623 1022 2664 peccatum
1049 2614 1257 2663 passiones,
1284 2621 1401 2651 tenta-

342 2668 394 2705 tio
415 2668 566 2714 diaboli,
587 2676 624 2705 et
650 2668 722 2705 alia
745 2668 983 2713 huiusmodi;
1004 2680 1102 2715 quae
1132 2667 1286 2716 quidem
1316 2679 1403 2703 cau-

344 2733 407 2758 sae
447 2721 705 2769 impediuntur
736 2733 804 2769 per
841 2721 1019 2757 auxilium
1059 2720 1207 2757 divinae
1243 2719 1400 2767 gratiae,

344 2786 441 2823 quae
475 2774 704 2810 subtrahitur
731 2786 799 2822 per
826 2782 1035 2822 peccatum.
1061 2773 1172 2810 Unde
1206 2785 1293 2809 cum
1322 2772 1403 2820 ipsa

1451 926 1653 963 subtractio
1682 925 1820 973 gratiae
1849 926 1894 963 sit
1921 928 2111 976 quaedam
2135 941 2273 977 poena,
2296 937 2332 966 et
2359 942 2382 966 a
2409 930 2507 977 Deo,

1450 987 1492 1016 ut
1519 991 1632 1027 supra
1659 978 1679 999 ²⁸
1708 979 1850 1015 dictum
1877 987 1952 1025 est;
1983 981 2149 1029 sequitur
2176 983 2280 1030 quod
2313 995 2383 1031 per
2415 982 2509 1019 acci-

1452 1032 1545 1068 dens
1562 1031 1672 1068 etiam
1694 1039 1893 1079 peccatum
1910 1033 2015 1079 quod
2031 1045 2075 1070 ex
2093 1034 2367 1082 hocisequitun
2383 1047 2510 1083 poena

1451 1084 1605 1122 dicatur.
1623 1085 1671 1120 Et
1685 1085 1759 1120 hoc
1774 1084 1893 1120 modo
1909 1085 2075 1132 loquitur
2088 1088 2306 1134 Apostolus,
2321 1089 2433 1125 Rom.
2450 1099 2460 1124 1
2476 1089 2508 1135 *‚

1453 1137 1601 1174 dicens:
1631 1138 1789 1184 Propter
1808 1137 1909 1185 quod
1926 1138 2078 1174 tradidit
2094 1150 2156 1175 eos
2183 1139 2287 1185 Deus
2314 1141 2351 1178 in
2372 1141 2510 1177 deside-

1452 1190 1510 1226 ria
1538 1190 1661 1226 cordis
1693 1201 1841 1235 eorum,
1872 1202 1970 1238 quae
1999 1198 2086 1227 sunt
2113 1190 2262 1228 animae
2289 1193 2508 1240 passiones:

1453 1242 1541 1290 quia
1570 1242 1706 1279 scilicet
1745 1242 1880 1279 deserti
1912 1242 2086 1280 homines
2115 1244 2162 1280 ab
2192 1244 2330 1281 auxilio
2359 1245 2509 1283 divinae

1452 1294 1611 1342 gratiae,
1641 1295 1844 1331 vincuntur
1871 1307 1894 1331 a
1921 1295 2172 1344 passionibus.
2203 1297 2252 1333 Et
2279 1297 2354 1333 hoc
2390 1298 2508 1335 modo

1452 1360 1605 1396 semper
1623 1355 1820 1396 peccatum
1850 1347 1985 1384 dicitur
2003 1361 2086 1385 esse
2105 1361 2232 1397 poena
2249 1350 2511 1398 praecedentis

1452 1400 1607 1449 peccati.
1629 1421 1652 1427 -
1672 1400 1757 1436 Alio
1787 1400 1917 1447 modo,
1941 1413 1984 1437 ex
2002 1408 2108 1450 parte
2133 1402 2363 1439 substantiae
2392 1410 2508 1450 actus,

1453 1465 1551 1502 quae
1579 1453 1821 1489 afflictionem
1851 1453 2012 1490 inducit:
2034 1454 2113 1491 sive
2142 1454 2188 1491 sit
2216 1462 2320 1492 actus
2339 1455 2508 1503 interior,

1451 1514 1493 1542 ut
1519 1513 1622 1554 patet
1649 1505 1688 1542 in
1716 1507 1769 1542 ira
1788 1511 1803 1533 Υ
1833 1514 1869 1542 et
1897 1506 2059 1552 invidia3
2090 1507 2168 1544 sive
2197 1515 2302 1545 actus
2331 1508 2508 1556 exterior,

1452 1566 1494 1595 ut
1520 1566 1622 1606 patet
1650 1571 1737 1595 cum
1757 1558 1871 1607 aliqui
1891 1559 1996 1606 gravi
2021 1560 2449 1609 laboreopprimuntur
2475 1569 2511 1598 et

1454 1611 1607 1658 damno,
1636 1619 1677 1647 ut
1706 1612 1878 1659 expleant
1901 1619 2028 1648 actum
2054 1613 2211 1661 peccati,
2231 1614 2443 1652 secundum
2469 1614 2510 1652 il-

1452 1664 1518 1701 lud
1543 1665 1629 1712 Sap.
1654 1676 1678 1700 v
1697 1664 1730 1700 *z
1760 1665 1910 1701 Lassata·
1934 1677 2062 1701 sumus
2090 1666 2127 1702 in
2154 1666 2217 1703 via
2245 1667 2509 1715 iniquitatis.-

1453 1717 1584 1753 Tertio
1605 1717 1735 1764 modo,
1757 1729 1800 1753 ex
1820 1725 1926 1766 parte
1946 1717 2182 1756 effeetus:.ut
2200 1718 2339 1756 scilicet
2357 1720 2512 1769 aliquod

1453 1777 1652 1818 peccatum
1674 1770 1816 1806 dicatur
1835 1782 1961 1818 poena
1980 1779 2154 1819 respectu
2172 1770 2185 1793 ὃ
2206 1772 2362 1809 effectus
2382 1785 2513 1818 conseq·

1454 1822 1612 1870 quentis.
1643 1823 1692 1859 Et
1710 1823 1766 1859 his
1787 1823 1939 1860 duobus
1958 1823 2098 1861 ultimis
2118 1825 2255 1871 modis,
2281 1837 2400 1863 unum
2424 1837 2512 1874 pec*

1455 1883 1581 1912 catum
1602 1888 1679 1912 non
1699 1877 1823 1912 solum
1850 1884 1906 1912 est
1924 1888 2051 1925 poena
2069 1877 2330 1926 praecedentis
2357 1878 2511 1927 peccati,

1455 1929 1521 1965 sed
1552 1928 1664 1964 etiarn
1694 1928 1762 1964 sui.
2495 1949 2498 1951 Δ

1508 1983 1565 2017 An
1582 1993 1718 2018 PRIMUM
1737 1993 1834 2018 ERGO
1854 1993 2038 2019 mCENDUM
2057 1983 2162 2031 quod
2181 1983 2256 2021 hoc
2277 1983 2388 2021 etiam
2409 1984 2514 2034 quod

1455 2033 1570 2082 aliqui
1588 2034 1794 2082 puniuntur
1814 2046 1835 2070 a
1854 2035 1951 2081 Deo,
1974 2035 2067 2072 dum
2097 2036 2278 2084 permittit
2304 2049 2371 2073 eos
2390 2036 2513 2075 inali-

1455 2099 1530 2134 qua
1558 2094 1713 2134 peccata
1735 2087 1938 2135 profluere,
1960 2088 2008 2125 ad
2031 2088 2180 2126 bonurn
2199 2088 2346 2127 virtutis
2365 2089 2513 2130 ordinae

1455 2147 1524 2176 tur.
1547 2139 1790 2187 Quandoque
1819 2140 1975 2188 quidem
2006 2141 2118 2178 etiarn
2142 2141 2314 2190 ipsorum
2342 2142 2407 2191 qui
2425 2152 2514 2191 pec-

1456 2199 1558 2229 cant:
1589 2205 1676 2228 curn
1705 2193 1842 2229 scilicet
1878 2201 1965 2241 post
1993 2201 2192 2241 peccatum
2229 2194 2449 2233 humiliores
2477 2203 2515 2238 et

1456 2245 1641 2281 cautiores
1670 2253 1878 2292 resurgunt.
1910 2247 2072 2295 Semper
2092 2250 2221 2286 autern
2241 2255 2298 2284 est
2316 2248 2363 2285 ad
2385 2242 2513 2287 emens

1457 2298 1648 2334 dationem
1674 2298 1845 2345 aliorum,
1876 2300 1940 2347 qui
1967 2299 2141 2337 videntes
2169 2300 2316 2348 aliquos
2337 2313 2445 2338 ruere
2466 2301 2512 2339 de

1454 2358 1612 2399 peccato
1629 2351 1667 2388 in
1681 2359 1894 2399 peccatum,
1911 2352 2030 2400 magis
2045 2353 2292 2391 reformidant
2305 2365 2476 2402 peccare.
2488 2374 2512 2383 -

1456 2405 1498 2440 In
1533 2403 1611 2440 aliis
1648 2411 1776 2440 autem
1810 2404 1962 2441 duobus
1999 2405 2145 2452 modis,
2183 2406 2425 2444 manifestum
2457 2412 2514 2445 est

1457 2456 1560 2505 quod
1593 2469 1718 2504 poena
1756 2457 1950 2494 ordinatur
1983 2458 2032 2495 ad
2066 2458 2394 2496 emendationem:
2424 2459 2513 2508 quia

1455 2510 1529 2546 hoc
1557 2509 1680 2557 ipsum
1712 2510 1816 2557 quod
1844 2511 1963 2546 homo
1992 2511 2163 2547 laborem
2188 2519 2225 2548 et
2243 2511 2512 2551 detrimentum

1456 2561 1594 2610 patitur
1613 2562 1649 2598 in
1668 2563 1877 2610 peccando,
1898 2570 2029 2600 natum
2050 2571 2106 2600 est
2128 2565 2317 2601 retrahere
2336 2565 2512 2603 homines

1457 2627 1479 2651 a
1506 2623 1662 2663 peccato
1682 2615 1712 2652 ²⁸.

1503 2669 1567 2707 ‚Ao
1597 2680 1785 2704 SECUNDUM
1810 2680 1995 2706 mCENDUM
2024 2669 2129 2717 quod
2149 2669 2242 2706 ratio
2262 2670 2324 2707 illa
2342 2670 2514 2718 procedit

1457 2720 1504 2757 de
1532 2728 1688 2768 peccato
1718 2722 1928 2758 secundum
1958 2734 2009 2758 se.

1511 2773 1559 2808 Et
1588 2773 1754 2809 similiter
1783 2774 1987 2811 dicendum
2008 2782 2063 2811 est
2086 2775 2135 2812 ad
2162 2775 2323 2813 tertium.

397 2888 424 2920 α)
444 2895 479 2913 se.
497 2901 515 2907 —
532 2887 630 2912 scilicet
649 2888 746 2912 addunt
764 2887 809 2913 Pa.

398 2922 422 2955 β)
443 2930 505 2948 esse.
523 2937 541 2942 ·—
559 2923 640 2948 etiam
659 2930 714 2948 esse
733 2923 761 2947 P.

1429 2885 1432 2951 ι
1510 2886 1536 2918 γ)
1558 2886 1609 2911 ἱνα.
1627 2900 1646 2905 -
1665 2887 1722 2918 ipsa
1742 2888 1783 2912 ira
1803 2888 1850 2913 Pa.

1511 2920 1535 2952 ὃ)
1551 2925 1702 2953 respectu.—
1714 2929 1750 2947 ex
1758 2926 1839 2955 parte
1849 2923 2009 2947 ABCGH1.-
2020 2923 2069 2947 Pro
2082 2923 2124 2952 Et,
2137 2923 2182 2947 Ex
2195 2923 2395 2954 ABCDEFGIL.
2407 2923 2460 2949 Sed
2470 2923 2516 2949 Pa.

1019 2991 1348 3024 Commeat-,aria
1372 2988 1620 3022 Cardinalis
1641 2991 1840 3025 Caietam

376 3082 395 3102 x
424 3072 554 3102 articulo
582 3072 721 3102 secundo
750 3071 891 3102 eiusdem
921 3070 1284 3111 octogesimaeseptimae
1312 3079 1406 3110 quae-

349 3084 496 3152 Istionis,
525 3116 658 3146 dubium
681 3115 786 3156 primo
811 3115 959 3150 occurrit,
985 3114 1166 3155 simpliciter
1189 3121 1219 3144 et
1242 3114 1281 3144 ad
1304 3113 1407 3143 horni-

348 3169 431 3195 nem,
455 3170 494 3189 an
517 3160 709 3190 inordinatio
733 3170 814 3200 quae
839 3166 884 3190 est
908 3158 1112 3190 essentialiter
1138 3159 1261 3188 malum
1285 3158 1406 3197 culpae,

349 3203 387 3232 sit
410 3213 522 3242 poena.
546 3204 586 3233 Et
610 3204 790 3243 simpliciter
813 3203 942 3244 quidem
966 3203 1099 3233 dubium
1119 3210 1165 3233 est
1187 3212 1225 3232 ex
1247 3201 1353 3238 Scoto,
1373 3202 1406 3232 in

348 3256 438 3276 xxxw
461 3247 658 3277 distinctione
682 3247 826 3284 Secundi,
845 3247 905 3278 hoc
928 3254 1068 3283 tenente,
1089 3257 1126 3277 ex
1145 3256 1182 3277 eo
1199 3247 1286 3287 quod
1303 3256 1406 3286 poena

349 3289 521 3319 formaliter
533 3297 579 3320 est
593 3292 726 3321 carentia
739 3291 814 3322 boni
831 3291 1044 3322 convenientis
1059 3290 1215 3321 voluntati
1231 3297 1260 3321 et
1271 3290 1405 3321 volenti:

350 3334 403 3363 sed
425 3333 557 3372 privatio
585 3335 775 3365 rectitudinis
799 3335 921 3365 debitae
944 3335 977 3364 in
1001 3341 1071 3365 actu
1093 3334 1275 3370 voluntatis,
1293 3341 1339 3364 est
1359 3344 1407 3364 ca-

350 3376 448 3406 rentia
464 3377 539 3407 boni
557 3378 785 3408 convenientis:
804 3389 888 3418 ergo.
906 3379 1061 3409 Probatur
1076 3379 1197 3409 minor:
1218 3378 1292 3419 quia
1307 3378 1407 3418 magis

351 3420 539 3450 conveniens
562 3428 608 3450 est
630 3421 785 3452 voluntati
808 3423 930 3452 bonurn
947 3423 1118 3453 honesturn
1141 3432 1238 3463 quam
1262 3432 1406 3453 commo-

351 3464 438 3495 dum.
463 3482 483 3487 -
507 3464 546 3494 Et
570 3463 781 3495 confirmatur.
809 3466 891 3502 Quia
924 3466 1039 3497 ablatio
1064 3466 1139 3497 boni
1169 3466 1332 3497 commodi
1361 3473 1406 3497 est

1431 3069 1434 3110 Ι
1461 3069 1643 3110 simpliciter
1665 3080 1778 3110 poena.
1803 3071 1886 3112 Ergo
1904 3072 2003 3111 magis
2029 3078 2058 3102 et
2082 3072 2183 3102 maior
2204 3082 2310 3113 poena
2333 3080 2379 3104 est
2401 3073 2516 3105 ablatio

1460 3113 1535 3143 boni
1552 3113 1642 3144 iusti:
1667 3122 1787 3155 quanto
1804 3115 1904 3155 magis
1928 3115 2076 3146 convenit
2098 3116 2264 3154 voluntati,
2283 3123 2313 3148 et
2335 3117 2438 3148 maius
2461 3124 2516 3148 est.

1514 3158 1565 3188 Ad
1595 3158 1761 3189 hominem
1787 3169 1877 3195 vero,
1903 3162 2077 3190 Auctorem
2105 3160 2238 3197 scilicet,
2269 3161 2344 3201 quia
2365 3161 2514 3201 ipsemet,

1459 3201 1491 3232 in
1515 3202 1577 3242 Qq.
1602 3203 1641 3232 de
1663 3204 1765 3241 Malo,
1790 3214 1844 3244 qu.
1861 3214 1886 3240 1,
1907 3211 1963 3235 art.
1980 3213 2010 3243 4,
2032 3204 2070 3234 ad
2097 3213 2125 3240 2,
2147 3211 2282 3236 tractans
2305 3205 2384 3236 illud
2405 3207 2517 3244 Augu-

1460 3246 1532 3276 stini
1553 3243 1584 3282 *,
1609 3247 1745 3284 Iussisti,
1770 3248 1919 3285 Domine,
1943 3253 1973 3278 et
1995 3249 2041 3278 sic
2064 3253 2119 3285 est,
2146 3253 2180 3279 ut
2199 3249 2301 3280 omnis
2316 3248 2517 3287 inordinatus

1460 3291 1587 3320 animus
1602 3290 1662 3321 sibi
1680 3292 1739 3331 ipsi
1753 3293 1792 3322 sit
1802 3301 1921 3332 poena,
1939 3291 2012 3322 dicit
2028 3292 2116 3332 quod
2133 3302 2174 3323 ex
2196 3302 2232 3323 eo
2250 3292 2334 3332 quod
2355 3291 2517 3323 inordina-

1460 3335 1574 3364 tionem
1601 3335 1688 3365 illam
1714 3336 1809 3366 invite
1832 3337 1903 3376 quis
1921 3335 2154 3376 quodammodo
2163 3337 2302 3376 patitur,
2323 3336 2517 3366 immiscetur

1460 3379 1543 3408 ratio
1561 3388 1695 3418 poenae.

1516 3423 1548 3452 In
1571 3423 1757 3462 oppositum
1777 3431 1822 3454 est
1844 3423 1918 3464 quia
1942 3422 2132 3453 inordinatio
2156 3422 2208 3453 illa
2231 3429 2267 3453 ut
2288 3421 2322 3452 in
2344 3422 2516 3458 voluntate,

1461 3473 1541 3497 esset
1556 3466 1662 3506 culpa;
1676 3474 1706 3498 et
1722 3467 1815 3507 culpa
1831 3477 1886 3507 per
1898 3477 1929 3498 se
1946 3473 2024 3497 esset
2039 3476 2152 3505 poena,
2169 3465 2244 3506 quia
2257 3475 2312 3506 per
2327 3475 2359 3496 se
2372 3466 2518 3497 convenit

2537 994 2546 1002 “
2558 991 2606 1019 Qu.
2616 997 2693 1018 Lm,
2703 994 2748 1014 m.

2538 1103 2546 1112 ·
2562 1101 2629 1123 Vers.
2642 1107 2678 1128 24·

2538 1677 2549 1688 ⁵
2562 1676 2630 1699 vm.
2644 1682 2665 1704 7.

2539 2625 2548 2634 ·
2563 2623 2592 2645 D.
2607 2629 2673 2649 τοοκ,
2689 2628 2751 2651 ¹⁰97·

2544 3256 2552 3264 ·
2569 3254 2675 3282 Censen.
2686 3254 2727 3276 lib.
2735 3254 2754 3282 1,

2544 3286 2594 3308 cap.
2609 3287 2652 3303 ιιι.
