2840 4010
132 852 205 878 Qu
219 857 296 872 Lx.xlx

131 909 140 918 ·
156 908 203 934 Qu.
218 913 310 929 Lxxxiv.

131 956 191 977 ·Cf.
211 962 328 983 qu.1.xxv

130 986 172 1004 art.
188 988 207 1003 2.

127 1873 138 1884 '
154 1872 279 1899 Qu.1.xxv‚
295 1875 339 1894 art.

128 2084 139 2094 '⁶
151 2083 198 2111 Qu.
208 2089 286 2111 uxrv,
297 2086 339 2105 art.

126 2345 208 2394 ’ρεεὸἓ
211 2352 339 2398 ’ώῗνὲ“νι,.,

127 2399 167 2420 lib.
171 2398 211 2425 111,
217 2405 268 2426 cap.
274 2404 340 2420 xvui.

209 2510 242 2529 iv
248 2510 271 2525 n.
278 2510 293 2531 1,
301 2504 341 2526 6.-

230 2531 282 2552 lect.
297 2537 340 2557 vn,

128 2503 210 2552 ἐπὶ

377 185 421 220 52
1045 185 1309 230 QUAESTIO
1340 184 1514 231 LXXVI,
1544 185 1839 223 ARTICULUS
1868 188 1881 223 I

771 407 1182 485 QUAESTIO
1220 407 2150 466 SEPTUAGESIMASEXTA

949 526 1032 565 DE
1066 524 1281 566 CAUSIS
1314 525 1572 566 PECCATI
1605 527 1665 567 IN
1699 526 1974 596 SPECIALIv
2139 520 2142 523 ’

1154 642 1188 667 ΙΝ
1218 641 1390 672 QUATUOR
1416 642 1617 667 ARTICULOS
1645 643 1760 668 DIVISA

317 748 560 830 vvDEiNDE
600 735 920 773 considerandum
957 743 1012 772 est
1049 736 1095 772 de
1130 735 1252 772 causis
1284 734 1429 783 peccati

132 792 254 840 Intfquu
270 798 314 813 Lxx

453 790 488 827 in
515 789 666 838 speciali
685 789 716 826 ²⁸.
744 790 792 826 Et
819 789 956 837 prim0,
983 790 1029 825 de
1050 788 1170 824 causis
1190 787 1428 824 interioribus

369 843 533 892 peecati;
567 842 753 889 secundo,
793 841 840 879 de
879 841 1126 878 exterioribus
1150 840 1187 886 *3
1221 840 1346 886 tertio,
1382 841 1428 877 de

369 896 533 945 peccatis
561 908 658 944 quae
688 902 775 932 sunt
804 906 917 931 causa
941 894 1102 930 aliorum
1131 900 1377 941 peccatorum
1396 892 1427 930 ³¹⁶.

335 949 495 986 Prima
510 957 639 986 autem
660 947 923 993 consideratio,
941 947 1153 983 secundum
1173 946 1382 994 praemissa
1396 945 1428 992 ²¹⁶,

370 1002 438 1039 erit
465 1001 663 1051 tripartita:
685 1013 774 1038 nam
802 1000 938 1048 primo,
970 1007 1101 1046 agetur
1130 998 1177 1035 de
1205 998 1428 1046 ignorantia,

369 1068 478 1105 quael
497 1063 552 1092 est
581 1066 694 1091 causa
722 1053 866 1102 peccati
897 1064 940 1088 ex
959 1060 1064 1100 parte
1094 1051 1266 1096 rationis;
1296 1063 1429 1087 secun-

370 1109 439 1156 do,
471 1108 516 1145 de
545 1107 762 1144 infirmitate
791 1118 857 1142 seu
885 1105 1075 1153 passione,
1106 1116 1202 1153 quae
1233 1111 1287 1140 est
1316 1116 1430 1140 causa

1481 735 1627 783 peccati
1656 747 1699 771 ex
1729 744 1834 783 parte
1864 738 2050 786 appetitus
2079 738 2246 776 sensitivi
2266 739 2305 784 *;
2335 739 2463 787 tertio,
2494 740 2543 778 de
2571 750 2581 759 ·
2598 749 2746 777 ‹zu-mvn-

1483 787 1641 835 malitia,
1672 800 1770 836 quae
1800 796 1856 826 est
1884 802 1998 827 causa
2026 791 2170 839 peccati
2199 803 2244 828 ex
2272 799 2378 841 parte
2406 793 2544 830 volun-

1483 841 1568 877 tatis
1587 840 1618 878 ²¹².

1484 893 1593 930 Circa
1621 893 1789 941 primum
1818 902 2050 941 quaeruntur
2079 904 2252 944 quatuor.

1536 946 1688 983 Primo:
1716 954 1844 983 utrum
1873 946 2082 994 ignorantia
2111 949 2157 986 sit
2186 962 2300 987 causa
2326 951 2481 999 peccati.

1537 999 1736 1036 Secundo:
1766 1006 1892 1036 utrum
1921 999 2133 1047 ignorantia
2161 1002 2207 1038 sit
2232 1010 2445 1050 peccatum.

1537 1051 1689 1088 Tertio:
1719 1059 1847 1088 utrum
1876 1052 2036 1089 totaliter
2064 1065 2086 1090 a
2113 1062 2269 1102 peccato
2300 1064 2462 1094 excuset.

1539 1105 1705 1151 Quarto:
1735 1112 1863 1141 utrum
1893 1105 2079 1142 diminuat
2106 1114 2315 1155 peccatum.

2571 850 2580 859 ·
2597 848 2645 877 Qu.
2658 855 2756 871 mnu.

1179 1212 1496 1254 ARTICULUS
1527 1212 1733 1255 PRIMUS

897 1314 1053 1345 UTRUM
1077 1313 1348 1344 IGNORANTIA
1370 1313 1517 1345 possm·
1540 1314 1639 1345 ESSE
1665 1314 1805 1346 CAUSA
1827 1313 2014 1346 PECCATI

1006 1402 1079 1433 Infra,
1099 1406 1146 1427 art.
1167 1401 1194 1433 33
1216 1402 1257 1427 De
1275 1401 1358 1432 ΜαΙο,
1379 1409 1424 1435 qu.
1442 1410 1483 1433 m,
1503 1407 1549 1427 art.
1568 1401 1599 1434 6;
1619 1403 1650 1427 111
1670 1403 1764 1433 Ethic„
1784 1403 1842 1427 lect.
1861 1410 1899 1428 111.

433 1513 460 1527 ι
485 1534 489 1542 ,
502 1517 538 1547 j
561 1506 601 1530 D
630 1504 767 1529 PmMUM
796 1503 848 1528 S1e
877 1502 1116 1527 PROCEDlTUR.
1137 1490 1297 1527 Videtur
1325 1490 1429 1539 quod

492 1540 493 1543 '
506 1547 557 1595 '⁴³2³
579 1545 789 1594 ignorantia
808 1557 886 1581 non
906 1544 1024 1592 possit
1045 1556 1126 1580 esse
1145 1555 1257 1580 causa
1271 1543 1427 1591 peccati.

366 1580 439 1646 ’,ι
442 1615 497 1633 ην
525 1605 547 1649 r
581 1599 680 1645 Quia
708 1598 812 1647 quod
841 1610 919 1634 non
948 1604 1022 1643 est,
1054 1597 1190 1633 nullius
1220 1603 1275 1632 est
1303 1608 1427 1633 causa.

383 1655 386 1657 ’
423 1620 545 1687 ζέᾣι)
534 1644 568 1689 Χ
582 1653 657 1688 Sed
678 1650 886 1699 ignorantia
907 1658 962 1686 est
982 1662 1058 1686 non
1080 1661 1162 1685 ens:
1189 1661 1276 1685 cum
1294 1649 1338 1685 sit
1355 1649 1429 1698 pri-

366 1705 469 1741 vatio
491 1705 681 1753 quaedam
706 1703 893 1740 scientiae.
926 1704 1026 1750 Ergo
1048 1702 1257 1749 ignorantia
1277 1714 1355 1739 non
1375 1710 1430 1739 est

369 1770 481 1795 causa
509 1757 664 1806 peccati.

422 1823 457 1848 2.
478 1812 711 1856 PRAETEREA,
734 1821 868 1846 causae
897 1808 1042 1857 peccati
1068 1815 1155 1844 sunt
1182 1807 1427 1855 accipiendae

369 1877 413 1900 ex
442 1871 546 1912 parte
575 1862 848 1909 conversionis,
876 1869 917 1898 ut
947 1873 990 1897 ex
1019 1860 1241 1910 supradictis
1267 1861 1287 1881 *
1313 1868 1426 1909 patet.

369 1917 446 1954 Sed
461 1916 671 1964 ignorantia
685 1915 836 1952 videtur
850 1914 1038 1963 respicere
1058 1913 1308 1950 aversionem.
1326 1914 1427 1961 Ergo

367 1982 446 2007 non
476 1970 588 2006 debet
615 1969 708 2017 poni
738 1980 851 2005 causa
879 1967 1035 2015 peccati.

424 2023 457 2060 3.
475 2023 707 2069 PRAETEREA,
724 2033 840 2058 omne
856 2028 1056 2069 peecatum
1075 2019 1113 2056 in
1127 2019 1323 2056 voluntate
1340 2031 1429 2056 con-

368 2075 479 2123 sistit,
509 2083 550 2112 ut
578 2087 693 2123 supra
719 2074 739 2095 ’¹‘
768 2074 910 2111 dictum
940 2081 1005 2110 est.
1037 2072 1113 2109 Sed
1141 2072 1319 2108 voluntas
1347 2084 1426 2109 non

368 2129 484 2165 fertur
503 2128 574 2165 nisi
603 2128 641 2164 in
661 2127 815 2175 aliquod
836 2126 1050 2174 cognitum:
1081 2125 1168 2174 quia
1196 2125 1342 2161 bonum
1363 2137 1428 2174 ap-

367 2183 599 2230 prehensum
638 2188 693 2217 est
720 2180 913 2216 obiectum
940 2178 1154 2216 voluntatis.
1189 2179 1292 2225 Ergo
1324 2177 1429 2226 igno-

369 2235 489 2271 rantia
517 2246 595 2271 non
622 2241 747 2282 potest
775 2245 856 2270 esse
887 2245 999 2269 causa
1028 2231 1184 2280 peccati.

423 2288 496 2324 SED
516 2298 661 2324 CONTRA
680 2298 746 2323 EST
773 2286 878 2334 quod
896 2285 1128 2333 Augustinus
1155 2283 1254 2331 dicit,
1274 2283 1313 2320 in
1331 2283 1428 2322 libro

329 2357 339 2362 -
368 2341 413 2377 de
440 2341 593 2377 Natura
621 2345 657 2376 et
687 2340 819 2376 Gratia
839 2339 875 2387 *,
906 2338 1012 2386 quod
1039 2337 1202 2388 ¹quidam
1229 2348 1298 2386 per
1324 2336 1430 2385 igno-

369 2393 528 2430 rantiam
557 2399 726 2441 peccant.

422 2447 647 2482 RESPONDEO
667 2456 851 2482 DICENDUM
871 2444 990 2492 quod,
1018 2443 1234 2480 secundum
1257 2441 1430 2480 Philoso-

369 2500 501 2548 phum,
528 2499 566 2534 in
592 2499 679 2535 VIII
707 2499 855 2545 Physic.
876 2497 914 2542 ³¹²,
946 2508 1059 2534 causa
1088 2508 1250 2532 movens
1280 2503 1335 2533 est
1362 2495 1430 2534 du-

368 2553 474 2601 plex:
503 2563 580 2588 una
614 2563 682 2599 per
714 2563 774 2597 se,
806 2558 841 2586 et
870 2550 941 2586 alia
969 2562 1037 2598 per
1072 2549 1258 2585 accidens.
1288 2549 1362 2585 Per
1389 2561 1429 2585 se

369 2604 537 2654 quidem,
559 2615 656 2651 quae
685 2603 836 2651 propria
863 2603 999 2639 virtute
1029 2609 1176 2639 movet:
1206 2602 1300 2638 sicut
1318 2613 1430 2650 gene-

369 2670 456 2694 rans
485 2664 540 2693 est
569 2669 682 2693 causa
709 2668 870 2692 movens
890 2655 1020 2703 gravia
1040 2663 1075 2691 et
1094 2654 1203 2692 levia.
1235 2656 1308 2691 Per
1335 2654 1430 2691 acci-

371 2711 463 2747 dens
488 2717 628 2755 autem,
651 2709 744 2746 sicut
769 2721 972 2745 removens
992 2707 1218 2756 prohibens:
1247 2708 1309 2744 vel
1338 2707 1431 2744 sicut

369 2763 451 2811 ipsa
470 2762 631 2798 remotio
652 2761 895 2810 prohibentis.
923 2762 970 2797 Et
990 2762 1063 2797 hoc
1083 2760 1200 2797 modo
1221 2760 1431 2807 ignorantia

369 2822 494 2864 potest
522 2826 604 2851 esse
634 2827 748 2851 causa
776 2822 880 2851 actus
908 2814 1071 2862 peccati:
1102 2821 1157 2850 est
1186 2813 1287 2850 enirn
1307 2813 1431 2861 priva-

369 2869 420 2905 tio
449 2868 625 2904 scientiae
653 2867 880 2916 perficientis
911 2867 1108 2912 rationem,
1130 2878 1227 2914 quae
1256 2865 1432 2914 prohibet

371 2928 496 2957 actum
519 2920 675 2969 peccati,
695 2921 919 2968 inquantum
950 2919 1068 2966 dirigit
1097 2926 1201 2955 actus
1229 2919 1429 2956 humanos.

424 2973 755 3010 Considerandum
786 2980 841 3009 est
874 2980 1003 3008 autem
1037 2971 1143 3018 quod
1177 2971 1269 3008 ratio
1299 2983 1431 3008 secun-

373 3026 465 3063 dum
486 3027 678 3075 duplicem
698 3025 891 3062 scientiam
923 3033 977 3061 est
996 3025 1255 3061 humanorum
1278 3031 1431 3061 actuum

373 3079 570 3116 directiva:
601 3078 739 3115 scilicet
768 3078 979 3115 secundum
1016 3076 1211 3113 scientiam
1239 3076 1434 3113 universa-

373 3131 460 3177 lem,
483 3140 518 3168 et
537 3132 815 3180 particularem.
837 3131 1047 3167 Conferens
1068 3129 1169 3166 enim
1192 3129 1239 3166 de
1264 3130 1431 3177 agendis,

372 3184 486 3220 utitur
499 3185 667 3232 quodam
684 3184 915 3233 syllogismO,
938 3183 1043 3220 cuius
1060 3182 1252 3219 conclusio
1271 3190 1325 3219 est
1339 3182 1432 3219 iudi-

375 3235 475 3272 cium
495 3249 562 3273 seu
582 3238 713 3274 electio
741 3238 803 3273 vel
832 3236 1015 3285 operatio.
1045 3235 1224 3272 Actiones
1251 3243 1376 3272 autem
1395 3235 1433 3271 in

374 3288 620 3335 singularibus
640 3298 735 3326 sunt.
761 3290 871 3327 Unde
897 3288 1089 3326 conclusio
1110 3287 1315 3337 syllogismi
1341 3300 1432 3337 ope-

429 3427 455 3459 α)
475 3430 638 3460 agnosceret.
657 3440 671 3445 —
691 3431 859 3460 cognosceret
878 3428 952 3453 EFK.
971 3442 990 3447 —
1008 3429 1086 3453 Iidem
1106 3436 1152 3461 pro
1171 3431 1218 3458 est,
1237 3431 1313 3453 esset.

1485 1490 1592 1528 rativi
1622 1499 1677 1528 est
1705 1490 1911 1539 singularis.
1944 1491 2148 1539 Singularis
2176 1499 2304 1529 autem
2331 1492 2543 1542 propositio

1484 1556 1562 1581 non
1593 1544 1829 1580 concluditur
1855 1556 1900 1580 ex
1927 1543 2132 1581 universali
2157 1544 2229 1582 nisi
2258 1545 2449 1583 mediante
2477 1545 2542 1583 ali-

1484 1609 1559 1646 qua
1586 1597 1845 1645 propositione
1875 1596 2072 1644 singulari:
2103 1597 2198 1634 sic'ut
2215 1598 2335 1635 homo
2363 1597 2541 1648 prohibe-

1482 1657 1543 1686 tur
1571 1650 1618 1686 ab
1647 1657 1732 1686 actu
1760 1649 1946 1698 parricidii
1972 1662 2041 1698 per
2068 1650 2143 1687 hoc
2167 1650 2273 1698 quod
2301 1650 2369 1688 scit
2394 1659 2542 1700 patrem

1483 1715 1562 1739 non
1591 1715 1672 1739 esse
1694 1703 1959 1749 occidendum,
1981 1710 2017 1739 et
2043 1714 2112 1751 per
2129 1703 2204 1740 hoc
2224 1704 2330 1751 quod
2355 1704 2423 1740 scit
2440 1704 2549 1742 hunc-

1484 1767 1566 1792 esse
1581 1763 1740 1804 patrem.
1758 1755 1961 1804 Utriusque
1978 1767 2066 1803 ergo
2087 1755 2298 1803 ignorantia
2311 1764 2435 1805 potest
2455 1769 2544 1794 cau-

1483 1821 1566 1844 sare
1595 1808 1782 1857 parricidii
1811 1816 1955 1845 actum:
1981 1808 2120 1850 scilicet
2139 1816 2175 1846 et
2193 1809 2415 1846 universalis
2442 1809 2544 1859 prin-

1484 1861 1581 1910 cipii,
1603 1862 1706 1920 quod
1728 1869 1782 1898 est
1811 1861 2002 1909 quaedam
2022 1862 2149 1910 regula
2168 1861 2338 1908 rationis;
2365 1869 2401 1899 et
2419 1861 2544 1911 singu-

1482 1914 1567 1951 laris
1596 1914 1908 1951 circumstantiae.

1536 1967 1647 2004 Unde
1670 1975 1773 2016 patet
1792 1967 1896 2015 quod
1922 1979 2000 2004 non
2019 1966 2209 2015 quaelibet
2227 1966 2438 2015 ignorantia
2455 1979 2544 2016 pec-

1484 2019 1600 2056 cantis
1636 2028 1691 2057 est
1724 2032 1837 2056 causa
1869 2019 2034 2068 peccati:
2063 2020 2132 2057 sed
2167 2019 2228 2056 illa
2265 2027 2411 2057 tantum
2444 2032 2542 2069 quae

1482 2073 1576 2109 tollit
1603 2072 1797 2109 scientiam
1817 2073 2083 2121 prohibentem
2103 2080 2229 2110 actum
2248 2072 2405 2122 peccati.
2431 2072 2543 2112 Unde

1483 2125 1514 2162 si
1531 2126 1708 2162 voluntas
1737 2125 1892 2162 alicuius
1917 2133 2015 2162 esset
2043 2125 2094 2162 sic
2122 2125 2304 2174 disposita
2332 2125 2438 2174 quod
2465 2137 2544 2163 non

1482 2178 1747 2227 prohiberetur
1775 2179 1823 2215 ab
1852 2186 1937 2215 actu
1962 2178 2165 2227 parricidii,
2196 2178 2310 2215 etiam
2339 2179 2369 2215 si
2395 2186 2544 2227 patrem

1483 2239 1704 2279 agnosceret
1724 2236 1757 2252 α·
1749 2231 1998 2279 ,ignorantia
2015 2231 2131 2280 patris
2150 2243 2228 2268 non
2250 2238 2305 2268 est
2322 2230 2411 2268 huic
2431 2243 2545 2268 causa
2669 2241 2687 2258 ⁸

1483 2284 1639 2333 peccati,
1660 2284 1727 2321 sed
1748 2284 2045 2321 concomitanter
2070 2297 2111 2321 se
2129 2284 2245 2321 habet
2263 2284 2312 2321 ad
2329 2286 2543 2333 peceatum.

1483 2337 1534 2375 Et
1551 2337 1638 2374 ideo
1667 2337 1748 2374 talis
1772 2349 1851 2374 non
1869 2344 2001 2386 peccat
2013 2343 2170 2386 propter
2187 2337 2455 2387 ignorantiam,
2476 2336 2545 2375 sed

1483 2397 1616 2439 peccat
1643 2390 1836 2440 ignorans,
1866 2390 2078 2427 secundum
2107 2389 2397 2439 Philosophum,
2426 2389 2465 2427 in
2493 2390 2543 2427 111

1482 2442 1602 2480 Ethic.
1623 2441 1643 2464 *

1538 2497 1596 2532 AD
1612 2507 1748 2532 PRlMUM
1764 2507 1862 2532 ERGO
1881 2507 2064 2532 DICENDUM
2079 2495 2184 2543 quod
2198 2507 2277 2532 non
2297 2507 2364 2531 ens
2383 2507 2462 2532 non
2475 2506 2544 2544 po-

1484 2556 1555 2585 test
1580 2560 1660 2585 esse
1690 2547 1844 2584 alicuius
1865 2560 1979 2585 causa
1997 2559 2065 2596 per
2084 2559 2142 2584 se:
2170 2554 2294 2596 potest
2313 2554 2442 2584 tamen
2461 2559 2544 2584 esse

1485 2613 1599 2638 causa
1626 2613 1693 2649 per
1722 2601 1908 2647 accidens,
1939 2600 2032 2637 sicut
2060 2599 2221 2636 remotio
2249 2599 2494 2649 prohibentis.

1538 2656 1596 2691 An
1612 2666 1801 2691 SECUNDUM
1816 2665 1999 2691 DicENDUM
2014 2652 2120 2702 quod
2135 2652 2230 2690 sicut
2244 2653 2409 2699 scientia,
2426 2665 2543 2702 quam

1485 2706 1578 2744 tollit
1606 2706 1826 2754 ignorantia,
1847 2706 1996 2755 respicit
2023 2713 2223 2754 peccatum
2249 2717 2294 2742 ex
2321 2713 2427 2755 parte
2456 2717 2545 2742 con-

1485 2759 1690 2805 versionis;
1721 2759 1772 2796 ita
1800 2759 1912 2796 etiam
1940 2758 2149 2806 ignorantia
2178 2771 2222 2795 ex
2249 2766 2355 2808 parte
2387 2769 2546 2796 conver-

1486 2812 1603 2849 sionis
1631 2820 1686 2849 est
1708 2824 1822 2849 causa
1849 2811 1994 2860 peccati
2021 2819 2063 2848 ut
2090 2823 2295 2848 removens
2323 2811 2542 2860 prohibens.

1538 2866 1598 2902 An
1625 2876 1783 2902 TERTmM
1813 2876 1997 2902 DICENDUM
2030 2864 2137 2912 quod
2169 2864 2206 2901 in
2235 2864 2325 2901 illud
2354 2864 2460 2912 quod
2489 2870 2546 2901 est

1486 2925 1671 2966 quantum
1691 2918 1739 2954 ad
1769 2917 1898 2954 omnia
1918 2917 2101 2964 ignotum,
2122 2929 2200 2953 non
2227 2924 2352 2966 potest
2370 2916 2457 2954 ferri
2476 2928 2544 2953 vo-

1486 2972 1628 3008 luntas:
1658 2970 1726 3007 sed
1754 2970 1784 3006 si
1813 2970 1952 3018 aliquid
1981 2978 2037 3007 est
2063 2970 2275 3007 secundum
2308 2969 2450 3019 aliquid
2472 2971 2544 3006 'no-

1486 3031 1567 3060 tum
1593 3031 1629 3060 et
1653 3022 1865 3060 Secundum
1892 3022 2031 3070 aliquid
2059 3023 2242 3071 ignotum,
2262 3030 2388 3072 potest
2409 3022 2544 3060 volun-

1486 3084 1542 3113 tas
1569 3076 1661 3113 illud
1679 3076 1788 3113 velle.
1820 3076 1868 3112 Et
1886 3076 1961 3112 hoc
1980 3077 2098 3113 modo
2123 3075 2333 3124 ignorantia
2357 3082 2412 3113 est
2432 3086 2545 3112 causa

1487 3128 1652 3178 peccati:
1683 3128 1777 3165 sicut
1806 3141 1893 3165 curn
1922 3128 2053 3178 aliquis
2083 3129 2150 3166 scit
2172 3130 2275 3166 hunc
2303 3140 2419 3177 quem
2446 3126 2544 3164 occi-

1489 3182 1552 3229 dit,
1574 3192 1655 3218 esse
1676 3181 1887 3228 hominem,
1909 3182 1975 3219 sed
2004 3181 2122 3218 nescit
2151 3194 2241 3218 eum
2266 3193 2347 3218 esse
2373 3187 2542 3230 patrem3

1486 3235 1549 3272 vel
1579 3247 1667 3271 cum
1688 3234 1821 3283 aliquis
1850 3234 1918 3271 scit
1937 3234 2104 3282 aliquem
2133 3242 2260 3272 actum
2281 3245 2362 3271 esse
2382 3232 2543 3270 delecta-

1489 3287 1615 3335 bilem,
1637 3287 1755 3324 nescit
1781 3295 1908 3324 tamen
1937 3300 2027 3324 eum
2057 3299 2138 3324 esse
2166 3294 2377 3336 peccatum.

2571 2446 2668 2496 scilia:¹
2669 2453 2722 2496 leci.
2728 2453 2783 2497 iuni.-
