2840 4010
98 1221 308 1248 ·Cf.Arist.Et}1ic.,

98 1248 138 1269 lib.
147 1248 175 1271 ΙΙ.
187 1254 212 1269 ca
232 1254 274 1273 ,vn
286 1254 309 1269 n.

97 1280 129 1300 ¹4·
140 1274 184 1296 -S.
237 1290 242 1295 .
258 1275 309 1296 lect.

100 1754 108 1763 ·
126 1753 162 1775 Cf.
178 1759 243 1775 num.
259 1760 289 1775 iv.

95 1970 103 1979 '¹
118 1970 174 1997 Arg.
191 1976 207 1991 r.

94 2928 104 2938 ⁸
122 2927 168 2955 Qu.
185 2934 249 2955 xvni,
262 2932 303 2950 art.

97 3305 104 3313 ·
120 3303 170 3324 Art.
189 3303 306 3330 praeced:

96 3336 133 3358 qu.
146 3335 218 3354 Lxxxx,
230 3333 271 3352 art.
281 3335 303 3357 5;

95 3363 135 3384 qu.
149 3361 248 3383 Lxxxvn,
264 3360 305 3378 art.

339 169 412 215 134

336 257 418 288 quae
442 255 488 278 est
510 255 676 288 peccatum
699 248 828 284 veniale,
852 256 916 276 non
940 252 1080 285 spectant
1106 244 1144 274 ad
1168 243 1396 283 perfectionem

336 298 367 322 et
385 291 658 332 imperfectionem
674 291 865 331 simpliciter,
879 290 932 320 sed
949 289 1124 319 secundum
1138 287 1225 328 quid,
1243 287 1396 317 eiusdem.

337 335 429 366 Unde
453 343 585 376 uterque
609 336 724 366 modus
748 334 919 364 venialium
943 339 1145 372 peccatorum
1169 331 1260 372 ponit
1281 331 1396 372 imper-

338 379 455 410 fectum
474 387 651 419 peccatum.
670 377 866 408 Indeliberati
880 384 1018 417 namque
1042 382 1150 406 motus
1166 375 1199 405 in
1215 375 1299 405 mala
1313 384 1397 406 mor-

337 423 420 459 talia,
438 430 512 454 sunt
534 431 661 463 peccata
679 421 862 461 imperfecta
886 430 922 450 ex
946 427 1032 461 parte
1048 419 1184 460 agentis:
1209 419 1286 460 quia
1309 426 1396 450 actus

337 477 402 497 non
427 477 463 497 ex
486 466 708 497 deliberatione
732 465 776 496 fit.
800 464 970 495 Deliberati
997 470 1104 494 autem
1126 470 1235 494 motus
1257 463 1291 494 in
1313 463 1397 494 mala

338 511 479 547 venialia,
491 517 564 541 sunt
579 509 762 549 imperfecta
775 515 900 548 peccata
916 518 952 538 ex
964 514 1051 548 parte
1068 507 1198 538 obiecti:
1218 507 1293 548 quia
1309 507 1395 538 obie-

338 562 424 585 ctum
448 564 513 584 non
537 560 583 584 est
604 554 647 584 ita
669 552 807 583 indebita
830 552 959 583 materia
981 552 1149 593 appetitus,
1172 558 1206 583 ut
1229 552 1396 583 contrarie-

338 605 388 628 tur
412 597 476 628 fini.
498 597 628 628 Materia
651 606 790 637 namque
814 603 902 627 actus
925 595 1067 626 mortalis
1094 603 1221 637 oportet
1241 596 1330 637 quod
1356 596 1396 626 sit

337 641 474 672 indebita
498 641 529 671 in
554 641 663 671 ordine
687 641 726 670 ad
749 640 862 679 finem,
884 640 965 671 idest
990 640 1144 671 contraria
1168 640 1273 670 debito
1297 640 1336 670 ad
1359 639 1396 670 fi-

338 694 429 716 nem:
456 685 562 716 debito
585 691 693 715 autem
712 684 906 723 necessario,
930 694 998 715 non
1020 684 1225 724 contingenti.
1242 684 1341 721 Quod
1363 683 1396 713 in

337 729 466 760 materia
480 729 652 760 venialium
674 738 741 759 non
760 728 855 760 habet
867 728 993 761 locum:
1013 728 1144 759 indebiti
1161 728 1245 758 enim
1264 727 1344 758 ratio
1363 727 1396 757 in

337 773 381 804 eis
404 773 540 810 inventi,
564 783 630 803 non
654 773 736 804 tollit
760 772 902 804 debitum
926 773 1137 804 necessarium
1161 772 1200 802 ad
1223 771 1329 802 finem.
1356 771 1396 801 Et

337 824 466 858 propter
489 817 570 848 hanc
591 816 875 858 imperfectionem,
900 816 1029 847 materia
1047 816 1176 846 venialis
1192 815 1311 855 peccati
1330 824 1397 845 non

337 861 451 892 dicitur
473 861 612 892 indebita
641 861 701 892 nisi
724 861 902 892 secundum
919 861 1012 902 quid.

394 906 444 936 Ad
468 904 743 936 confirmationem
759 905 872 936 dicitur
886 905 974 946 quod
991 905 1084 936 etiam
1100 904 1131 934 in
1151 903 1312 934 virtutum*
1324 902 1398 933 acti-

337 951 401 989 bus?
425 949 485 980 dici
507 955 613 990 potest
635 949 818 989 simpliciter
840 956 870 980 et
893 949 1070 979 secundum
1096 948 1183 989 quid.
1207 947 1398 986 Eutrapelus

337 1004 475 1035 namque
499 994 675 1025 secundum
698 993 786 1034 quid,
801 993 835 1023 in
851 993 914 1024 hoc
937 993 1070 1029 scilicet„
1081 999 1111 1023 et
1125 1002 1191 1022 non
1216 991 1399 1031 simpliciter

336 1038 496 1069 virtuosus
519 1038 647 1069 dicitur:
671 1037 752 1068 sicut
767 1047 863 1068 sanus
878 1037 958 1078 pede
981 1047 1048 1067 non
1067 1035 1264 1076 simpliciter,
1283 1035 1338 1065 sed
1352 1045 1398 1066 se-

338 1083 479 1114 cundum
502 1083 583 1113 hanc
606 1089 729 1122 partem
747 1091 842 1111 sanus
866 1081 989 1112 dicitur.
1006 1099 1026 1103 —
1044 1080 1198 1118 Quamvis
1218 1079 1332 1110 melius
1351 1079 1398 1109 di-

338 1134 425 1158 catur
450 1127 538 1168 quod
562 1136 628 1156 non
651 1132 697 1156 est
720 1125 832 1155 eadem
853 1124 932 1155 ratio
957 1125 996 1154 de
1015 1125 1130 1155 virtute
1147 1131 1177 1155 et
1199 1123 1293 1160 vitio,
1318 1123 1398 1154 sicut

337 1181 394 1202 nec
414 1171 452 1201 de
468 1172 554 1201 bono
571 1177 601 1200 et
624 1170 725 1199 malo:
747 1169 823 1209 quia
838 1169 954 1199 bonum
973 1178 1037 1199 uno
1052 1168 1155 1205 modo,
1170 1178 1206 1198 ex
1230 1177 1324 1198 causa
1339 1167 1397 1198 sci-

337 1216 408 1246 licet
428 1216 557 1254 integra,
574 1214 694 1244 malum
713 1218 819 1243 autem
836 1213 1044 1254 omnifariam
1061 1213 1218 1253 contingit
1227 1211 1254 1242 *.
1268 1212 1310 1242 Et
1323 1221 1398 1252 pro-

337 1267 442 1300 pterea
466 1258 623 1299 appetitus
654 1258 759 1288 bonus
783 1257 862 1288 circa
884 1256 1030 1288 materias
1061 1255 1248 1287 huiusmodi
1275 1256 1398 1287 contin-

336 1311 453 1344 gentes,
467 1302 593 1343 proprie
609 1301 783 1342 loquendo,
797 1311 863 1332 non
879 1302 919 1331 ad
930 1301 1106 1332 bonitatem
1121 1300 1298 1331 secundum
1309 1300 1397 1341 quid,

337 1348 391 1378 sed
421 1346 569 1378 bonitatis
599 1345 911 1377 consummationem
939 1351 1068 1386 spectat.
1094 1345 1264 1385 Appetitus
1291 1351 1399 1376 autem

337 1392 439 1422 malus
456 1391 488 1422 in
503 1390 690 1421 huiusmodi
706 1400 772 1421 non
788 1390 828 1420 ad
844 1389 1156 1420 consummationem
1172 1388 1319 1426 malitiae,
1344 1388 1400 1419 sed

337 1437 375 1467 ad
400 1436 576 1466 secundum
595 1434 673 1476 quid
697 1434 850 1465 malitiam
871 1440 998 1474 spectat,
1023 1439 1153 1474 propter
1175 1432 1330 1464 rationem
1354 1433 1398 1463 di-

337 1487 429 1511 ctam.
443 1498 463 1503 —
481 1479 584 1510 Allata
600 1486 708 1510 autem
723 1479 831 1519 regula
847 1479 885 1508 de
901 1477 1058 1518 oppositis
1074 1487 1140 1508 non
1157 1483 1251 1514 tenet,
1267 1477 1398 1518 quando

337 1535 403 1556 non
427 1531 473 1555 est
497 1524 607 1554 eadem
630 1524 709 1554 ratio
734 1522 1006 1563 multiplicationis
1034 1522 1193 1562 utrinque.
1214 1522 1289 1552 Non
1313 1521 1398 1552 enim

337 1575 464 1610 oportet
487 1578 542 1599 ens
565 1568 764 1607 simpliciter,
789 1566 905 1597 scilicet
928 1565 1145 1602 substantiam,
1171 1565 1396 1606 multiplicare,

337 1614 418 1644 sicut
434 1623 488 1643 ens
504 1612 680 1643 secundum
696 1611 783 1652 quid,
802 1610 919 1641 scilicet
932 1610 1085 1646 accidens,
1102 1610 1134 1640 in
1152 1620 1270 1640 novem
1283 1619 1398 1650 genera

337 1657 554 1697 distinguitur:
579 1656 654 1696 quia
670 1666 737 1686 non
761 1662 807 1686 est
823 1655 971 1695 utrinque
995 1655 1106 1685 eadem
1130 1654 1219 1684 ratio.
1238 1654 1278 1684 Et
1293 1654 1337 1684 sic
1352 1661 1398 1685 est

335 1703 367 1732 in
393 1701 570 1742 proposit0,
587 1707 623 1731 ut
645 1707 731 1740 patet
755 1710 791 1730 ex
814 1699 914 1729 dictis.

391 1746 459 1776 VII.
483 1745 534 1776 Ad
557 1744 763 1775 secundum*
785 1743 898 1774 dicitur
914 1743 1013 1783 quod,
1033 1743 1115 1773 sicut
1137 1742 1242 1773 omnis
1265 1743 1398 1773 morbus

337 1790 449 1821 dicitur
470 1788 634 1820 infirmitas
658 1788 690 1819 in
715 1788 824 1819 ordine
847 1788 887 1818 ad
910 1786 1120 1827 privationem
1143 1787 1233 1822 vitae,
1254 1797 1336 1828 quae
1352 1794 1399 1817 est

335 1834 498 1865 infirmitas
522 1833 665 1864 mortalis
688 1840 718 1864 et
733 1832 931 1873 simpliciter:
951 1831 995 1862 ita
1013 1841 1110 1861 omne
1133 1838 1299 1871 peccatum
1323 1830 1397 1862 diei-

335 1886 386 1910 tur
417 1885 583 1919 peccatum
609 1877 643 1907 in
671 1877 781 1907 ordine
811 1877 852 1906 ad
874 1882 1041 1916 peccatum
1069 1876 1157 1916 quod
1189 1875 1292 1915 privat
1316 1874 1396 1912 fine,

335 1923 425 1964 quod
449 1929 495 1953 est
518 1921 710 1963 principium
728 1921 810 1951 vitae
833 1920 973 1951 moralis.
990 1919 1031 1950 Et
1054 1926 1090 1950 ut
1105 1929 1142 1950 ex
1165 1918 1349 1950 definitione
1364 1919 1397 1949 in

334 1969 435 1999 littera
450 1967 467 1986 *
483 1977 519 1997 ex
534 1965 716 2006 Augustino
739 1971 834 2006 patet,
857 1974 931 1995 cum
946 1971 1112 2004 peccatum
1136 1963 1174 1994 sit
1197 1963 1327 2001 dictum,
1335 1963 1395 2004 fa-

335 2018 418 2043 ctum
449 2011 499 2043 vel
527 2011 727 2051 concupitum
758 2014 871 2040 contra
903 2009 1006 2050 legem
1034 2009 1098 2039 Dei
1104 2016 1117 2046 ;
1140 2015 1171 2039 et
1193 2007 1326 2039 mortale
1358 2007 1397 2039 sit

334 2063 443 2088 contra
466 2056 568 2095 legem
592 2054 651 2085 Dei
675 2054 740 2084 sine
763 2053 923 2084 additione
947 2052 1062 2094 aliqua,
1078 2052 1200 2083 veniale
1223 2061 1298 2083 vero
1322 2061 1397 2082 cum

334 2100 504 2136 additione,
522 2099 638 2130 scilicet
661 2099 837 2130 secundum
861 2097 955 2138 quid,
981 2104 1027 2127 est
1050 2097 1135 2127 enirn
1165 2103 1273 2127 contra
1294 2096 1397 2137 legem

335 2146 391 2176 Dei
416 2144 592 2175 secundum
621 2143 717 2184 quid;
743 2150 773 2173 et
801 2149 925 2173 constat
954 2142 1043 2183 quod
1071 2147 1180 2172 contra
1212 2141 1314 2181 legem
1338 2139 1397 2171 Dei

961 167 1226 214 QUAESTIO
1257 165 1502 210 LXXXVIII,
1531 165 1827 204 ARTICULUS
1857 168 1888 203 II

1449 242 1626 272 secundum
1643 242 1720 282 quid
1736 253 1802 273 non
1818 250 1923 284 potest
1940 245 2082 286 intelligi,
2100 257 2165 278 non
2182 249 2417 288 praeintellecto
2434 260 2508 281 con-

1449 293 1495 316 tra
1517 286 1620 326 legem
1643 286 1703 316 Dei
1725 287 1879 324 absolute,
1900 288 1981 319 sicut
2004 299 2061 320 nec
2084 291 2193 322 album
2215 294 2391 325 secundum
2420 294 2507 336 quid,

1449 329 1515 360 sine
1539 330 1612 361 albo
1630 330 1826 371 simpliciter:
1844 338 1971 371 oportet
1994 339 2030 363 ut
2051 341 2218 373 peccatum
2232 336 2352 368 veniale
2375 348 2442 369 non
2458 348 2507 368 so-

1448 373 1518 404 lum
1541 374 1719 405 secundum
1741 384 1822 411 rem,
1846 375 1901 406 sed
1923 376 2100 407 secundum
2122 378 2261 410 nominis
2284 380 2450 418 rationem,
2474 382 2507 412 in

1450 418 1560 448 ordine
1583 419 1622 448 ad
1646 419 1779 449 mortale
1803 418 1933 450 dicatur.
1954 420 2086 460 Propter
2108 422 2197 461 quod
2218 422 2252 453 in
2272 423 2373 456 littera
2394 425 2508 457 dicitur

1449 463 1538 503 quod
1559 463 1681 493 veniale
1696 462 1808 494 dicitur
1824 470 1991 503 peccatum
2013 465 2187 495 secundum
2211 467 2367 498 rationem
2391 470 2507 510 imper-

1441 506 1579 547 fectam,
1604 512 1634 537 et
1657 508 1688 537 in
1713 507 1826 538 ordine
1849 507 1892 538 ad
1907 513 2077 548 peccatum
2102 510 2248 541 mortale.

1504 551 1545 581 Et
1566 550 1639 582 licet
1657 558 1823 591 peccatum
1842 552 1962 582 veniale
1977 552 2077 593 possit
2093 562 2159 583 esse
2179 552 2212 583 in
2226 553 2290 584 hoc
2304 555 2354 585 vel
2368 554 2424 587 illo
2438 557 2507 588 abs-

1449 604 1511 635 que
1526 594 1661 631 mortali,
1678 595 1861 636 simpliciter
1876 595 1982 626 tamen
1998 606 2064 626 non
2080 603 2185 637 potest
2201 607 2267 628 esse
2286 598 2405 639 absque
2423 609 2507 631 mor-

1449 638 1515 668 tali:
1541 638 1621 668 sicut
1640 648 1697 669 nec
1712 638 1877 670 infirmitas
1901 641 2046 671 curabilis
2065 641 2184 681 absque
2206 641 2382 679 incurabili,
2406 643 2508 684 qualis

1449 688 1495 711 est
1524 682 1675 713 mortalis.
1703 683 1817 713 1mmo¹
1832 683 1857 715 si
1882 694 1947 715 non
1970 691 2050 716 esset
2079 692 2244 725 peccatum
2272 687 2422 724 mortale,
2450 696 2509 719 nec

1449 725 1570 756 veniale
1595 732 1690 756 esset:
1715 726 1796 758 sicut
1811 727 1836 758 si
1851 737 1917 759 non
1940 735 2022 760 esset
2037 739 2133 765 mors,
2156 739 2222 759 non
2239 736 2320 761 esset
2334 731 2508 771 aegritudo.

1500 769 1583 800 VIII.
1594 770 1646 800 Ad
1658 770 1787 801 tertium
1798 771 1815 790 '⁸‘
1826 771 1939 803 dicitur
1950 773 2039 813 quod
2052 773 2086 803 in
2097 774 2199 804 verbis
2210 774 2332 805 laborat
2345 785 2510 815 argumen-

1449 820 1528 844 tum.
1548 813 1764 844 Concedimus
1786 814 1880 854 gratis
1902 825 2000 847 omne
2015 824 2181 857 peccatum
2203 818 2323 849 veniale
2346 829 2414 850 esse
2437 829 2509 850 con-

1449 863 1495 887 tra
1510 857 1613 898 legem
1628 858 1804 888 secundum
1819 859 1910 900 quid:
1928 867 1958 891 et
1973 860 2036 891 hoc
2052 868 2098 892 est
2114 871 2180 892 esse
2191 869 2314 902 praeter
2329 862 2442 904 legem.
2453 863 2511 895 Est

1450 901 1536 932 enim
1560 909 1668 932 contra
1690 902 1794 942 legem
1810 902 1966 944 quidquid
1982 914 2000 934 a
2022 904 2099 945 legis
2120 905 2183 936 fine
2199 906 2370 938 discordat:
2395 907 2421 938 si
2435 907 2512 938 sim-

1450 945 1581 986 pliciter,
1597 946 1793 986 simpliciter;
1818 946 1843 976 si
1860 948 2036 978 secundum
2050 949 2137 990 quid,
2153 951 2331 982 secundum
2346 951 2435 992 quid.
2448 952 2510 983 Sed

1450 990 1633 1030 simpliciter
1655 1000 1673 1020 a
1695 989 1758 1020 fine
1782 1000 1848 1020 non
1871 991 2029 1023 discordat
2050 992 2111 1023 nisi
2133 994 2223 1034 quod
2245 996 2440 1027 contrarium
2461 997 2511 1027 in-

1451 1035 1537 1065 ducit
1559 1034 1672 1064 finem:
1698 1034 1875 1065 secundum
1890 1035 1968 1076 quid
1982 1045 2067 1074 vero,
2083 1038 2173 1078 quod
2190 1037 2263 1070 finis
2278 1040 2510 1072 assecutionem

1449 1078 1593 1119 impedit.
1610 1078 1692 1109 Illud
1714 1078 1747 1108 in
1771 1078 1906 1115 mortali,
1923 1079 1986 1110 hoc
2007 1080 2041 1110 in
2063 1081 2176 1112 veniali
2199 1083 2377 1123 requiritur.
2394 1084 2435 1116 Et
2458 1095 2509 1116 ve-

1450 1122 1543 1153 nialia
1563 1122 1694 1163 quidem
1710 1133 1746 1152 ex
1768 1122 2007 1163 imperfectione
2022 1130 2120 1162 actus,
2137 1132 2212 1160 sunt
2229 1129 2406 1159 secundum
2421 1129 2509 1170 quid,

1450 1167 1531 1197 idest
1545 1167 1720 1197 secundum
1736 1166 1958 1207 imperfectum
1974 1174 2111 1205 motum,
2135 1171 2360 1212 contralegem
2374 1172 2450 1204 Dei:
2474 1180 2511 1204 ut

1450 1211 1573 1252 primus
1602 1218 1710 1242 motus
1733 1210 1924 1242 infidelitatis
1955 1218 1987 1242 et
2010 1212 2154 1243 adulterii
2181 1220 2344 1247 testantur.
2368 1216 2512 1248 Venialia

1450 1262 1558 1287 autem
1573 1265 1611 1286 ex
1625 1265 1748 1296 genere,
1765 1262 1839 1286 sunt
1861 1256 2038 1287 secundum
2057 1257 2144 1298 quid,
2163 1257 2245 1289 idest
2259 1260 2437 1292 secundum
2451 1261 2511 1292 im-

1450 1299 1622 1341 perfectam
1646 1299 1819 1336 materiam,
1837 1306 1946 1331 contra
1963 1300 2067 1341 legem
2080 1301 2159 1332 Dei:
2180 1308 2216 1332 ut
2237 1303 2442 1336 mendacium
2463 1305 2511 1336 io-

1452 1354 1564 1376 cosum
1588 1350 1618 1375 et
1633 1344 1713 1374 risus
1738 1343 1917 1383 superfluus
1936 1351 2099 1380 testantur.
2114 1345 2187 1376 Hoc
2211 1353 2319 1378 autem
2338 1355 2449 1380 contra
2463 1359 2511 1380 se-

1452 1388 1594 1419 cundum
1618 1388 1705 1430 quid,
1722 1394 1853 1419 vocatur
1876 1398 1941 1419 uno
1965 1389 2122 1420 vocabulo
2139 1395 2276 1431 praeter
2298 1391 2413 1434 legem.

1503 1433 1554 1463 Ad
1573 1433 1749 1473 pleniorem
1765 1439 1870 1463 tamen
1887 1432 2073 1470 doctrinam,
2091 1433 2169 1465 scito
2185 1435 2285 1476 quod,
2303 1445 2377 1467 curn
2397 1435 2512 1468 dicitur

1450 1476 1571 1507 veniale
1599 1487 1636 1507 ex
1658 1486 1770 1516 genere
1795 1486 1862 1507 esse
1883 1484 2022 1517 praeter,
2043 1487 2110 1508 non
2134 1486 2244 1510 contra
2265 1479 2387 1520 legem,
2407 1487 2513 1522 potest

1450 1521 1617 1562 dupliciter
1631 1520 1772 1561 intelligi.
1789 1521 1908 1558 Primo,
1924 1528 1960 1553 ut
1981 1521 2025 1553 ita
2047 1522 2088 1554 sit
2106 1530 2228 1563 praeter
2249 1524 2363 1564 legem,
2379 1531 2416 1556 ut
2439 1535 2514 1557 con-

1450 1573 1497 1596 tra
1526 1566 1648 1596 nullam
1672 1565 1710 1596 sit
1737 1565 1850 1605 legem.
1869 1565 1912 1596 Et
1933 1565 1965 1596 in
1989 1566 2051 1597 hoc
2082 1577 2176 1608 sensu
2200 1567 2317 1599 falsum
2345 1575 2400 1600 est.
2427 1569 2511 1600 Nam

1450 1610 1653 1640 mendacium
1677 1617 1723 1640 est
1750 1610 1927 1640 secundum
1950 1619 1983 1640 se
2005 1620 2157 1651 pravum,
2179 1618 2211 1643 et
2233 1613 2427 1645 contrarium
2449 1614 2511 1644 vir-

1449 1653 1520 1690 tuti,
1535 1662 1572 1684 ac
1594 1664 1650 1693 per
1668 1654 1730 1684 hoc
1754 1661 1862 1684 contra
1877 1654 1981 1694 legem
2003 1653 2089 1686 illius
2103 1655 2244 1687 virtutis:
2268 1663 2300 1688 et
2322 1665 2428 1690 tamen
2445 1667 2512 1689 uon

1451 1705 1497 1729 est
1519 1698 1652 1729 mortale
1683 1708 1720 1728 ex
1749 1708 1862 1738 genere
1890 1708 1959 1730 suo,
1979 1716 2001 1721 -
2024 1699 2098 1731 Alio
2122 1700 2237 1737 mod0,
2262 1708 2298 1732 ut
2320 1701 2360 1733 sit
2389 1709 2512 1742 praeter

1450 1742 1553 1782 legem
1573 1749 1604 1773 et
1626 1752 1691 1772 non
1715 1749 1838 1778 contra,
1863 1742 1938 1783 quia
1961 1752 2028 1774 non
2047 1750 2093 1774 est
2109 1751 2219 1775 contra
2232 1745 2392 1777 intentum
2414 1745 2512 1778 finem

1450 1786 1539 1827 legis.
1559 1787 1600 1817 Et
1615 1787 1675 1816 hoc
1699 1787 1797 1816 modo
1815 1794 1924 1818 contra
1947 1787 2070 1818 nullam
2087 1788 2192 1828 legem
2215 1796 2262 1820 est
2279 1789 2416 1824 veniale:
2437 1790 2512 1832 quia
2540 1795 2542 1797 '

1450 1829 1522 1861 finis
1545 1830 1699 1871 cuiusque
1718 1830 1795 1870 legis
1819 1837 1866 1861 est
1886 1830 2011 1862 dilecn'o
2027 1831 2095 1869 Dei,
2113 1832 2162 1863 sui
2184 1843 2220 1864 ac
2238 1833 2386 1875 proximi,
2403 1833 2513 1874 contr(

1450 1874 1589 1906 cuiusvis
1613 1876 1746 1911 bonum,
1769 1875 1829 1905 nisi
1851 1875 2029 1906 secundum
2051 1876 2139 1917 quid,
2159 1887 2226 1908 non
2247 1877 2284 1909 fit
2301 1887 2358 1920 per
2379 1877 2512 1911 veniale.

1450 1919 1574 1950 Praeter
1590 1926 1697 1950 autern
1720 1919 1822 1958 legem
1846 1925 1893 1950 est
1915 1919 1999 1960 quia,
2016 1915 2053 1951 tit
2070 1921 2104 1952 in
2127 1921 2230 1953 littera
2248 1921 2371 1960 dieitur,
2388 1923 2513 1956 debitus

1451 1963 1567 1994 modus
1586 1963 1726 1999 rationis,
1742 1974 1760 1993 a
1778 1964 1846 2004 lege
1862 1963 2011 2001 intentus,
2027 1974 2093 1995 non
2113 1973 2263 1998 servatur.
2280 1967 2314 1998 In
2337 1968 2513 2000 venialibus

1450 2007 1582 2049 quidem
1606 2018 1642 2038 ex
1660 2007 1897 2048 imperfectione
1914 2015 2011 2046 actus,
2027 2009 2164 2041 violatur
2184 2010 2307 2043 debitus
2330 2013 2447 2044 modus
2462 2022 2512 2044 ra-

1450 2051 1555 2088 tionis,
1573 2052 1804 2092 praeveniendo
1820 2052 1975 2083 rationem
1994 2053 2044 2084 vel
2061 2054 2335 2087 deliberationem:
2360 2055 2393 2088 in
2407 2057 2513 2088 venia-

1450 2096 1532 2127 libus
1556 2106 1631 2127 vero
1656 2106 1692 2126 ex
1715 2106 1842 2136 genere,
1865 2097 2003 2128 violatur
2025 2092 2149 2130 debitus
2173 2099 2290 2131 modus
2313 2110 2380 2142 quo
2403 2099 2514 2133 secunss

1451 2141 1530 2171 dum
1553 2140 1708 2171 rationem
1732 2140 1893 2171 referenda
1916 2147 1963 2172 est
1986 2142 2116 2173 materia
2138 2142 2191 2174 illa
2214 2144 2254 2174 ad
2274 2143 2384 2176 finem.
2488 2148 2489 2152 ’
2508 2147 2513 2151 ’

1101 2294 1418 2338 Aaricutus
1448 2294 1746 2336 SECUNDUS
1800 2278 1804 2281 ‘

715 2384 872 2415 UTRUM
895 2383 1134 2415 PECCATUM
1157 2383 1369 2422 MORTALE
1393 2383 1450 2414 ET
1474 2383 1662 2414 VENIALE
1686 2383 1932 2429 DlFFERAN'l'
1957 2383 2130 2416 GENERE

861 2459 880 2484 11
902 2459 984 2490 Sent„
1005 2459 1064 2484 dist.
1075 2466 1142 2492 ⁴xm,
1162 2467 1207 2492 qu.
1225 2466 1243 2488 ι,
1262 2464 1311 2484 art.
1328 2465 1360 2491 43
1382 2458 1423 2483 De
1440 2457 1523 2487 Malo,
1544 2466 1590 2491 qu.
1609 2465 1653 2489 vn,
1673 2464 1719 2483 art.
1743 2467 1769 2490 ις
1789 2467 1833 2492 qu.
1852 2467 1876 2489 x,
1895 2464 1944 2486 m.
1964 2466 1988 2485 2.

372 2582 379 2589 .
419 2568 427 2579 ι
453 2584 465 2594 ,
482 2577 492 2600 3
545 2560 567 2585 D
583 2560 772 2585 SECUNDUM
787 2559 840 2584 SIC
860 2559 1100 2585 paoennrrua.
1116 2547 1276 2584 Videtur
1291 2547 1395 2596 quod

361 2598 407 2621 '⁷³
546 2609 745 2650 peccatum
766 2601 916 2638 veniale
947 2609 982 2638 et
1011 2601 1170 2638 mortale
1189 2613 1270 2638 non
1290 2600 1396 2638 diffe-

368 2691 372 2702 ,
395 2695 397 2698 ,
546 2662 629 2692 rant
643 2666 793 2702 genere,
810 2653 859 2690 ita
875 2659 892 2675 ‘²
908 2653 1047 2691 scilicet
1062 2654 1167 2703 quod
1181 2653 1336 2703 aliquod
1351 2654 1397 2691 sit

389 2722 399 2734 κ
422 2702 477 2733 ’Ἃ
500 2700 925 2756 erccatummortale
946 2719 990 2743 ex
1010 2719 1161 2755 genere,
1183 2714 1219 2744 et
1241 2706 1396 2756 aliquod

332 2761 481 2798 veniale
511 2773 555 2797 ex
583 2772 721 2809 genere
745 2758 771 2797 β,
802 2761 955 2797 Bonum
985 2757 1086 2797 enim
1116 2767 1151 2797 et
1178 2761 1322 2797 malum
1351 2772 1395 2797 ex

333 2826 470 2862 genere
499 2813 538 2851 in
567 2813 713 2851 actibus
732 2813 911 2850 humanis
940 2813 1122 2862 accipitur
1144 2825 1213 2862 per
1241 2825 1395 2863 compa-

334 2867 520 2904 rationem
550 2867 598 2904 ad
627 2866 826 2904 materiam
857 2865 936 2903 sive
962 2866 1009 2903 ad
1040 2866 1245 2914 obiectum,
1266 2873 1307 2904 ut
1335 2879 1396 2903 su-

332 2933 401 2968 pra
419 2920 439 2941 *³
469 2920 610 2957 dictum
640 2927 706 2958 est.
731 2920 807 2957 Sed
835 2919 1047 2956 secundum
1069 2919 1264 2968 quodlibet
1291 2919 1396 2958 obie-

334 2981 436 3010 ctum
466 2974 526 3010 vel
555 2973 766 3013 materiam,
789 2972 969 3020 contingit
996 2984 1155 3021 peccare
1188 2973 1397 3010 mortaliter

334 3033 369 3063 et
397 3026 614 3063 venialiter:
645 3026 842 3075 quodlibet
875 3025 978 3062 enim
1008 3026 1154 3062 bonum
1185 3033 1397 3063 commuta-

334 3079 406 3115 bile
435 3087 560 3128 potest
587 3079 707 3116 homo
739 3079 889 3127 diligere
913 3079 975 3116 vel
1003 3078 1100 3115 infra
1128 3079 1269 3126 Deum,
1290 3079 1396 3126 quod

335 3140 389 3168 est
417 3145 576 3181 peccare
596 3132 805 3179 venialiter,
825 3132 887 3169 vel
907 3144 1022 3181 supra
1050 3132 1190 3178 Deum,
1212 3131 1316 3180 quod
1342 3139 1398 3169 est

334 3197 491 3233 peccare
535 3185 752 3222 mortaliter.
791 3186 894 3233 Ergo
931 3192 1132 3234 peccatum
1169 3184 1318 3222 veniale
1361 3192 1397 3222 et

334 3239 492 3274 mortale
521 3251 600 3275 non
629 3238 807 3275 differunt
835 3250 985 3286 genere.

389 3302 423 3327 2.
445 3291 677 3338 PRAETEREA,
699 3292 794 3328 sicut
822 3291 965 3328 dictum
995 3298 1051 3328 est
1079 3302 1191 3340 supra
1211 3292 1242 3335 ⁰,
1263 3303 1397 3340 pecca-

335 3350 416 3380 tum
449 3345 607 3380 mortale
637 3344 770 3381 dicitur
799 3345 903 3392 quod
934 3351 990 3381 est
1017 3343 1278 3393 irreparabile,
1308 3356 1396 3394 pec-

336 3403 464 3433 catum
493 3403 621 3434 autem
659 3397 806 3434 veniale
837 3398 939 3446 quod
976 3405 1031 3434 est
1065 3396 1287 3446 reparabile.
1319 3397 1396 3435 Sed

1451 2558 1532 2584 esse
1564 2546 1806 2595 irreparabile
1841 2547 2020 2585 convenit
2054 2555 2214 2597 peccato
2247 2549 2354 2597 quod
2390 2550 2433 2588 fit
2464 2562 2514 2589 ex

1451 2600 1612 2647 malitia,
1641 2601 1747 2648 quod
1784 2601 1995 2639 secundum
2031 2601 2222 2650 quosdam
2260 2601 2521 2651 irremissibile

1451 2652 1605 2690 dicitur:
1636 2666 1716 2690 esse
1746 2661 1874 2691 autem
1896 2654 2114 2703 >reparabile
2149 2655 2328 2693 convenit
2354 2663 2513 2705 peccato

1451 2706 1555 2754 quod
1584 2707 1626 2743 fit
1653 2719 1722 2754 per
1749 2706 2008 2744 infirmitatem
2031 2708 2093 2744 vel
2116 2707 2381 2756 ignorantiam,
2408 2709 2514 2758 quod

1452 2759 1585 2796 dicitur
1610 2759 1844 2797 remissibile.
1866 2761 1969 2808 Ergo
1988 2768 2190 2809 peccatum
2210 2762 2370 2799 mortale
2391 2769 2429 2799 et
2446 2772 2515 2800 ve-

1451 2812 1547 2849 niale
1579 2812 1758 2850 differunt
1785 2812 1881 2850 sicut
1907 2821 2108 2862 peccatum
2137 2814 2243 2863 quod
2277 2821 2332 2852 est
2358 2826 2405 2853 ex
2433 2826 2513 2855 ma-

1450 2865 1527 2903 litia
1556 2865 1818 2912 commissum,
1840 2866 1902 2903 vel
1923 2879 1968 2904 ex
1995 2866 2212 2904 infirmitate
2232 2875 2269 2904 et
2286 2867 2512 2915 ignorantia.

1452 2918 1530 2956 Sed
1549 2919 1760 2956 secundum
1778 2919 1854 2956 hoc
1881 2931 1960 2956 non
1980 2919 2159 2958 differunt
2186 2928 2342 2969 peccata
2361 2933 2513 2969 genere,

1451 2972 1519 3009 sed
1540 2983 1666 3018 causa,
1686 2979 1728 3008 ut
1746 2984 1862 3020 supra
1881 2971 1901 2994 ’¹‘
1920 2972 2063 3010 dietum
2093 2981 2159 3010 est.
2181 2974 2284 3022 Ergo
2312 2981 2514 3022 peccatum
2540 2985 2550 2995 ·

1451 3024 1599 3062 veniale
1629 3032 1665 3061 et
1693 3025 1854 3062 mortale
1882 3037 1960 3062 non
1990 3025 2170 3064 differunt
2196 3031 2346 3075 genere.
2495 3032 2517 3072 “,

1507 3079 1541 3115 3.
1561 3077 1795 3125 PRAETEREA,
1821 3090 1935 3127 supra
1963 3078 1984 3100 '¹‘
2013 3078 2155 3117 dictum
2185 3087 2240 3119 est
2267 3079 2384 3129 quod
2399 3075 2515 3127 subiti

1452 3139 1579 3168 motus
1607 3138 1686 3168 tam
1712 3131 1962 3168 sensualitatis
1982 3144 2099 3181 quarn
2128 3132 2294 3182 rationis,
2319 3140 2408 3178 sunt
2424 3129 2516 3183 psac-

1452 3192 1536 3221 cata
1569 3183 1743 3221 venialia.
1775 3185 1852 3222 Sed
1880 3184 1991 3222 subiti
2023 3193 2156 3223 motus
2192 3185 2439 3226 inveniuntur
2473 3185 2512 3222 in

1452 3237 1620 3286 quolibet
1655 3237 1802 3286 peccati
1838 3249 1989 3285 genere.
2018 3238 2121 3287 Ergo
2149 3250 2229 3277 non
2265 3246 2353 3277 sunt
2388 3237 2512 3287 aliqua

1450 3298 1609 3340 peccata
1635 3290 1799 3327 venialia
1828 3302 1873 3327 ex
1900 3303 2050 3339 genere.

1507 3345 1580 3380 SED
1610 3354 1755 3382 CONTRA
1783 3355 1849 3380 EST
1872 3344 1979 3392 quod
2002 3344 2249 3393 Augustinus,
2264 3343 2307 3384 in
2334 3355 2512 3381 sermone

389 3507 416 3538 α)
436 3506 483 3531 ita.
499 3518 519 3524 —
537 3505 598 3531 Om.
619 3506 645 3529 Ρ.

1507 3512 1531 3538 ρ)
1551 3514 1588 3531 ex
1606 3514 1710 3539 genere.
1729 3519 1747 3525 ·—
1764 3512 1862 3538 genere
1881 3505 2026 3534 ABCDHL.
2046 3505 2073 3530 in
2092 3511 2189 3538 genere
2206 3504 2238 3535 K,
2257 3512 2310 3530 om.
2330 3504 2363 3530 G.

2535 777 2545 787 ·
2559 775 2596 798 Cf.
2610 782 2676 800 uum.
2687 783 2710 799 v.

2829 871 2840 1301 nanum—mm
2836 842 2840 854 -
2832 797 2840 831 ιι..
2835 755 2840 787 ...-.

2828 1562 2840 1598 i

2830 1652 2840 1690 ἒ

2539 3090 2550 3101 ·
2563 3089 2698 3117 Qua-xxxv.
2709 3092 2751 3112 ert.

2538 3122 2562 3146 3,
2575 3115 2604 3138 nd
2617 3121 2643 3145 3;
2660 3119 2703 3138 art.
2718 3122 2752 3138 io.

2538 3332 2547 3341 ·
2563 3331 2589 3353 In
2602 3330 2712 3360 Append.
2722 3329 2752 3352 nd

2539 3357 2630 3406 aiv-¹21

1450 3397 1495 3434 de
1521 3397 1751 3446 Purgatorio
1770 3396 1802 3444 ⁹³²,
1818 3405 2023 3435 venumerat
2046 3397 2238 3446 quaedam
2265 3408 2404 3445 genera
2423 3409 2510 3446 pec·
2541 3399 2659 3434 cmm.

2647 3356 2756 3406 30⁸5ss
