2840 4010
352 145 423 180 194
1006 138 1270 183 QUAESTIO
1301 139 1473 186 XCvm,
1503 140 1799 178 ART1CULUs
1829 144 1860 179 11

344 220 444 250 tores
473 216 723 252 ostenderent.
751 216 860 252 Unde
890 216 1078 263 signanter
1107 215 1259 252 dicitur:
1290 221 1325 251 et
1351 216 1404 252 iu-
1460 218 1566 265 quod
1591 218 1653 254 lex
1679 220 1900 258 subintravit
1928 228 1967 258 ut
1993 224 2203 263 abundaret
2219 228 2403 275 delictum,
2425 237 2464 265 ut
2483 230 2520 278 ly

344 266 440 303 dicia
470 267 506 304 in
535 268 666 316 quibus
699 279 772 304 non
797 269 931 314 vivent,
952 268 1047 305 idest
1069 281 1138 316 per
1166 280 1265 316 quae
1285 268 1403 305 vitam
1461 276 1501 306 ut
1517 278 1689 307 teneatur
1714 273 1955 311 consecutive
1975 272 2000 321 δ,
2021 288 2100 313 non
2124 280 2335 317 causaliter:
2361 282 2519 330 inquan-

344 319 480 366 gratiae
502 321 671 357 obtinere
700 334 777 358 non
796 327 975 368 possunt3
1006 328 1042 357 et
1061 327 1195 369 postea
1214 320 1401 358 subditur:
1457 329 1538 359 tum
1568 323 1707 360 scilicet
1741 325 1934 374 homines,
1963 327 2189 376 accipientes
2223 333 2462 371 occasionem
2497 348 2519 371 a

342 373 393 408 Et
412 372 535 420 pollui
564 385 626 409 eos
663 376 699 411 in
738 374 953 410 muneribus
980 373 1075 418 suis,
1106 373 1202 411 idest
1237 374 1402 422 pollutos
1457 376 1550 423 lege,
1573 377 1824 414 abundantius
1853 388 2126 426 peccaverunt;
2146 389 2227 419 tum
2253 384 2341 431 quia
2368 387 2518 433 gravius

344 425 501 471 ostendi,
523 437 607 461 cum
628 427 808 476 offerrent
826 437 936 462 omne
963 426 1064 473 quod
1089 426 1211 474 aperit
1226 427 1401 474 xvulvam,
1457 428 1523 465 fuit
1541 437 1740 477 peccatum
1758 438 1846 479 post
1864 431 1954 479 legis
1974 432 2286 482 prohibitionem3
2307 444 2388 474 turn
2405 439 2516 477 etiam

337 483 492 525 propter
519 478 649 514 delicta
675 490 755 514 sua.
1456 481 1544 530 quia
1574 483 1879 531 concupiscentia
1909 485 2036 532 crevit,
2059 488 2178 534 magis
2207 488 2309 525 enim
2339 492 2516 540 concupi-

393 532 451 566 AD
481 542 668 567 SECUNDUM
697 542 880 567 D1CENDUM
918 532 1021 578 quod
1050 532 1108 568 lex
1138 531 1272 569 dicitur
1304 533 1402 570 occi·
1455 534 1596 571 scimus
1625 536 1729 583 quod
1757 537 1867 573 nobis
1895 538 2127 585 prohibetur.

342 581 449 627 disse,
470 595 547 618 non
568 583 722 630 quidem
744 583 929 630 effective,
951 584 1017 621 sed
1038 585 1333 632 occasionaliter,
1356 599 1400 623 ex
1508 589 1566 623 AD
1594 600 1753 625 TERT1UM
1782 601 1965 627 D1CENDUM
1987 591 2094 639 quod
2113 591 2243 640 iugum
2265 593 2355 640 legis
2374 596 2516 632 servari

340 647 407 670 sua
426 634 726 682 imperfectione:
747 636 973 685 inquantum
990 637 1129 675 scilicet
1142 638 1299 686 gratiam
1320 651 1398 676 non
1455 652 1533 676 non
1561 647 1709 688 poterat
1737 641 1816 678 sine
1844 643 1961 689 gratia
1985 643 2201 690 adiuvante,
2222 658 2339 693 quam
2358 647 2418 684 lex
2437 653 2525 687 nors

340 687 576 734 conferebat,
606 701 675 736 per
703 701 819 737 quam
852 689 1028 727 homines
1057 690 1216 739 implere
1244 699 1400 739 possent
1455 693 1588 729 dabat:
1623 693 1758 730 dicitur
1786 694 1887 731 enim
1915 697 2028 734 Rom.
2046 710 2078 734 ix
2098 697 2133 734 *ε
2162 699 2253 735 Non
2283 705 2338 735 est
2361 699 2516 739 volente

338 739 443 787 quod
471 741 688 788 mandabat,
715 742 776 778 vel
796 742 914 779 vitare
935 743 1040 790 quod
1059 744 1213 780 vetabat
1231 749 1258 781 Υ.
1280 745 1329 781 Et
1347 744 1399 781 sic
1454 757 1573 793 neque
1600 747 1794 792 currentis,
1824 747 1963 785 scilicet
1989 751 2087 787 velle
2116 759 2152 787 et
2181 764 2330 788 currere
2349 752 2389 789 in
2406 765 2515 800 prae-

338 792 487 828 occasio
517 793 585 830 ista
614 807 692 831 non
721 802 800 831 erat
829 795 927 842 data,
949 797 1015 833 sed
1035 804 1187 844 sumpta
1207 797 1255 833 ab
1274 797 1399 834 homi·
1454 798 1570 847 ceptis
1599 799 1683 844 Dei,
1711 799 1778 835 sed
1803 800 2009 838 miserentis
2035 803 2119 840 Dei.
2149 804 2260 841 Unde
2289 813 2325 841 et
2353 805 2391 842 in
2413 795 2514 850 Psat-

337 845 457 882 nibUS.
480 846 590 883 Unde
612 856 647 884 et
665 849 873 896 Apostolus
892 848 1035 886 ibidem
1065 849 1172 886 dicit:
1198 849 1400 887 Occasione
1453 863 1518 887 mo
1546 863 1652 887 vam
1671 851 1691 872 ’⁸
1721 851 1874 888 dicitur:
1916 854 2024 890 Viam
2061 857 2325 894 mandatorum
2363 864 2512 895 tuorum

336 904 486 946 accepta
510 906 706 947 peccatum
733 913 807 949 per
834 902 1054 938 mandatum
1082 902 1231 938 seduxit
1256 914 1333 948 me,
1364 909 1401 939 et
1452 905 1614 949 cucurri,
1645 916 1728 940 cum
1758 904 1920 941 dilatasti
1946 917 2013 942 cor
2040 920 2176 954 meum,
2202 910 2341 947 scilicet
2358 923 2427 960 per
2447 912 2513 948 do-

332 962 401 998 per
420 951 512 988 illud
538 954 679 990 occidit.
697 975 720 981 -
741 955 790 991 Et
810 966 854 991 ex
875 955 945 991 hac
967 954 1079 991 etiam
1100 953 1244 991 ratione
1265 955 1399 992 dicitur
1452 968 1544 993 num
1574 957 1713 1004 gratiae
1743 964 1778 993 et
1804 957 1975 995 caritatis.

387 1071 413 1103 γ)
434 1072 546 1096 vetabat.
559 1086 578 1090 -
591 1072 749 1104 prohibebat
768 1073 819 1097 EF.
1418 1068 1422 1108 Ι
1501 1073 1526 1108 ὃ)
1545 1076 1718 1101 consecutive.
1732 1090 1751 1094 -
1769 1076 1939 1101 constitutive
1958 1078 2137 1111 ACDGlpBH.

1101 1208 1416 1251 ARTICULUS
1447 1211 1744 1253 SECUNDUS
2374 1244 2394 1281 3
2475 1273 2477 1276 ι

1032 1296 1187 1327 UTRUM
1211 1296 1295 1327 LEX
1319 1296 1459 1328 VETUS
1483 1298 1642 1329 FUERIT
1666 1302 1694 1329 A
1718 1299 1806 1330 Deo
2173 1352 2176 1353 γ
2440 1296 2443 1298 ’

2398 1302 2483 1342 2252.»

2082 1362 2088 1364 μ
2128 1356 2130 1365 ι
2412 1339 2491 1376 ,ἿὟ

1207 1372 1251 1396 Ad
1270 1371 1361 1402 Helm,
1381 1380 1435 1404 cap.
1453 1381 1498 1403 vn,
1517 1374 1574 1398 lect.
1593 1382 1630 1398 111.
2384 1374 2501 1405 Ψῆῇ),

2471 1422 2499 1436 „X

417 1469 425 1483 ι
461 1474 503 1497 Α(
545 1462 567 1486 D
582 1461 772 1486 SECUNDUM
787 1462 840 1486 Sic
855 1461 1094 1487 PROCEDITUR.
1116 1450 1275 1488 Videtur
1290 1452 1396 1499 quod
1450 1453 1495 1489 de
1522 1465 1583 1490 me
1610 1454 1707 1490 enim
1733 1453 1793 1489 ille
1819 1455 1976 1503 scripsit.
1997 1455 2083 1493 Alio
2108 1457 2240 1505 modo,
2260 1470 2330 1507 per
2348 1459 2511 1498 moduni

451 1492 459 1503 v,
481 1495 507 1513 7&

457 1494 521 1553 ῗιῖῆ
544 1504 601 1539 lex
637 1510 747 1539 vetus
785 1515 864 1540 non
905 1503 1014 1539 fuerit
1052 1515 1073 1540 a
1110 1504 1206 1540 Deo.
1250 1504 1396 1541 Dicitur
1450 1505 1647 1543 cuiusdam
1669 1506 1934 1554 dispositionis,
1951 1509 2057 1555 dum,
2079 1510 2272 1548 retrahens
2291 1512 2468 1550 homines
2489 1524 2512 1550 a

444 1602 464 1612 w
480 1542 646 1593 ”εῃίῐῐι
683 1557 792 1592 Deut.
816 1568 911 1592 xxxu
935 1556 971 1592 *ε
1006 1557 1080 1593 Dei
1108 1558 1279 1605 perfecta
1310 1564 1398 1594 sunt
1450 1559 1551 1595 cultu
1571 1559 1816 1606 idololatriae,
1834 1561 2087 1598 concludebat
2102 1563 2254 1608 eosjsub
2276 1565 2376 1602 cultu
2399 1566 2512 1603 unius

2542 717 2553 728 ⁴
2566 717 2634 740 Vers.
2649 719 2680 741 ιδ.
2712 716 2732 749 ’Υ

2541 870 2551 880 “
2567 870 2634 892 vers.
2649 876 2682 899 3²·

388 1623 398 1637 x
443 1613 447 1621 ¹
499 1602 669 1657 &opera
692 1609 768 1645 Sed
788 1610 846 1645 lex
862 1609 929 1645 fuit
943 1609 1175 1658 imperfecta,
1192 1617 1233 1646 ut
1251 1611 1395 1658 supra*
1448 1611 1532 1658 Dei,
1553 1624 1575 1648 a
1594 1624 1670 1660 quo
1699 1613 1926 1650 salvandum
1956 1622 2035 1651 erat
2061 1609 2275 1662 humanu‘m
2305 1618 2424 1664 genus
2443 1630 2512 1667 per
2551 1644 2559 1658 Ι

280 1648 286 1654 ’
332 1662 472 1698 dictum
502 1670 567 1698 est.
597 1662 700 1709 Ergo
730 1663 788 1698 lex
815 1671 927 1699 vetus
955 1675 1034 1699 non
1062 1663 1130 1699 fuit
1157 1675 1179 1699 a
1207 1664 1303 1700 Deo.
1449 1664 1662 1701 Christum:
1697 1665 1798 1702 unde
1831 1668 2039 1715 Apostolus
2076 1667 2182 1714 dicit,
2215 1669 2383 1707 aa'Gal.
2409 1682 2444 1708 111
2459 1671 2509 1709 *τ

2541 1681 2549 1690 ·
2564 1659 2679 1709 Verulis.

386 1727 420 1751 2.
447 1715 684 1761 PRAETEREA,
713 1715 837 1752 Eccle.
859 1727 893 1751 111
917 1715 937 1736 '¹‘
966 1715 1117 1752 dicitur:
1146 1716 1275 1753 Didici
1296 1718 1396 1765 quod
1446 1717 1671 1765 Priusquam
1703 1719 1846 1755 veniret
1860 1720 1978 1767 fides,
2005 1721 2074 1757 sub
2101 1721 2186 1770 lege
2212 1719 2513 1761 custodiebamur
2735 1726 2739 1729 *

330 1768 457 1804 omnia
486 1780 601 1819 opera
630 1779 726 1816 quae
742 1769 840 1816 fecit
866 1769 981 1814 Deus.
1001 1775 1245 1816 perseverent
1270 1770 1307 1806 in
1331 1781 1393 1807 ae·
1447 1771 1614 1806 conclusi
1638 1771 1675 1807 in
1703 1783 1787 1808 eam
1805 1773 1927 1820 fidem
1957 1784 2054 1820 quae
2081 1774 2283 1811 revelanda
2311 1782 2402 1812 erat.
2429 1774 2512 1814 Μά-

329 1827 487 1857 ternum.
523 1821 599 1858 Sed
629 1822 687 1857 lex
715 1829 825 1857 vetus
854 1833 932 1857 non
960 1829 1180 1869 perseverat
1208 1822 1246 1859 in
1275 1829 1393 1860 aeter·
1447 1822 1624 1860 nifestum
1655 1832 1710 1860 est
1737 1832 1864 1861 autem
1894 1826 2001 1872 quod
2029 1825 2201 1863 eiusdem
2227 1835 2282 1864 est
2310 1828 2511 1877 disponere

329 1886 443 1911 num:
475 1873 563 1910 dicit
591 1873 692 1910 enirn
726 1875 944 1923 Apostolus,
974 1875 1025 1911 ad
1049 1875 1149 1912 Heb.
1174 1887 1220 1912 vn
1249 1876 1282 1912 *z
1319 1877 1392 1913 Re·
1447 1876 1496 1912 ad
1515 1876 1633 1912 finem
1659 1884 1694 1913 et
1717 1877 1765 1914 ad
1785 1878 1904 1914 finem
1922 1878 2150 1927 perducere:
2181 1887 2217 1916 et
2236 1880 2322 1918 dico
2346 1882 2510 1929 eiusdem

321 1928 497 1975 probatio
514 1928 737 1975 fit'quidem
761 1927 1018 1975 praecedentis
1037 1929 1217 1974 mandati,
1238 1934 1394 1977 propter
1446 1941 1516 1977 per
1534 1941 1575 1965 se
1598 1930 1659 1966 vel
1678 1942 1748 1978 per
1766 1931 2078 1969 suos-subiectos.
2102 1932 2194 1969 Non
2214 1929 2510 1973 enim-'diabolus

328 1981 581 2028 infirmitatem
610 1981 688 2016 eius
721 1986 754 2016 et
787 1980 1030 2017 inutilitatem.
1067 1982 1169 2029 Ergo
1198 1982 1257 2018 lex
1283 1990 1392 2019 vetus
1446 1982 1569 2029 legem
1589 1982 1732 2019 tulisset
1749 1995 1817 2031 per
1836 1995 1953 2031 quarn
1973 1985 2149 2022 homines
2169 1986 2509 2026 adducerentur'ad

327 2045 405 2070 non
435 2033 502 2070 fuit
529 2045 550 2070 a
579 2034 676 2070 Deo.
1447 2034 1657 2082 Christum,
1685 2048 1754 2084 per
1786 2048 1903 2084 quem
1932 2045 2010 2074 erat
2042 2038 2263 2085 eiiciendus‘3
2297 2041 2509 2078 secundum

384 2087 417 2123 3.
440 2087 673 2133 PRAETEREA,
695 2086 743 2123 ad
763 2086 971 2134 sapientem
1001 2086 1253 2134 legislatorem
1282 2087 1392 2137 perti-
1446 2087 1535 2124 illud
1565 2089 1697 2125 Matth.
1715 2101 1762 2125 ΧΠ
1781 2089 1818 2125 *ι
1848 2090 1891 2126 Si
1916 2091 2077 2128 Satanas
2105 2092 2286 2129 Satanam
2315 2093 2426 2140 eiicit,
2455 2093 2510 2131 dt—

328 2147 391 2176 net
419 2152 497 2176 non
525 2141 649 2176 solum
680 2140 780 2176 mala
809 2140 968 2186 auferre,
999 2140 1066 2177 sed
1091 2140 1205 2177 etiam
1226 2141 1392 2178 occasio·
1445 2141 1567 2177 visum
1596 2147 1650 2178 est
1681 2154 1842 2191 regnum
1871 2143 1960 2180 eius.
1992 2143 2041 2180 Et
2067 2144 2154 2181 ideo
2184 2145 2232 2182 ab
2257 2145 2395 2184 eodem
2422 2146 2508 2195 Deo

327 2205 394 2229 nes
413 2194 615 2229 malorum.
647 2193 722 2229 Sed
750 2199 861 2229 vetus
890 2194 948 2229 lex
977 2193 1044 2229 fuit
1063 2193 1214 2230 occasio
1234 2194 1391 2243 peccati,
1447 2205 1468 2230 a
1497 2206 1574 2242 quo
1603 2195 1699 2231 facta
1720 2202 1774 2231 est
1794 2197 1894 2232 salus
1913 2196 2119 2234 hominum*
2135 2208 2204 2246 per
2223 2199 2382 2246 gratiam
2402 2199 2510 2238 Chn-

87 2247 163 2296 ‘dAfl-
185 2247 298 2274 ⁹¹³2⁶0⁶⁴1
326 2253 369 2282 ut
396 2257 509 2295 supra
527 2246 547 2267 *
577 2245 717 2282 dictum
740 2253 805 2282 est.
835 2246 937 2293 Ergo
959 2247 1006 2283 ad
1028 2246 1168 2292 Deum,
1191 2247 1250 2284 cui
1270 2247 1393 2285 nullus
1447 2246 1507 2294 sti,
1537 2248 1596 2283 lex
1624 2254 1734 2284 vetus
1764 2248 1850 2285 data
1879 2256 1944 2286 est.

88 2280 181 2323 331⁵·
196 2307 220 2322 ²²
327 2304 381 2335 est
406 2299 535 2336 similis
554 2299 591 2335 in
611 2298 897 2348 legislatoribus,
927 2306 968 2335 ut
992 2298 1126 2336 dicitur
1145 2301 1214 2336 Iob
1233 2312 1341 2338 xxxw
1358 2300 1390 2348 ⁸,
1499 2302 1556 2336 AD
1581 2312 1717 2337 PRIMUM
1746 2313 1844 2338 ERGO
1874 2313 2058 2339 DICENDUM
2083 2303 2188 2351 quod
2216 2303 2307 2340 nihil
2333 2305 2511 2353 prohibet

160 2350 200 2367 ἀ
327 2364 405 2389 non
433 2351 645 2400 pertinebat
664 2356 680 2372 ‘²
710 2352 832 2399 legem
861 2352 974 2388 talem
1005 2352 1105 2389 dare.
1445 2352 1586 2402 aliquid
1615 2366 1693 2390 non
1722 2366 1802 2390 esse
1832 2355 2041 2403 perfectum
2070 2355 2298 2404 simpliciter,
2329 2358 2434 2406 quod
2451 2361 2510 2395 ta-

114 2407 179 2429 Vem·
194 2414 209 2433 4
379 2417 417 2452 4.
438 2406 672 2451 PRAETEREA,
694 2406 707 2440 l
728 2405 780 2441 ad
801 2405 895 2441 Tim.
913 2405 970 2441 11*
999 2405 1133 2442 dicitur
1161 2406 1266 2455 quod
1288 2407 1393 2443 Deus
1445 2418 1535 2442 men
1553 2414 1608 2442 est
1622 2407 1832 2455 perfectum
1847 2409 2059 2445 secundum
2075 2415 2244 2457 tempus:
2265 2409 2360 2447 sicut
2376 2410 2509 2448 dicitur

327 2458 407 2495 vult
433 2470 561 2494 omnes
593 2457 762 2494 homines
792 2458 916 2494 salvos
940 2458 1044 2506 fieri.
1086 2459 1161 2495 Sed
1195 2460 1254 2496 lex
1281 2467 1391 2496 vetus
1445 2458 1579 2507 aliquis
1606 2472 1701 2507 puer
1729 2461 1917 2508 perfectus
1937 2473 2015 2498 non
2039 2461 2267 2510 simpliciter,
2283 2463 2356 2500 sed
2375 2474 2509 2500 secun-

114 2515 299 2563 Artwrgcccdzfg
329 2524 407 2548 non
436 2511 649 2548 sufficiebat
677 2512 722 2548 ad
753 2512 912 2547 salutem
942 2511 1156 2559 hominum,
1182 2519 1224 2548 ut
1243 2512 1392 2560 supra*
1446 2512 1539 2549 dum
1567 2513 1750 2561 temporis
1779 2513 2049 2550 conditionem.
2081 2515 2132 2551 Ita
2162 2514 2274 2551 etiam
2306 2523 2509 2565 praecepta

90 2549 104 2570 q
154 2548 173 2564 α
193 2549 204 2563 a
229 2548 253 2569 '⁵
329 2565 471 2602 dictum
501 2571 564 2601 est.
592 2565 694 2611 Ergo
724 2564 771 2600 ad
802 2565 928 2600 Deum
949 2576 1027 2601 non
1046 2564 1258 2613 pertinebat
1276 2566 1391 2602 talem
1445 2577 1544 2614 quae
1572 2566 1698 2613 pueris
1729 2566 1874 2613 dantur,
1905 2573 1992 2603 sunt
2013 2566 2171 2615 quidem
2190 2567 2357 2615 perfecta
2376 2580 2508 2606 secun-

329 2619 452 2666 legem
482 2618 584 2654 dare.
615 2618 695 2653 Lex
725 2629 813 2664 ergo
842 2625 953 2654 vetus
981 2630 1059 2654 non
1089 2625 1143 2654 est
1163 2630 1184 2655 a
1204 2619 1300 2655 Deo.
1445 2618 1538 2655 dum
1559 2619 1816 2656 conditionem
1847 2631 1981 2656 eorum
2005 2619 2144 2668 quibus
2167 2620 2315 2666 dantur,
2337 2621 2508 2658 etsi-non

90 2675 101 2685 ⁶
117 2674 163 2696 Ver
199 2674 212 2695 ⁶
385 2672 459 2707 SED
479 2682 625 2707 CONTRA
640 2682 705 2706 EST
720 2670 825 2718 quod
840 2670 1030 2707 Dominus
1046 2671 1145 2718 dicit,
1157 2672 1291 2708 Matth.
1302 2682 1350 2709 xv
1358 2671 1389 2719 ⁸¹⁸,
1445 2671 1518 2708 sint
1537 2672 1702 2719 perfecta
1721 2672 1949 2721 simpliciter.
1966 2673 2015 2709 Et
2033 2672 2120 2709 talia
2139 2673 2289 2710 fuerunt
2306 2676 2509 2724 praecepm

145 2736 149 2737 ⁷
330 2725 489 2773 loquens
518 2723 678 2771 Iudaeis,
708 2723 844 2772 quibus
875 2731 952 2760 erat
980 2725 1038 2760 lex
1067 2731 1177 2760 vetus
1197 2725 1304 2762 data:
1333 2726 1391 2762 Ir-
1444 2724 1547 2771 legis.
1570 2725 1678 2761 Unde
1698 2726 1905 2773 Apostolus
1925 2725 2023 2772 dicit,
2038 2726 2091 2762 ad
2113 2726 2196 2763 Gal.
2213 2737 2248 2762 111
2263 2725 2300 2762 *ε
2321 2727 2407 2763 Lex
2419 2737 2509 2777 pae-

330 2778 442 2814 ritum
471 2777 611 2824 fecistis
639 2777 858 2813 mandatum
892 2777 967 2812 Dei
992 2783 1150 2825 propter
1177 2777 1392 2814 traditiones
1445 2777 1620 2827 dagogus
1649 2783 1773 2814 noster
1788 2778 1870 2826 suit
1897 2779 1933 2815 in
1966 2779 2125 2815 Christo.
2486 2791 2491 2801 ¹

91 2831 99 2839 ·
115 2829 161 2850 Ver
195 2837 210 2856 4

328 2837 481 2868 vestras.
512 2831 561 2867 Et
579 2830 693 2879 paulo
715 2836 800 2866 ante
815 2829 835 2850 ²⁸
854 2829 1121 2878 praemittitur,
1141 2831 1307 2867 Honora
1321 2841 1392 2879 pa·
1498 2832 1557 2866 AD
1586 2842 1775 2867 SECUNDUM
1803 2842 1987 2868 DiCENDUM
2015 2831 2121 2881 quod
2150 2842 2268 2880 opera
2290 2832 2362 2868 Dei
2382 2838 2509 2881 perse-

330 2889 423 2920 trem
453 2889 556 2920 tuum
585 2889 620 2920 et
647 2888 805 2919 matrem
839 2888 964 2929 tuam,
994 2883 1098 2931 quod
1127 2883 1326 2920 manifeste
1353 2883 1391 2920 in
1446 2890 1579 2920 verant
1606 2883 1644 2920 in
1673 2891 1882 2931 aeternum,
1913 2896 2010 2932 quae
2040 2884 2092 2921 sic
2120 2885 2226 2921 Deus
2254 2884 2341 2921 fecit
2363 2883 2379 2913 β
2405 2892 2448 2922 ut
2470 2885 2509 2922 ih

204 2941 229 2956 ⁰⁸
244 2968 263 2982 ει
279 2942 301 2961 χ’
330 2938 409 2985 lege
429 2937 548 2974 veteri
569 2936 780 2973 continetur
798 2935 829 2972 ²¹².
847 2936 947 2983 Ergo
969 2937 1027 2972 lex
1047 2943 1156 2973 vetus
1179 2944 1234 2973 est
1253 2949 1273 2973 a
1293 2937 1390 2974 Deo.
1447 2939 1644 2973 aeternum
1672 2943 1936 2985 perseverent:
1967 2944 2003 2974 et
2022 2937 2116 2974 haec
2136 2944 2222 2974 sunt
2241 2949 2286 2974 ea
2304 2949 2403 2986 quae
2422 2943 2510 2976 sunt

384 2991 608 3027 RESPONDEO
643 3001 828 3026 DlCENDUM
861 2989 965 3037 quod
1000 2990 1058 3025 lex
1094 2997 1205 3027 vetus
1238 3002 1260 3026 a
1288 2990 1391 3026 bono
1446 2989 1622 3038 perfecta.
1663 2990 1742 3026 Lex
1777 2997 1904 3026 autem
1937 2997 2048 3027 vetus
2080 2991 2305 3039 reprobatur
2336 2998 2508 3040 tempore

330 3044 414 3079 Deo
445 3043 531 3080 data
561 3050 626 3090 est,
657 3042 721 3091 qui
749 3050 804 3079 est
833 3043 945 3079 Pater
972 3042 1127 3079 Domini
1156 3043 1284 3080 Nostri
1308 3043 1392 3080 Iesu
1446 3042 1687 3091 perfectionis
1716 3042 1866 3090 gratiae,
1897 3055 1975 3079 non
2003 3051 2186 3091 tanquam
2210 3044 2321 3091 mala,
2343 3043 2410 3081 sed
2430 3048 2509 3083 tati-

332 3096 480 3133 Christi.
519 3097 598 3133 Lex
631 3095 733 3132 enirn
765 3095 1084 3133 vetushomines
1119 3095 1318 3133 ordinabat
1344 3097 1393 3134 ad
1447 3107 1563 3144 quam
1593 3095 1744 3132 infirma
1773 3103 1809 3132 et
1835 3095 1973 3132 inutilis
2000 3108 2070 3145 pro
2095 3096 2166 3133 isto
2185 3103 2376 3145 tempore:
2406 3096 2506 3145 quia,

333 3148 524 3185 Christum
554 3149 761 3197 dupliciter.
783 3149 870 3186 Uno
895 3149 1051 3197 quidem
1072 3149 1203 3198 modo,
1224 3149 1392 3186 testimo·
1446 3156 1488 3186 ut
1507 3148 1696 3194 subditur,
1722 3148 1813 3185 nihil
1831 3149 1883 3186 ad
1893 3150 2103 3197 perfectum
2128 3150 2287 3186 adduxit
2304 3149 2376 3186 lex.
2397 3148 2507 3187 Unde

332 3201 436 3237 nium
467 3202 616 3238 Christo
636 3202 892 3251 perhibendo:
914 3202 1015 3239 unde
1034 3202 1115 3251 ipse
1145 3202 1244 3250 dicit,
1265 3203 1391 3240 Lucae
1447 3203 1498 3239 ad
1519 3201 1602 3238 Gal.
1619 3214 1653 3239 111
1672 3201 1703 3249 *,
1725 3201 1814 3238 dicit
1837 3203 2065 3251 Apostolus:
2101 3202 2175 3240 Ubi
2194 3203 2294 3240 venit
2298 3203 2411 3250 fides,
2431 3202 2507 3239 iam

331 3254 397 3290 ult.
413 3253 447 3290 *ε
482 3255 633 3302 Oportet
655 3255 802 3303 impleri
825 3256 952 3292 omnia
972 3267 1069 3304 quae
1090 3255 1228 3304 scripta
1251 3261 1339 3292 sunt
1353 3256 1391 3292 in
1447 3268 1522 3292 non
1549 3267 1678 3291 sumus
1704 3255 1773 3292 sub
1796 3255 2037 3305 paedagogo.
2393 3306 2400 3314 ι

333 3305 416 3355 lege
443 3312 478 3342 et
497 3308 653 3354 psalmis
681 3314 715 3344 et
735 3309 928 3356 prophetis
956 3309 1001 3345 de
1029 3320 1089 3345 me
1097 3322 1110 3352 ‚·
1135 3316 1171 3345 et
1192 3310 1295 3346 loan.
1312 3320 1336 3345 v
1353 3308 1390 3345 *z
1499 3309 1558 3344 AD
1578 3319 1737 3345 TERTlUM
1758 3319 1941 3345 DICENDUM
1956 3308 2074 3356 quod,
2091 3308 2186 3346 sicut
2204 3306 2506 3366 supra*d1ctum

333 3359 375 3395 Si
400 3359 596 3396 crederetis
623 3361 775 3408 Moysi,
805 3362 1001 3398 crederetis
1020 3362 1190 3410 forsitan
1220 3368 1256 3398 et
1280 3362 1374 3398 mihi
1381 3376 1393 3398 .·
1448 3369 1518 3408 est,
1547 3362 1653 3398 Deus
1682 3360 1886 3409 aliquando
1923 3361 2105 3410 permittit
2131 3360 2278 3408 aliquos
2306 3359 2441 3397 cadere
2469 3372 2507 3396 in

387 3469 413 3501 α)
429 3469 589 3501 pertinebat.
603 3483 620 3488 ο
639 3470 663 3494 ei
682 3470 777 3494 addunt
797 3471 998 3503 ABCDGlel-l.
1419 3466 1422 3506 Ι
1502 3471 1527 3504 β)
1541 3473 1617 3505 fecit.
1631 3486 1649 3492 —-
1661 3473 1732 3506 sacit
1752 3471 1977 3496 ABCDEFGHIL.

2535 2089 2702 2134 '‘Ver-5265*
2733 2091 2736 2093 ’

2535 2737 2546 2748 ·
2560 2736 2627 2759 νει-ι.
2642 2742 2678 2764 ²4-

2535 3213 2544 3222 '
2561 3211 2627 3234 vers.
2641 3217 2674 3241 ²5-

2534 3319 2604 3373 ἐρα.
2615 3326 2693 3348 um,
2703 3323 2746 3343 ιη.
