2840 4010
78 729 204 778 :siqu
189 730 290 757 m..-

981 189 1246 236 QUAESTIO
1275 189 1431 237 XCVII,
1460 190 1755 227 ARTICULUS
1784 190 1836 226 IV

2423 190 2494 237 189

733 361 1144 439 QUAESTIO
1181 359 2079 418 NONAGESIMASEPTIMA

785 491 788 494 ·
967 488 1060 527 DE
1106 487 1541 528 MUTATIONE
1588 490 1838 530 LEGUM

1102 610 1135 635 IN
1165 610 1338 641 QUATUOR
1363 609 1564 636 ARTICULOS
1592 612 1707 636 DIVISA

401 728 508 754 ΕῙΝΒΕ
523 713 841 752 considerandum
855 720 910 749 est
924 712 971 749 de
984 712 1194 750 mutatione
1208 713 1374 760 legum*.

319 726 398 809 D
453 770 503 806 Et
530 768 628 805 circa
654 767 730 803 hoc
757 773 989 814 quaeruntur
1016 773 1190 814 quatuor.

370 821 521 859 Primo:
549 828 677 857 utrum
703 819 763 855 lex
790 819 959 855 humana
987 819 1033 855 sit
1061 817 1262 855 mutabilis.

371 873 570 912 Secundo:
590 879 719 909 utrum
734 883 887 920 semper
907 871 1044 908 debeat
1057 870 1204 918 mutari,
1221 870 1375 918 quando

422 925 562 975 aliquid
589 924 724 962 melius
752 925 968 961 occurrerit.

1485 713 1637 750 Tertio:
1667 722 1795 751 utrum
1824 727 1892 763 per
1929 717 2242 754 consuetudinem
2270 717 2489 764 aboleatur;

1539 790 1575 819 et
1601 791 1729 820 utrum
1759 786 1994 822 consuetudo
2025 786 2191 823 obtineat
2219 787 2298 824 vim
2327 787 2429 836 legis.

1485 853 1652 900 Quarto:
1672 861 1800 890 utrum
1820 867 1911 891 usus
1931 854 2020 902 legis
2041 856 2232 893 humanae
2251 869 2319 905 per
2338 857 2487 906 dispen-

1537 924 1724 960 sationem
1755 932 1944 961 rectorum
1974 925 2165 962 immutari
2195 926 2342 964 debeat.

1125 1031 1442 1073 ARTICULUS
1472 1031 1676 1073 PRIMUS

804 1134 959 1165 UTRUM
983 1133 1067 1164 LEx
1090 1132 1278 1163 HUMANA
1301 1131 1473 1162 DEBEAT
1496 1133 1662 1170 ALIQUO
1686 1133 1821 1179 MODO,
1837 1134 2005 1165 MUTAm

849 1221 923 1254 Infra,
942 1230 986 1255 qu.
1001 1229 1051 1254 etv,
1070 1227 1117 1247 art.
1133 1220 1156 1251 3.
1175 1220 1207 1245 ad
1219 1219 1256 1251 ἀς
1275 1220 1319 1245 Ad
1335 1221 1439 1250 Galat„
1459 1229 1513 1254 cap.
1528 1229 1545 1251 1,
1564 1222 1622 1246 lect.
1641 1229 1672 1253 1¹3
1687 1223 1711 1246 V
1727 1222 1824 1252 Ethic„
1845 1223 1903 1248 lect.
1916 1231 1958 1248 x11.

432 1330 441 1345 1
499 1332 503 1339 ‹
528 1323 551 1347 D
580 1321 717 1348 PRIMUM
744 1322 798 1347 sm
826 1321 1065 1348 PROCEDITUR.
1085 1309 1244 1347 Videtur
1273 1308 1378 1357 quod

381 1399 388 1413 Ι
449 1374 455 1381 ·
504 1378 505 1381 ’
529 1364 588 1400 lex
611 1364 781 1400 humana
800 1363 903 1400 nullo
924 1363 1043 1400 modo
1068 1362 1204 1400 debeat
1226 1361 1375 1398 mutari.

335 1419 346 1467 ’ζ
368 1406 453 1461 ”pn
472 1407 515 1466 ᾗ
530 1416 610 1453 Lex
630 1416 752 1453 enim
760 1417 929 1452 humana
949 1415 1140 1453 derivatur
1165 1427 1188 1452 a
1207 1415 1289 1462 lege
1313 1427 1378 1451 na-

375 1461 469 1508 ἷῷἓΐ)
486 1460 657 1515 χ1111311,
686 1476 727 1505 111
755 1480 869 1517 supra
895 1468 915 1490 ²¹⁶
944 1469 1086 1505 dictum
1119 1475 1185 1505 est.
1214 1468 1291 1505 Sed
1319 1468 1378 1504 lex

318 1520 498 1558 naturalis
524 1498 728 1558 immobilis
748 1529 966 1570 perseverat
985 1527 1013 1558 α.
1035 1522 1136 1569 Ergo
1165 1527 1203 1558 et
1223 1521 1282 1557 lex
1309 1521 1377 1557 hu-

319 1585 434 1611 mana
462 1573 576 1611 debet
602 1574 809 1611 immobilis
835 1586 1072 1623 permanere.

373 1637 408 1663 2.
438 1627 677 1675 PRAETEREA,
716 1627 810 1664 sicut
848 1627 1104 1676 Philosophus
1142 1626 1248 1673 dicit,
1278 1626 1316 1663 in
1343 1626 1379 1663 V

168 1690 184 1708 v
225 1726 232 1734 ¹
272 1694 292 1731 ι·
318 1679 438 1717 Ethic.
458 1678 491 1727 *,
512 1692 691 1717 mensura
710 1681 876 1717 maxime
896 1680 1008 1717 debet
1032 1691 1114 1717 esse
1136 1691 1377 1728 permanens.

84 2264 208 2294 'Qu-zu,
223 2268 294 2294 nrt.3.

321 1732 399 1770 Sed
413 1733 472 1769 lex
486 1733 655 1770 humana
670 1741 727 1771 est
745 1745 924 1770 mensura
939 1733 1196 1770 humanorum
1211 1739 1377 1779 actuum,

286 1793 361 1822 ut
389 1797 503 1834 supra
530 1785 550 1807 '¹‘
580 1786 722 1823 dictum
759 1794 823 1823 est.
859 1786 962 1834 Ergo
992 1786 1105 1823 debet
1138 1785 1381 1823 immobiliter

321 1850 558 1888 permanere.

377 1892 411 1928 3.
433 1892 666 1939 Pium-mm,
683 1891 731 1929 de
746 1892 891 1929 ratione
910 1891 1000 1939 legis
1021 1897 1076 1928 est
1096 1891 1201 1940 quod
1221 1890 1266 1927 sit
1285 1890 1380 1927 iusta

258 1967 292 1975 ·-
323 1950 359 1981 et
386 1951 500 1992 recta,
526 1952 567 1981 ut
596 1957 710 1993 supra
737 1943 757 1966 ²⁸
785 1945 926 1982 dictum
957 1951 1022 1981 est.
1053 1944 1131 1981 Sed
1157 1944 1247 1981 illud
1276 1944 1380 1992 quod

322 1997 442 2034 semel
470 2004 525 2034 est
552 2005 710 2045 rectum,
732 2009 882 2046 semper
902 2004 958 2034 est
984 2004 1139 2034 rectum.
1161 1997 1263 2045 Ergo
1292 1996 1381 2034 illud

322 2051 428 2098 quod
456 2051 574 2087 semel
603 2058 658 2087 est
685 2051 754 2098 lex,
776 2062 928 2099 semper
957 2049 1069 2087 debet
1093 2061 1174 2087 esse
1201 2051 1272 2087 lex.

377 2103 452 2140 SED
486 2114 631 2140 CONTRA
657 2115 724 2140 EST
752 2103 856 2152 quod
875 2102 1107 2151 Augustinus
1127 2101 1225 2150 dicit,
1245 2102 1283 2140 in
1303 2104 1318 2139 I
1337 2104 1383 2140 de

323 2156 405 2192 Lib.
434 2157 527 2193 Arb.
557 2156 597 2192 *ε
626 2158 711 2193 Lex
738 2156 964 2204 temporalis,
994 2156 1165 2204 quamvis
1193 2157 1288 2193 iusta
1315 2157 1381 2203 sit,

323 2210 550 2246 commutari
577 2215 700 2246 tamen
723 2221 797 2257 per
825 2215 993 2257 tempora
1021 2206 1037 2238 β
1065 2209 1156 2246 iuste
1176 2214 1308 2257 potest.

375 2262 610 2304 RESPONDEO,
626 2274 809 2300 DtCENDuM
830 2261 947 2311 quod,
964 2262 1059 2298 sicut
1078 2273 1190 2310 supra
1204 2261 1224 2283 *
1238 2261 1381 2299 dictum

323 2321 390 2360 est,
411 2315 469 2351 lex
498 2316 667 2352 humana
696 2322 751 2352 est
778 2314 975 2364 quoddam
999 2314 1188 2352 dictamen
1215 2314 1381 2363 rationis,

323 2379 400 2416 quo
430 2367 639 2416 diriguntur
656 2369 816 2405 humani
845 2375 961 2405 actus.
983 2368 1032 2404 Et
1055 2367 1266 2405 secundum
1294 2368 1380 2416 hoc,

323 2420 462 2468 duplex
490 2433 605 2458 causa
623 2428 748 2469 potest
776 2433 859 2458 esse
887 2421 992 2468 quod
1016 2421 1075 2457 lex
1093 2421 1263 2458 humana
1287 2421 1382 2458 iuste

321 2479 509 2510 mutetur:
534 2486 610 2511 una
629 2474 785 2522 quidem
807 2486 851 2510 ex
870 2480 976 2522 parte
997 2473 1169 2520 rationis3
1198 2474 1269 2510 alia
1286 2486 1381 2511 vero

324 2538 368 2562 ex
395 2533 502 2575 parte
530 2527 745 2576 hominum,
775 2539 940 2576 quorum
970 2533 1074 2563 actus
1102 2526 1184 2574 lege
1213 2527 1383 2575 regulan-

321 2586 394 2616 tur.
415 2580 473 2616 Ex
491 2587 598 2629 parte
627 2580 783 2628 quidem
803 2579 975 2625 rationis,
1006 2578 1095 2627 quia
1113 2579 1305 2617 humanae
1326 2593 1383 2617 ra-

321 2631 414 2668 tioni
448 2633 617 2669 naturale
646 2645 727 2669 esse
762 2632 912 2670 videtur
949 2640 990 2668 ut
1017 2631 1201 2679 gradatim
1234 2633 1282 2670 ab
1315 2633 1382 2670 im-

321 2684 490 2732 perfecto
519 2686 568 2722 ad
595 2686 805 2734 perfectum
834 2685 1042 2735 perveniat.
1067 2685 1178 2722 Unde
1204 2685 1382 2723 videmus

323 2736 363 2773 in
390 2736 550 2775 scientiis
574 2737 814 2786 speculativis
842 2739 948 2787 quod
975 2737 1039 2786 qui
1062 2737 1188 2786 primo
1215 2739 1383 2787 philoso-

322 2789 428 2838 phati
446 2797 545 2838 sunt,
566 2790 757 2838 quaedam
776 2790 997 2839 imperfecta
1019 2790 1261 2838 tradiderunt,
1281 2804 1381 2840 quae

322 2843 573 2890 postmodum
592 2855 660 2891 per
678 2843 907 2892 posteriores
933 2850 1020 2880 sunt
1038 2843 1158 2892 magis
1173 2845 1339 2893 perfecta
1353 2850 1380 2883 Υ.

323 2895 378 2931 Ita
406 2895 520 2932 etiam
549 2903 604 2932 est
627 2895 665 2932 in
694 2896 960 2945 operabilibus.
981 2897 1085 2934 Nam
1103 2897 1216 2945 primi
1244 2897 1308 2946 qui
1326 2898 1381 2934 in-

322 2947 525 2986 tenderunt
550 2948 721 2986 invenire
746 2949 886 2998 aliquid
914 2949 1003 2986 utile
1023 2950 1286 2988 communitati
1314 2951 1382 2987 ho·

322 2999 484 3050 minum,
511 3013 591 3038 non
617 3002 788 3038 valentes
816 3001 947 3039 omnia
975 3014 1020 3039 ex
1048 3002 1180 3051 seipsis
1209 3003 1381 3040 conside-

322 3065 422 3101 rare,
446 3053 685 3091 instituerunt
711 3054 904 3103 quaedam
940 3054 1160 3104 imperfecta
1188 3055 1226 3092 in
1254 3056 1382 3093 multis

322 3106 552 3154 deficientia3
569 3118 666 3155 quae
681 3107 910 3156 posteriores
924 3114 1178 3155 mutaverunt,
1189 3107 1383 3145 instituen-

321 3166 377 3196 tes
396 3159 522 3209 aliqua
548 3172 647 3209 quae
667 3159 707 3196 in
734 3159 978 3209 paucioribus
1001 3160 1166 3197 deficere
1194 3169 1351 3210 possent
1368 3159 1382 3184 ὅ

321 3225 344 3249 a
372 3212 570 3250 communi
597 3212 764 3250 utilitate.

373 3333 391 3351 α
417 3329 583 3358 perseverat.
601 3340 621 3344 —
635 3328 777 3357 permanet
800 3325 846 3350 Pa.

374 3324 402 3395 βζ
418 3368 468 3393 per
486 3364 615 3393 tempora.
632 3374 652 3381 —
669 3361 731 3386 Om.
749 3360 801 3386 EF.

372 3396 400 3431 γ)
420 3397 507 3430 magis
521 3397 651 3430 perfecta.
669 3409 687 3416 -
706 3396 808 3421 tradita
827 3395 913 3429 magis
928 3397 1047 3429 per-secte
1066 3396 1112 3421 Pa.

372 3430 399 3466 ὃ)
413 3435 533 3464 possent.
552 3446 570 3452 —
584 3435 699 3465 possunt
718 3432 856 3456 PABHLa.

1486 1309 1542 1345 Ex
1570 1317 1675 1357 parte
1702 1322 1796 1347 vero
1831 1311 2053 1359 hominum,
2084 1324 2249 1360 quorum
2278 1321 2381 1351 actus
2409 1314 2490 1363 lege

1431 1362 1657 1409 regulantur,
1679 1363 1738 1399 lex
1765 1371 1865 1399 recte
1886 1365 2022 1401 mutari
2052 1372 2175 1413 potest
2193 1373 2347 1415 propter
2370 1375 2491 1404 muta-

1431 1413 1574 1451 tionem
1604 1415 1866 1452 conditionum
1886 1417 2100 1465 hominum,
2122 1418 2259 1467 quibus
2277 1421 2489 1457 secundum

1433 1466 1601 1504 diversas
1638 1480 1772 1505 eorum
1815 1469 2052 1506 conditiones
2089 1471 2239 1507 diversa
2274 1473 2488 1521 expediunt.

1434 1519 1538 1556 Sicut
1574 1521 1808 1581 Augustinus
1838 1522 1948 1570 ponit
1980 1524 2208 1572 exemplum,
2229 1524 2267 1561 in
2292 1526 2304 1560 I
2335 1525 2380 1561 de
2407 1526 2488 1562 Lib.

1432 1573 1524 1609 Arb.
1542 1574 1575 1621 *,
1591 1573 1696 1621 quod
1714 1586 1746 1610 sz
1742 1574 1922 1622 populus
1939 1575 1986 1611 sit
2004 1576 2096 1613 bene
2115 1577 2329 1614 moderatus
2347 1583 2383 1614 et
2397 1590 2488 1628 gra-

1432 1626 1499 1671 vis,
1520 1628 1802 1675 communisque
1830 1627 1993 1664 utilitatis
2019 1629 2320 1678 diligentissimus
2348 1637 2490 1678 custos,

1434 1684 1531 1715 recte
1550 1679 1612 1715 lex
1627 1681 1760 1728 fertur
1788 1691 1862 1728 qua
1886 1681 1954 1717 tali
1973 1682 2114 1729 populo
2139 1682 2249 1719 liceat
2274 1695 2405 1720 creare
2422 1685 2494 1721 sibi

1433 1732 1696 1781 magistratus,
1720 1744 1794 1781 per
1829 1745 1922 1782 quos
1957 1734 2164 1782 respublica
2201 1736 2490 1774 administretur.

1433 1785 1554 1821 Porro
1581 1785 1616 1821 si
1635 1784 1821 1833 paulatim
1857 1786 1954 1822 idem
1977 1787 2140 1835 populus
2175 1788 2399 1836 depravatus
2426 1790 2492 1826 ha-

1434 1838 1520 1873 beat
1544 1838 1676 1874 venale
1691 1838 1934 1912 suffragium,
1955 1845 1990 1875 et
2012 1840 2179 1890 regimen
2189 1842 2394 1891 flagitiosis
2416 1854 2492 1879 sce-

1435 1890 1632 1939 leratisque
1655 1891 1895 1928 committat⁸
1906 1898 2037 1936 ;recte
2067 1893 2246 1930 adimitur
2264 1894 2331 1931 tali
2350 1895 2491 1943 populo
2617 1903 2628 1919 ε

1432 1948 1593 1991 potestas
1620 1944 1737 1980 dandi
1752 1945 1924 1991 honores,
1945 1951 1981 1981 et
2006 1946 2056 1982 ad
2067 1957 2281 1994 paucorum
2307 1948 2492 1984 bonorum

1435 1996 1531 2032 redit
1556 1997 1765 2034 arbitrium.

1489 2051 1547 2085 An
1568 2061 1704 2086 PRIMUM
1723 2061 1822 2087 ERGO
1841 2061 2025 2087 DICENDUM
2041 2051 2145 2099 quod
2164 2052 2341 2089 naturalis
2360 2053 2418 2090 lex
2438 2060 2494 2090 est

1435 2102 1669 2151 participatio
1689 2102 1879 2151 quaedam
1899 2102 1990 2151 legis
2010 2103 2223 2140 aeternae*
2225 2112 2290 2151 ,ut
2313 2118 2428 2154 supra
2450 2105 2493 2127 ²¹⁴*
2520 2112 2573 2133 ·D·
2588 2112 2617 2134 8⁰
2619 2112 2641 2134 8-

1437 2155 1579 2191 dictum
1609 2163 1678 2202 est,
1709 2163 1746 2192 et
1772 2155 1859 2192 ideo
1888 2155 2094 2192 immobilis
2120 2166 2358 2205 perseverat:
2388 2159 2493 2208 quod
2518 2138 2662 2219 ‘igzx'cwc1¹²¹
2650 2142 2699 2187 as?
2707 2144 2727 2191 {3

1435 2208 1549 2244 habet
1579 2220 1622 2245 ex
1651 2207 1915 2245 immobilitate
1944 2215 1980 2245 et
2007 2209 2238 2257 perfectione
2267 2210 2417 2248 divinae
2437 2224 2494 2248 ra-

1436 2261 1547 2297 tionis
1566 2261 1789 2298 instituentis
1808 2268 1996 2298 naturam.
2015 2262 2090 2299 Sed
2111 2262 2204 2299 ratio
2223 2264 2392 2300 humana
2411 2277 2494 2301 mu-

1435 2314 1556 2350 tabilis
1585 2322 1641 2350 est
1660 2321 1696 2351 et
1714 2314 1946 2363 imperfecta.
1967 2315 2016 2351 Et
2034 2314 2120 2352 ideo
2150 2315 2229 2352 eius
2247 2316 2306 2352 lex
2334 2317 2494 2354 mutabi-

1436 2366 1481 2403 lis
1502 2374 1566 2403 est.
1588 2388 1611 2394 -
1632 2367 1680 2403 Et
1699 2374 1895 2415 praeterea
1913 2367 1972 2403 lex
1999 2368 2175 2404 naturalis
2196 2369 2361 2406 continet
2380 2382 2494 2417 quae-

1438 2420 1526 2456 dam
1542 2419 1771 2457 universalia
1784 2427 1999 2469 praecepta,
2015 2433 2114 2470 quae
2128 2420 2140 2444 ζ
2155 2433 2307 2470 semper
2321 2430 2493 2459 manent:

1437 2474 1496 2509 lex
1531 2485 1625 2509 vero
1663 2472 1787 2521 posita
1815 2473 1862 2510 ab
1900 2473 2056 2510 homine
2092 2474 2258 2511 continet
2292 2483 2495 2524 praecepta

1437 2526 1627 2574 quaedam
1655 2525 1914 2574 particularia,
1944 2527 2156 2564 secundum
2186 2527 2356 2565 diversos
2386 2541 2494 2565 casus

1436 2579 1501 2627 qui
1530 2585 1737 2626 emergunt.

1489 2633 1548 2667 AD
1564 2643 1753 2668 SECUNDUM
1773 2643 1956 2668 DICENDUM
1971 2632 2076 2680 quod
2091 2644 2269 2669 mensura
2285 2633 2398 2669 debet
2413 2645 2494 2669 esse

1435 2696 1665 2733 permanens
1693 2691 1878 2732 quantum
1908 2692 1963 2721 est
1990 2685 2181 2733 possibile.
2212 2685 2288 2722 Sed
2315 2685 2354 2722 in
2382 2686 2494 2722 rebus

1436 2737 1681 2774 mutabilibus
1709 2749 1788 2773 non
1815 2743 1940 2785 potest
1969 2750 2050 2774 esse
2078 2738 2217 2786 aliquid
2246 2738 2404 2775 omnino
2424 2738 2494 2775 im-

1436 2789 1665 2827 mutabiliter
1690 2802 1932 2838 permanens.
1959 2791 2008 2827 Et
2035 2790 2122 2827 ideo
2142 2792 2200 2827 lex
2226 2791 2397 2828 humana
2415 2803 2494 2828 non

1435 2851 1560 2892 potest
1588 2855 1669 2879 esse
1699 2842 1858 2880 omnino
1886 2843 2143 2880 immutabilis.

1489 2898 1547 2933 AD
1562 2907 1721 2933 TERTmM
1741 2908 1925 2933 DICENDUM
1939 2896 2043 2944 quod
2059 2903 2203 2932 rectum
2222 2895 2261 2932 in
2281 2896 2392 2933 rebus
2412 2909 2493 2934 cor-

1435 2949 1629 2998 poralibus
1658 2949 1792 2986 dicitur
1812 2949 1999 2986 absolute:
2026 2956 2061 2985 et
2083 2948 2170 2986 ideo
2190 2960 2352 2996 semper,
2373 2961 2493 2998 quan-

1436 3011 1517 3039 tum
1538 3010 1594 3039 est
1618 3003 1666 3039 de
1685 3014 1738 3049 se,
1758 3009 1888 3038 manet
1916 3008 2072 3038 rectum.
2098 3001 2175 3038 Sed
2194 3001 2378 3039 rectitudo
2402 3002 2494 3050 legis

1436 3055 1571 3092 dicitur
1597 3055 1636 3091 in
1665 3054 1796 3091 ordine
1825 3054 1873 3091 ad
1900 3054 2095 3091 utilitatem
2133 3065 2402 3103 communem,
2433 3056 2493 3092 cui

1435 3120 1515 3145 non
1543 3119 1695 3156 semper
1730 3107 2039 3155 proportionatur
2065 3118 2143 3143 una
2171 3107 2383 3157 eademque
2421 3121 2492 3156 res,

1436 3161 1531 3198 sicut
1558 3172 1672 3208 supra
1699 3159 1719 3180 ’¹‘
1747 3158 1889 3196 dictum
1919 3167 1984 3196 est.
2010 3160 2058 3196 Et
2085 3159 2172 3196 ideo
2200 3159 2282 3197 talis
2309 3160 2493 3199 rectitudo
2521 3173 2530 3182 ·
2545 3172 2570 3193 1n
2586 3178 2691 3200 corpore-

1435 3220 1612 3250 mutatur.

2518 1592 2527 1600 '
2542 1590 2598 1619 Cap.
2612 1597 2643 1612 vx.

1481 3327 1514 3366 ἐ)
1532 3326 1720 3351 committat.-
1733 3326 1901 3351 committant
1915 3326 1952 3350 Pa
1970 3330 1996 3350 et
2009 3326 2124 3356 codicem
2142 3333 2190 3358 pro
2208 3326 2258 3352 tali
2271 3327 2380 3359 populo,
2395 3328 2496 3360 populo

1437 3362 1612 3430 tdtbpssuae.
1629 3409 1648 3415 -
1666 3398 1692 3421 et
1710 3402 1777 3428 quae
1794 3395 1986 3426 ABCDFGHL,
2005 3399 2031 3421 et
2049 3396 2178 3429 quaedam
2199 3397 2218 3422 1.
