2840 4010
31 3403 41 3414 ·
50 3402 241 3426 ord.et1ntenin.

31 3434 60 3451 u
73 3430 135 3457 Aug.

28 3455 43 3468 ⁴
54 3454 122 3478 Vero.
136 3461 158 3483 7.

923 164 1186 210 QUAESTIO
1217 166 1389 212 LXXIII,
1419 166 1712 206 ARTICULUS
1740 168 1790 204 VI

273 245 473 287 peccatum
502 239 711 288 spirituale3
742 240 966 286 adulterium
996 250 1122 280 autem
1146 244 1194 280 ad
1222 244 1328 285 luxu-

274 290 387 338 riam,
416 302 514 339 quae
543 299 598 329 est
624 301 823 340 peccatum
852 295 1011 337 carnale.
1043 296 1144 342 Ergo
1174 304 1328 343 peccata

275 342 438 389 earnalia.
465 351 550 388 sunt
579 344 730 385 maioris
760 346 903 394 culpae.

329 407 363 432 2.
384 396 615 444 PRAETEREA,
644 398 876 445 Augustinus
905 398 1002 445 dicit,
1022 410 1134 446 super
1158 400 1274 435 Levit.
1295 399 1326 446 ²¹²,

274 447 378 496 quod
392 447 565 493 diabolus
585 449 750 493 maxime
763 451 903 497 gaudet
923 451 970 489 de
988 458 1144 498 peccato
1160 451 1327 492 luxuriae

275 506 310 537 et
328 499 571 547 idololatriae.
594 501 670 538 Sed
689 502 737 542 de
757 502 891 546 maiori
911 503 1022 550 culpa
1041 502 1159 550 magis
1178 502 1325 550 gaudet.

274 552 388 600 Ergo,
410 565 497 599 cum
515 554 662 599 luxuria
688 554 736 599 sit
761 561 960 609 peccatum
990 555 1149 600 carnale,
1178 554 1328 594 videtur

274 605 377 653 quod
405 614 559 654 peccata
587 606 748 651 carnalia
777 606 848 650 sint
876 606 1060 649 maximae
1090 607 1233 654 culpae.

327 658 362 703 3,
374 658 605 706 PRAETERm,
621 658 874 706 Philosophus
889 659 1034 706 probat,
1046 658 1084 695 in
1094 659 1162 702 V11
1173 659 1325 706 Ethic.*,

195 698 227 714 ν’
273 710 377 758 quod
396 711 626 756 incontinens
645 711 961 758 concupiscentiae
979 717 1032 748 est
1049 712 1194 760 turpior
1213 723 1326 760 quam

273 762 502 809 incontinens
524 764 616 808 inae.
646 762 724 807 Sed
746 762 800 803 ira
829 770 884 806 est
906 771 1105 812 peccatum
1125 764 1325 812 spirituale,

61 823 110 854 eq,
171 830 185 845 v
211 830 243 871 ξι.
272 815 482 861 secundum
503 814 740 863 Gregorium,
771 816 1063 858 XXXI-Moral.
1083 816 1121 861 *;
1151 817 1326 864 concupi-

273 867 413 914 scentia
440 875 567 913 autem
589 867 750 917 pertinet
771 868 819 905 ad
842 876 998 916 peccata
1022 869 1193 910 carnalia.
1224 870 1325 916 Ergo

270 926 470 1009 pecglatum
490 920 638 965 carnale
659 927 714 964 est
732 920 882 968 gravius
899 933 1015 969 quam
1034 928 1232 969 peccatum
1253 921 1326 970 spi-

272 978 341 1016 tltu
359 983 413 1018 ,9-

325 1024 399 1069 ὃς.»
422 1035 568 1070 CONTRA
595 1036 660 1061 EST
688 1025 791 1073 quod
825 1025 1027 1072 Gregorius
1055 1025 1142 1069 dicit
1162 1026 1192 1073 *‚
1222 1026 1326 1073 quod

236 1075 244 1107 ἴ
269 1084 424 1124 peccata
451 1077 613 1123 carnalia
641 1085 727 1123 sunt
750 1077 908 1123 minoris
937 1079 1081 1127 culpae,
1111 1086 1147 1116 et
1173 1078 1325 1120 maioris

270 1128 448 1176 infamiae
468 1134 496 1166 ᾳ.

323 1182 547 1228 ΒεεΡοΝῡΕο
576 1194 758 1220 memnon
795 1183 900 1231 quod
931 1190 1087 1231 peccata
1123 1183 1325 1231 spiritualia

252 1235 530 1285 auat-maioris
550 1236 681 1283 culpae
701 1247 816 1283 quam
836 1243 990 1284 peccata
1010 1235 1183 1279 carnalia·
1210 1236 1325 1281 Quod

272 1299 351 1334 non
378 1294 433 1333 est
460 1287 513 1334 sig
537 1287 819 1335 intelligendum
849 1288 955 1336 quasi
977 1287 1174 1336 quodlibet
1191 1300 1323 1336 peccet·

271 1346 353 1386 tum
373 1340 563 1388 spirituale
583 1340 627 1377 sit
645 1340 797 1386 maioris
818 1341 950 1389 culpae
978 1340 1147 1389 quolibet
1169 1348 1325 1389 peccato

270 1392 428 1429 carnali:
457 1393 524 1430 sed
545 1393 644 1441 quia,
666 1393 901 1430 considerata
927 1393 1000 1429 hac
1019 1394 1098 1429 sola
1117 1392 1326 1437 differentia

270 1444 534 1494 spiritualitatis
562 1453 599 1491 et
627 1445 866 1492 carnalitatis,
895 1445 1069 1494 graviora,
1096 1453 1183 1490 sunt
1209 1458 1324 1493 quam

270 1505 393 1545 cetera
406 1505 572 1547 peccata,
589 1498 720 1543 ceteris
734 1498 888 1546 paribus
903 1497 928 1535 *³-
950 1498 1068 1543 Cuius
1087 1498 1179 1544 ‚ratio
1194 1498 1325 1546 triplex

267 1556 394 1599 potest
415 1550 606 1598 assignari.
637 1550 764 1590 Prima
792 1551 946 1599 quidem
966 1562 1012 1596 ex
1030 1558 1137 1600 parte
1157 1550 1323 1594 subiecti.

269 1603 373 1641 Nam
404 1610 560 1652 peccata
592 1603 796 1651 spiritualia
832 1603 1020 1652 pertinent
1051 1603 1098 1640 ad
1132 1603 1324 1652 spiritum,

269 1654 375 1692 cuius
395 1662 450 1692 est
469 1655 638 1692 converti
657 1656 705 1693 ad
724 1657 851 1695 Deum
876 1664 912 1693 et
931 1656 978 1697 ab
1007 1668 1054 1698 eo
1073 1655 1211 1696 averti:
1240 1668 1326 1704 pec-

269 1714 351 1745 cata
379 1719 472 1745 vero
498 1708 660 1745 carnalia
688 1716 999 1745 consummantur
1022 1708 1059 1745 in
1079 1708 1326 1745 delectatione

268 1760 426 1797 carnalis
446 1761 644 1810 appetitus,
674 1761 722 1798 ad
743 1768 865 1809 ‘quem
889 1760 1141 1810 principaliter
1167 1761 1327 1809 pertinet

268 1812 317 1850 ad
345 1813 491 1850 bonum
521 1814 717 1862 corporale
739 1814 919 1851 converti.
950 1815 999 1851 Et
1023 1813 1109 1858 ideo
1128 1821 1326 1862 peccatum

269 1866 428 1913 carnale,
445 1866 669 1915 inquantum
689 1866 920 1914 huiusmodi,
936 1867 1020 1920 plus
1039 1866 1153 1909 habet
1173 1867 1219 1910 de
1236 1878 1325 1902 con-

266 1917 454 1966 versione,
479 1926 634 1967 propter
653 1919 758 1967 quod
788 1919 899 1956 etiarn
929 1927 984 1956 est
1007 1919 1160 1956 maioris
1189 1918 1327 1955 adhae-

267 1970 403 2008 sionis:
442 1971 509 2008 sed
545 1979 744 2020 peccatum
780 1972 968 2020 spirituale
1006 1972 1121 2011 habet
1157 1972 1242 2020 plus
1279 1971 1326 2008 de

267 2023 478 2072 aversione,
507 2036 552 2060 ex
572 2036 648 2072 qua
675 2025 847 2073 procedit
867 2024 961 2061 ratio
991 2025 1134 2073 culpae.
1164 2025 1213 2060 Et
1239 2024 1326 2060 ideo

265 2083 466 2124 peccatum
500 2077 709 2125 spirituale,
740 2077 965 2125 inquantum
1003 2076 1242 2124 huiusmodi,
1273 2083 1327 2113 est

265 2129 421 2166 maioris
451 2130 593 2178 culpae.

2386 180 2435 215 29

1435 245 1610 285 Secunda
1624 245 1718 286 ratio
1732 253 1856 294 potest
1869 245 1967 285 sumi
1983 257 2027 284 ex
2041 253 2146 293 parte
2163 245 2241 287 eius
2261 246 2299 283 in
2318 258 2433 294 quem

1382 304 1568 344 peccatur.
1599 298 1702 338 Nam
1725 305 1923 346 peccatum
1945 298 2103 344 carnale,
2124 298 2347 346 inquantum
2365 298 2434 337 hu-

1382 348 1557 395 iusmodi,
1579 357 1634 391 est
1651 349 1687 390 in
1707 362 1845 403 corpus
1864 350 2078 399 proprium;
2104 351 2207 398 quod
2227 358 2283 387 est
2308 350 2433 391 minus

1383 400 1632 448 diligendum,
1661 403 1871 443 secundum
1905 402 2077 442 ordinem
2111 402 2287 449 caritatis,
2317 414 2431 450 quam

1382 453 1486 493 Deus
1515 460 1550 492 et
1577 454 1783 501 proximus,
1805 454 1842 495 in
1862 467 1958 503 quos
1980 463 2158 503 peccatur
2184 467 2252 503 per
2278 461 2432 502 peccata

1381 504 1593 551 spiritualia.
1624 507 1671 545 Et
1694 506 1781 546 ideo
1799 514 1953 555 peccata
1977 506 2189 555 spiritualia,
2210 507 2431 554 inquantum

1381 555 1609 603 huiusmodi,
1639 566 1724 597 sunt
1752 559 1904 599 maioris
1933 560 2076 608 culpae.

1434 608 1561 647 Tertia
1581 609 1673 646 ratio
1700 617 1824 658 potest
1843 611 1941 647 sumi
1969 623 2014 653 ex
2033 619 2138 660 parte
2158 611 2302 649 motivi.
2332 609 2432 656 Quia

1381 668 1522 707 quanto
1552 668 1607 697 est
1640 662 1788 708 gravius
1820 663 2062 711 impulsivum
2096 664 2144 705 ad
2176 663 2430 712 peccandum>

1380 719 1483 754 tanto
1502 713 1619 754 horno
1640 713 1764 754 minus
1792 723 1932 762 peccat,
1953 723 1993 751 ut
2010 715 2104 756 infra
2118 715 2138 738 ’¹‘
2157 716 2310 758 dicetur.
2340 716 2432 758 Pess·
2458 721 2467 729 '

1382 772 1463 806 cata
1491 772 1617 805 autem
1646 766 1807 807 carnalia
1839 767 1978 805 habent
2003 768 2267 810 vehementius
2296 767 2432 815 impul·

1381 817 1518 863 sivum,
1538 817 1632 858 idest
1650 817 1771 865 ipsam
1801 819 2144 867 concupiscentiam
2173 820 2292 861 carnis
2320 819 2429 859 nobis

1380 869 1557 911 innatam.
1588 871 1636 906 Et
1663 870 1748 910 ideo
1776 878 1929 918 peccata
1961 871 2180 919 spiritualia,
2209 872 2429 919 inquantum

1380 921 1608 969 huiusmodi,
1638 929 1723 963 sunt
1751 923 1903 963 maioris
1932 925 2073 971 culpae.

1433 976 1491 1014 Ao
1512 986 1646 1012 ramum
1666 986 1762 1014 ERGO
1782 987 1963 1016 mCENDtJM
1983 975 2087 1023 quod
2106 976 2326 1014 adulterium
2353 987 2430 1013 non

1381 1027 1505 1067 solum
1533 1026 1691 1075 pertinet
1719 1027 1767 1065 ad
1793 1035 1991 1075 peccatum
2020 1027 2197 1074 luxuriae,
2223 1028 2288 1065 sed
2318 1027 2427 1065 etiam

1380 1079 1540 1126 pertinet
1559 1079 1606 1116 ad
1634 1087 1832 1127 peccatum
1860 1079 2067 1122 iniustitiae,
2097 1080 2145 1123 Et
2172 1087 2354 1128 quantum
2381 1079 2429 1116 ad

1379 1132 1465 1177 hoc,
1486 1138 1610 1179 potest
1628 1131 1675 1169 ad
1696 1132 1890 1170 avaritiam
1910 1132 2057 1177 reduci;
2086 1139 2127 1173 ut
2146 1132 2281 1173 Glossa
2294 1131 2314 1155 *
2333 1131 2428 1177 dicit,

1379 1184 1431 1220 ad
1445 1184 1579 1231 Ephes.
1600 1196 1623 1220 v
1642 1185 1674 1230 ff,
1703 1196 1817 1232 super
1835 1184 1942 1231 illud,
1977 1185 2103 1227 Omnis
2120 1184 2347 1232 fornicator,
2367 1189 2433 1227 aut

1380 1236 1603 1281 immundus,
1628 1242 1694 1278 aut
1710 1248 1860 1279 avarus,
1890 1237 1938 1273 Et
1964 1244 2053 1278 tunc
2072 1236 2221 1284 gravius
2247 1244 2302 1272 est
2329 1236 2430 1278 adul-

1379 1288 1514 1328 terium
1543 1300 1658 1336 quam
1692 1289 1849 1335 furtum,
1879 1296 2020 1337 quanto
2049 1288 2195 1332 homini
2229 1288 2349 1326 carior
2377 1295 2431 1324 est

1379 1353 1474 1385 uxor
1503 1353 1618 1389 quam
1648 1353 1705 1378 res
1733 1353 1907 1389 possessa
1924 1341 1955 1377 ²¹⁶.

1433 1395 1490 1430 AD
1519 1405 1707 1430 SECUNDUM
1735 1405 1917 1434 mei-:noun
1950 1393 2054 1441 quod
2092 1392 2262 1433 diabolus
2299 1392 2431 1431 dicitur

1381 1445 1545 1489 maxime
1573 1446 1736 1493 gaudere
1765 1446 1811 1485 de
1845 1453 2000 1494 peccato
2034 1445 2220 1491 luxuriae,
2251 1444 2339 1492 quia
2376 1451 2430 1481 est

1380 1498 1568 1536 maximae
1596 1498 1877 1544 adhaerentiae,
1908 1505 1943 1542 et
1970 1497 2120 1541 difficile
2157 1498 2204 1535 ab
2238 1509 2284 1533 eo
2311 1497 2429 1533 homo

1379 1558 1502 1599 potest
1530 1550 1640 1599 eripi:
1671 1550 1886 1589 insatiabilis
1913 1556 1966 1586 est
1992 1550 2091 1587 enim
2121 1549 2340 1588 delectabilis
2367 1560 2431 1596 ap-

1375 1603 1524 1651 petitus,
1554 1610 1594 1639 ut
1622 1602 1874 1651 Philosophus
1903 1602 2000 1649 dicit,
2029 1602 2067 1638 in
2088 1603 2135 1637 111
2155 1601 2273 1637 Ethic.
2293 1600 2313 1622 '¹‘

1433 1654 1491 1691 AD
1519 1667 1677 1692 TERTlUM
1712 1666 1894 1692 DlCENDUM
1927 1654 2031 1702 quod
2058 1654 2311 1701 Philosophus
2345 1652 2431 1689 dicit

1381 1708 1586 1756 turpiorem
1610 1713 1626 1735 's
1655 1720 1736 1744 esse
1774 1707 2067 1743 incontinentem
2105 1705 2428 1753 concupiscentiae

1380 1773 1494 1808 quam
1524 1760 1817 1796 incontinentem
1845 1759 1941 1806 irae,
1972 1759 2057 1807 quia
2085 1758 2209 1795 minus
2237 1757 2431 1806 participat

1381 1814 1426 1858 de
1457 1813 1609 1857 ratione,
1639 1813 1688 1855 Et
1715 1812 1924 1848 secundum
1952 1813 2026 1848 hoc
2055 1811 2165 1847 etiam
2195 1810 2293 1856 dicit,
2322 1809 2360 1846 in
2380 1810 2428 1845 III

1379 1866 1496 1902 Ethic.
1517 1865 1552 1912 ³¹⁶,
1583 1865 1687 1913 quod
1715 1871 1869 1913 peccata
1905 1863 2211 1912 intemperantiae
2239 1869 2324 1898 sunt
2351 1873 2430 1898 ma·
2455 1871 2598 1919 ¹⁸¹¹-pgxffi3
2613 1878 2664 1919 ,333

2516 1930 2555 1945 XX.

1379 1918 1478 1954 xime
1508 1917 1793 1966 exprobrabilia,
1822 1916 1910 1965 quia
1938 1924 2022 1952 sunt
2046 1916 2141 1952 circa
2168 1915 2245 1951 illas
2273 1914 2431 1951 delecta-
2456 1930 2502 1950 nx,

1379 1971 1499 2007 tiones
1520 1982 1616 2018 quae
1637 1977 1722 2006 sunt
1740 1981 1965 2006 communes
1984 1968 2094 2005 nobis
2114 1975 2149 2004 et
2168 1966 2304 2003 brutis:
2327 1966 2430 2003 unde

1381 2023 1666 2072 quodammodo
1686 2034 1755 2071 per
1770 2022 1842 2058 vista
1860 2028 2014 2071 peccata
2041 2022 2159 2057 homo
2179 2019 2328 2056 brutalis
2349 2018 2431 2055 red-

1381 2075 1489 2112 ditur.
1519 2076 1567 2111 Et
1594 2074 1682 2111 inde
1710 2082 1767 2111 est
1793 2072 1909 2122 quod,
1940 2074 2034 2110 sicut
2061 2071 2265 2120 Gregorius
2293 2070 2380 2114 dicit
2397 2070 2428 2118 ³⁸²,
2457 2107 2469 2122 c

1381 2136 1466 2164 sunt
1494 2127 1647 2164 maioris
1675 2127 1860 2166 infamiae.

319 2242 346 2276 α)
367 2244 502 2277 insamicxe.
519 2257 538 2262 -
555 2250 634 2275 quam
653 2243 805 2275 spiritualia
824 2243 920 2267 addunt
939 2243 984 2267 Pa.

319 2277 345 2312 fi)
364 2286 443 2311 quam
455 2296 461 2304 .
472 2295 479 2304 .
490 2296 496 2303 .
512 2279 633 2313 paribus.
646 2292 665 2297 -
679 2278 831 2309 spiritualia
845 2281 958 2310 peccata
971 2278 1066 2306 ceteris
1074 2278 1188 2310 paribus
1207 2278 1326 2310 (paribus

264 2321 320 2348 9⁹32
338 2313 370 2349 E)
391 2314 480 2345 EKsB,
499 2317 587 2338 cetera
601 2317 713 2346 peccata
731 2314 824 2338 ceteris
843 2313 862 2337 F
869 2321 876 2344 ς
896 2321 974 2345 quam
993 2321 1045 2338 om.
1059 2313 1259 2345 ACDGILpBH.

1431 2241 1457 2274 γ)
1478 2241 1648 2273 Philosophus
1667 2240 1733 2265 dicit
1752 2241 1908 2276 turpiorem.
1925 2253 1944 2258 —-
1961 2240 2029 2264 sicut
2047 2237 2219 2269 Philosophus
2238 2237 2309 2265 dicit.
2329 2238 2432 2269 turpius

1378 2277 1496 2308 (turpior
1515 2277 1554 2301 ed.
1567 2279 1596 2307 a)
1615 2280 1654 2303 est
1673 2276 1719 2301 Pa.

1073 2456 1387 2507 Anticuius
1418 2454 1623 2506 SEXTUS
1965 2504 1970 2510 ,

498 2550 652 2580 UTRUM
677 2549 892 2579 GRAVITAS
915 2548 1212 2581 PECCATORUM
1235 2548 1534 2579 ATTENDATUR
1558 2546 1793 2577 SECUNDUM
1817 2545 1990 2576 CAUSAM
2014 2544 2198 2575 PECCATI

1160 2626 1201 2650 De
1219 2626 1300 2658 Adule,
1320 2634 1366 2658 qu.
1385 2633 1410 2654 u,
1431 2630 1477 2649 art.
1501 2633 1538 2649 10.

350 2734 363 2757 ῃ
384 2737 451 2767 aar
478 2727 500 2751 ι)
530 2727 669 2759 513wa
699 2727 751 2752 εις
781 2726 1018 2751 PRocEDrrUR.
1039 2714 1196 2751 Videtur
1219 2714 1323 2764 quod

317 2776 446 2835 μνη
460 2818 463 2820 q
478 2767 641 2816 gravitas
663 2775 906 2816 peccatorum
928 2779 1005 2804 non
1034 2767 1246 2803 attendatur
1268 2779 1324 2803 se-

284 2824 319 2866 ',‡‹
332 2820 460 2870 ,vj-{1⁹
477 2819 647 2866 ⁴cundum
676 2832 828 2857 causam
857 2819 1011 2877 peccati.
1039 2820 1192 2868 Quanto
1222 2819 1322 2864 enim

276 2864 467 2906 ··'.³=³'41'›')k
478 2872 623 2922 peccati
651 2884 766 2918 causa
785 2872 895 2909 fuerit
922 2872 1054 2919 maior,
1075 2880 1178 2912 tanto
1207 2872 1322 2909 vehe-

268 2920 432 2961 mentius
461 2932 592 2961 movet
624 2925 672 2962 ad
705 2925 965 2975 peccandum,
994 2933 1029 2962 et
1056 2925 1106 2961 ita
1139 2924 1324 2962 difficilius

267 2983 393 3026 potest
411 2976 446 3012 ei
466 2977 596 3018 resisti.
625 2977 701 3023 Sed
719 2985 918 3026 peccatum
939 2977 1160 3014 diminuitur
1188 2988 1231 3018 ex
1250 2977 1324 3013 hoc

269 3029 375 3078 quod
403 3029 436 3065 ei
474 3029 659 3076 difficilius
696 3030 894 3068 resistitur:
924 3031 998 3067 hoc
1027 3030 1128 3067 enim
1164 3029 1324 3078 pertinet

269 3082 317 3118 ad
345 3081 603 3128 infirmitatem
630 3082 838 3132 peccantis,
866 3090 908 3119 ut
935 3095 1013 3119 non
1041 3082 1148 3126 facile
1181 3082 1325 3118 resistat

269 3142 443 3184 peccat03
463 3141 662 3184 peccatum
683 3142 811 3172 autem
827 3135 929 3184 quod
950 3143 1006 3178 est
1025 3147 1068 3171 ex
1093 3134 1322 3181 infirmitate,

268 3186 389 3227 levius
417 3186 614 3227 iudicatur.
636 3187 727 3223 Non
756 3198 844 3240 ergo
873 3195 1071 3236 peccatum
1101 3187 1215 3223 habet
1242 3199 1322 3234 gra-

268 3239 425 3282 vitatem
455 3251 499 3276 ex
526 3246 631 3290 parte
660 3251 750 3282 suae
780 3251 927 3276 causae.
1248 3239 1250 3242 ’

323 3304 358 3329 2.
374 3292 606 3336 PRAETER&
625 3291 928 3341 concupiscentia
943 3298 998 3327 est
1012 3291 1194 3339 generalis
1210 3303 1324 3339 quae-

270 3345 358 3382 dam
376 3357 488 3382 causa
501 3344 663 3394 peccati:
683 3344 785 3381 unde
802 3343 890 3380 dicit
905 3343 1040 3380 Glossa
1050 3342 1080 3389 *,
1101 3355 1216 3392 super
1234 3343 1323 3382 illud

267 3398 380 3435 Rom.
396 3409 445 3434 vn
466 3398 497 3443 ⁸⁸,
524 3397 628 3434 Nam
649 3395 982 3453 concupiscentiam
1004 3395 1210 3432 nesciebam
1232 3402 1321 3431 etc.:

268 3451 378 3491 Bona
398 3455 451 3487 est
468 3451 540 3496 Iex,
557 3461 664 3505 quae,
685 3450 773 3487 dum
793 3448 1125 3497 concupiscentiam
1139 3447 1322 3495 prohibet,

1379 2725 1488 2750 omne
1515 2713 1656 2758 malum
1678 2713 1860 2760 prohibet.
1892 2712 1968 2755 Sed
1998 2717 2138 2759 quanto
2172 2710 2289 2753 homo
2322 2708 2429 2744 fuerit

1378 2766 1498 2803 victus
1517 2764 1649 2802 maiori
1670 2763 1983 2813 concupiscentia,
2003 2771 2106 2800 tanto
2128 2770 2181 2806 est
2199 2761 2322 2798 minus
2341 2772 2427 2809 pec-

1379 2826 1514 2855 catum.
1545 2818 1716 2855 Gravitas
1746 2829 1834 2864 ergo
1862 2815 2005 2865 peccati
2034 2814 2250 2853 diminuitur
2278 2825 2322 2851 ex
2347 2825 2428 2857 rna·

1377 2871 1569 2920 gnitudine
1600 2882 1746 2916 causae,

1434 2924 1467 2960 3.
1489 2924 1720 2970 Pmnrmm,
1741 2922 1835 2965 sicut
1859 2920 2040 2966 rectitudo
2061 2918 2211 2965 rationis
2241 2925 2295 2954 est
2315 2929 2427 2960 causa

1377 2975 1534 3021 virtuosi
1563 2982 1687 3022 actus,
1716 2974 1765 3019 ita
1794 2974 1959 3018 defectus
1992 2972 2143 3009 rationis
2170 2970 2318 3014 videtur
2346 2981 2426 3012 esse

1378 3040 1490 3065 causa
1509 3027 1663 3077 peccati.
1695 3027 1771 3064 Sed
1793 3027 1957 3071 defectus
1977 3024 2138 3069 rationis,
2160 3030 2299 3078 quanto
2320 3021 2428 3067 fuerit

1378 3081 1511 3128 maior,
1531 3088 1634 3125 tanto
1656 3087 1711 3124 est
1729 3079 1854 3116 minus
1872 3085 2090 3128 peccatum:
2120 3075 2303 3119 intantum
2323 3073 2427 3122 quod

1378 3133 1441 3182 qui
1463 3140 1589 3169 carent
1607 3145 1679 3168 usu
1699 3131 1862 3177 rationis,
1883 3129 2039 3166 omnino
2061 3134 2283 3172 excusentur
2301 3138 2323 3170 a
2341 3138 2427 3175 pec-

1378 3194 1482 3231 cato;
1513 3193 1548 3222 et
1577 3185 1639 3234 qui
1668 3195 1712 3220 ex
1740 3182 1947 3231 ignorantia
1973 3187 2116 3233 peccat,
2137 3179 2256 3225 levius
2283 3186 2426 3228 peccat.

1377 3239 1478 3286 Ergo
1498 3236 1660 3285 gravitas
1677 3235 1821 3283 peccati
1837 3246 1914 3278 non
1930 3240 2085 3280 augetur
2105 3244 2148 3275 ex
2169 3229 2425 3280 magnitudine

1377 3302 1525 3333 causae,

1431 3342 1503 3378 Si-:n
1533 3351 1694 3386 CONTRA,
1725 3338 1967 3390 multiplicata
2000 3348 2132 3383 causa,
2163 3335 2429 3384 multiplicatur

1378 3393 1543 3430 effectus.
1573 3393 1686 3442 Ergo,
1709 3391 1738 3428 si
1763 3403 1875 3428 causa
1899 3389 2043 3440 peccati
2062 3389 2184 3434 maior
2203 3388 2320 3436 fuerit,
2340 3400 2429 3436 pec-

1378 3453 1502 3482 catum
1533 3445 1598 3481 erit
1626 3444 1786 3492 gravius.

2456 1137 2465 1146 ⁸
2490 1136 2600 1162 Hieron..
2622 1143 2649 1158 su

2457 1168 2520 1183 nom.
2537 1163 2667 1185 Ambrosii.

2455 1192 2466 1202 ⁸
2482 1193 2547 1215 Vers.
2561 1200 2580 1221 5.

2457 1347 2465 1355 “
2481 1345 2511 1367 D.
2525 1347 2561 1372 84.

2457 1610 2535 1658 sftss:
2543 1617 2665 1658 tama?

2457 2075 2467 2085 ⁸
2490 2075 2526 2097 Cf.
2549 2081 2596 2102 arg.
2619 2075 2667 2097 Sed

2470 2104 2547 2122 antra.
