2840 4010
55 706 66 719 ’
86 706 164 728 Trnct.
182 705 226 728 ΧΠ
244 706 269 727 in

56 732 132 759 loon„
141 738 210 760 super
218 738 270 760 cap.
315 739 336 765 χ.

57 765 84 781 ιιι
106 765 167 781 vers.
182 765 205 787 ¹9
216 765 270 787 sqq.

57 775 139 834 ’ἐζιμ
153 791 193 813 ιιι,
208 791 268 807 vers.

54 818 68 841 3

61 2353 165 2383 ·n.⁶3.

914 179 1180 226 QUAESTIO
1210 178 1459 225 LXXXVIII,
1487 175 1782 214 ARTICULUS
1813 175 1864 212 IV
2398 175 2467 222 137

1074 312 1389 356 ARTICULUS
1419 312 1691 363 QUARTUS

795 416 950 447 UTRUM
972 412 1210 446 PEccATUM
1234 412 1420 442 VENIALE
1444 412 1590 443 POSSIT
1614 412 1724 442 FlERl
1749 411 1960 443 MORTALE

656 506 711 530 Art.
732 513 755 535 2,
775 503 805 535 6;
824 505 844 530 lI
864 504 945 533 Sem„
966 503 1024 528 dlst.
1042 509 1108 530 ων,
1127 509 1171 533 qu.
1190 507 1226 529 111,
1246 504 1292 524 art.
1312 498 1341 530 6;
1362 500 1419 524 dist.
1439 507 1498 530 xm,
1518 508 1564 532 qu.
1582 508 1599 530 1,
1619 506 1665 525 art.
1678 509 1708 532 43
1730 501 1771 525 De
1789 501 1872 529 Malo,
1892 508 1938 533 qu.
1951 507 1995 530 vn,
2015 505 2062 526 arta
2078 499 2102 525 3.

252 1573 258 1579 -
298 1558 353 1589 ut.
375 1551 517 1589 dictum
555 1559 611 1588 est
627 1551 660 1588 ²⁸.
689 1551 792 1599 Ergo
819 1551 969 1588 veniale
1001 1558 1200 1599 peccatum
1236 1557 1360 1599 potest

265 1783 272 1794 ‚
299 1770 337 1801 et
353 1763 504 1800 veniale
523 1763 704 1800 differunt
721 1762 760 1800 in
780 1762 982 1809 infinitum,
1002 1769 1044 1798 ut
1063 1773 1108 1798 ex
1126 1761 1327 1811 praedictis
1341 1762 1363 1784 *
1382 1762 1389 1825 l

338 632 389 647 f.
412 622 420 649 s,
479 626 483 633 s
507 614 530 639 n
550 613 725 645 otmarum
741 612 796 638 stc
814 609 1054 636 pnocnmwn.
1074 596 1234 633 Videtur
1252 597 1356 645 quod

324 646 477 713 ΓΜ
507 662 708 704 peccatum
734 652 884 690 veniale
916 650 1037 699 possit
1068 649 1150 686 fieri
1184 650 1357 686 mortale.

314 711 317 715 '
345 708 348 713 ’
375 724 433 751 v,
456 714 475 749 f,
490 706 608 745 Dicit
625 706 727 743 enim
744 703 978 752 Augustinus
993 703 1030 750 *,
1052 714 1248 751 exponens
1265 701 1357 739 illud

353 737 449 789 ζῖ-’ὶῑι
465 754 494 793 Κ
508 762 613 797 Ioan.
627 758 664 806 ⁸⁸,
687 773 707 791 ε
725 757 801 804 Qui
826 756 1044 793 incredulus
1063 763 1119 792 est
1142 755 1250 801 Filio,
1275 767 1354 791 non

296 813 443 851 videbit
467 813 605 850 vitam:
624 826 644 845 ›
672 811 831 847 Reccata
855 810 1012 848 minima
1037 808 1148 855 (idest
1166 807 1356 854 venialia),

296 867 331 904 si
355 865 611 916 negligantur,
639 863 822 900 occidunt.
853 862 930 899 Sed
955 874 1000 898 ex
1019 863 1096 898 hoc
1114 861 1250 898 dicitur
1269 872 1358 909 pec-

298 927 425 956 catum
443 917 615 963 mortale,
636 915 742 964 quod
761 915 1000 964 spiritualiter
1020 914 1157 951 occidit
1175 913 1356 950 animam.

298 972 400 1020 Ergo
429 977 629 1018 peccatum
656 968 805 1007 veniale
833 975 959 1017 potest
985 967 1069 1004 fieri
1096 967 1268 1004 mortale.

351 1035 388 1060 2.
405 1023 638 1068 PRAETEREA,
661 1029 789 1059 motus
809 1020 1058 1058 sensualitatis
1086 1027 1172 1056 ante
1201 1031 1358 1056 consen-

297 1087 384 1113 sum
399 1075 554 1113 rationis
569 1082 624 1112 est
637 1082 836 1124 peccatum
849 1075 1011 1120 veniale,
1027 1079 1115 1122 post
1128 1084 1358 1109 consensum

263 1153 270 1159 ·
296 1140 392 1168 vero
411 1135 468 1165 est
484 1136 687 1178 peccatum
707 1128 878 1174 mortale,
893 1134 935 1164 ut
954 1137 1069 1175 supra
1087 1125 1108 1147 ⁸
1126 1125 1270 1162 dictum
1291 1132 1357 1162 est.

297 1182 403 1229 Ergo
429 1188 630 1231 peccatum
657 1181 808 1218 veniale
835 1187 961 1229 potest
987 1178 1070 1216 fieri
1097 1179 1270 1216 mortale.

352 1234 641 1285 {lgsskm‘rek'zffi
665 1241 867 1283 peccatum
885 1232 1036 1270 veniale
1056 1239 1093 1268 et
1113 1232 1272 1268 mortale
1293 1230 1359 1268 dis—

297 1283 422 1324 serunt
439 1287 535 1324 sicut
553 1288 711 1324 morbus
731 1286 905 1324 curabilis
933 1284 1216 1333 etlincurabilis,
1245 1291 1288 1320 ut
1307 1284 1359 1321 di-

299 1347 402 1378 etum
420 1348 479 1377 est
490 1340 521 1376 ²¹³.
543 1339 621 1378 Sed
640 1340 800 1377 morbus
819 1338 994 1376 curabilis
1013 1345 1138 1387 potest
1155 1337 1239 1374 fieri
1255 1337 1359 1374 incu-

298 1393 437 1430 rabilis.
454 1394 563 1441 Ergo·
571 1400 772 1441 peccatum
786 1392 938 1429 veniale
952 1398 1076 1441 potest
1089 1390 1172 1428 fieri
1180 1391 1358 1427 mortale.

349 1457 392 1493 4.
419 1446 661 1492 ptumam,
692 1445 886 1493 dispositio
923 1452 1049 1493 potest
1078 1443 1160 1481 fieri
1196 1443 1358 1480 habitus.

300 1498 379 1537 Sed
399 1506 607 1549 peccatum
632 1497 782 1535 veniale
809 1506 864 1535 est
884 1497 1079 1546 dispositio
1108 1497 1156 1534 ad
1185 1497 1358 1542 mortale,

297 1603 394 1641 fieri.
406 1605 581 1641 mortale.

353 1657 428 1694 San
448 1669 605 1704 coum,
623 1669 668 1694 ea
687 1669 785 1706 quae
805 1656 986 1693 differunt
1002 1655 1042 1692 in
1060 1655 1260 1702 infinitum,
1282 1668 1360 1693 non

297 1717 598 1748 transmutantur
616 1710 654 1747 in
673 1709 851 1747 invicem.
883 1710 959 1747 Sed
982 1716 1181 1758 peccatum
1201 1710 1361 1746 mortale

298 1824 413 1866 patet.
443 1817 547 1864 Ergo
568 1821 585 1838 ⁶¹
612 1816 762 1853 veniale
792 1828 870 1852 non
898 1822 1024 1864 potest
1050 1815 1133 1852 fieri
1160 1816 1332 1852 mortale.

353 1870 580 1907 Rnspoumso
611 1881 795 1906 monimum
833 1868 938 1916 quod
974 1876 1174 1917 peccatum
1210 1868 1362 1905 veniale

299 1923 382 1960 fieri
397 1923 570 1969 mortale,
591 1929 717 1971 potest
734 1921 927 1970 tripliciter
950 1921 1113 1969 intelligi.
1135 1921 1221 1958 Uno
1242 1922 1361 1958 modo

300 1975 355 2013 sic
374 1975 482 2024 quod
500 1975 603 2012 idem
623 1982 729 2012 actus
752 1987 928 2022 numero,
952 1974 1077 2023 primo
1097 1974 1143 2011 sit
1159 1982 1360 2023 peccatum

299 2028 461 2076 veniale,
479 2036 515 2065 et
528 2035 663 2077 postea
681 2029 852 2065 mortale.
873 2029 923 2064 Et
935 2027 1011 2064 hoc
1024 2034 1109 2064 esse
1127 2039 1206 2065 non
1225 2035 1360 2077 potest.

301 2081 409 2128 Quia.
429 2089 630 2131 peccatum
657 2080 911 2130 principaliter
938 2081 1106 2117 consistit
1131 2081 1170 2118 in
1189 2089 1275 2118 actu
1293 2093 1362 2118 vo-

299 2134 463 2182 luntatis,
485 2134 582 2172 sicut
599 2142 637 2171 et
655 2134 812 2182 quilibet
835 2141 941 2170 aetus
959 2133 1126 2171 moralis.
1152 2134 1262 2171 Unde
1282 2147 1361 2171 non

301 2187 435 2225 dicitur
462 2200 561 2224 unus
580 2195 686 2224 actus
714 2187 917 2233 moraliter,
938 2187 969 2224 si
987 2187 1164 2224 voluntas
1183 2195 1362 2236 mutetur,

301 2241 481 2289 quamvis
508 2241 623 2277 etiam
651 2240 750 2277 actio
779 2240 991 2277 secundum
1015 2247 1189 2277 naturam
1209 2241 1255 2277 sit
1274 2253 1363 2278 con-

300 2294 419 2331 tinua.
439 2293 479 2331 Si
499 2301 628 2330 autem
647 2294 826 2331 voluntas
845 2305 924 2330 non
943 2300 1120 2340 mutetur,
1141 2306 1219 2331 non
1237 2302 1362 2344 potest

301 2359 384 2384 esse
413 2346 520 2395 quod
548 2348 596 2384 de
614 2346 754 2383 veniali
773 2346 840 2383 fiat
862 2347 1022 2383 mortale
1041 2346 1071 2383 ³¹⁸.

353 2400 441 2437 Alio
467 2400 587 2436 modo
615 2406 741 2448 potest
768 2399 920 2447 intelligi
948 2407 990 2436 ut
1017 2399 1056 2436 id
1083 2400 1190 2448 quod
1217 2407 1272 2437 est
1296 2412 1363 2437 ve-

300 2452 398 2490 niale
419 2465 463 2490 ex
483 2464 632 2501 genere,
653 2453 720 2489 fiat
738 2453 908 2489 mortale.
935 2453 984 2490 Et
1004 2453 1080 2489 hoc
1099 2453 1254 2502 quidem
1274 2465 1362 2502 pos-

300 2506 406 2544 sibile
427 2514 494 2553 est,
523 2506 750 2554 inquantum
777 2505 1014 2542 constituitur
1040 2506 1079 2542 in
1107 2518 1155 2543 eo
1174 2506 1272 2553 finis,
1300 2507 1362 2543 vel
1389 2545 1391 2552 A

299 2560 524 2609 inquantum
544 2559 703 2596 refertur
721 2559 770 2596 ad
790 2560 950 2596 mortale
974 2566 1174 2608 peccatum
1199 2560 1294 2596 sicut
1313 2561 1362 2597 ad

299 2613 434 2659 finem,
457 2619 499 2649 ut
527 2612 670 2649 dictum
699 2619 756 2649 est
773 2611 805 2649 ⁸¹⁸.
1020 2639 1025 2648 .
1179 2638 1187 2660 χ

353 2741 382 2776 α)
407 2744 437 2767 ut
459 2744 498 2768 ex
514 2742 665 2775 praedicn‘s
682 2745 768 2775 patet.
794 2742 877 2775 Ergo.
899 2756 918 2762 —
942 2746 972 2768 ut
996 2742 1096 2768 dictum
1121 2747 1170 2768 est.
1194 2743 1272 2769 Patet
1296 2751 1362 2777 ergo

266 2786 269 2790 ·
299 2778 371 2810 quod
388 2777 441 2803 EF.

1465 596 1596 632 Tertio
1617 597 1735 633 modo
1754 604 1879 645 potest
1897 597 2048 644 intelligi
2066 597 2115 633 ita
2135 596 2240 645 quod
2259 597 2379 635 multa
2405 610 2471 635 ve-

1412 648 1523 685 nialia
1551 656 1707 697 peccata
1736 650 1962 687 constituant
1989 661 2109 686 unum
2139 657 2341 698 peccatum
2363 662 2470 692 mor-

1411 702 1494 737 tale.
1526 701 1642 747 Quod
1667 701 1696 737 si
1717 701 1769 737 sic
1792 702 2016 750 intelligatur
2043 703 2148 751 quod
2177 714 2222 739 ex
2240 703 2366 740 multis
2383 716 2471 753 pec-

1412 754 1502 790 catis
1543 754 1757 790 venialibus
1799 755 2026 802 integraliter
2062 755 2309 792 constituatur
2348 769 2468 794 unum

1411 814 1611 855 peccatum
1632 808 1804 854 mortale,
1825 808 1961 844 falsum
1983 815 2037 844 est
2052 809 2084 844 *.
2105 809 2197 844 Non
2217 809 2319 846 enim
2339 810 2469 847 omnia

1411 867 1567 908 peccata
1594 859 1758 896 venialia
1782 860 1828 896 de
1849 860 2007 907 mundo,
2036 868 2196 909 possunt
2221 861 2362 898 habere
2390 870 2469 900 tan-

1412 920 1492 949 tum
1515 913 1562 949 de
1589 920 1705 958 reatu,
1727 921 1912 960 quantum
1931 921 2053 949 unum
2077 921 2277 961 peccatum
2297 917 2468 953 mortale.

1413 965 1530 1012 Quod
1548 973 1651 1013 patet
1679 964 1754 1002 ex¹3
1781 973 1887 1014 parte
1908 966 2130 1003 durationis:
2160 966 2247 1014 quia
2271 976 2469 1015 peccatum

1413 1018 1571 1054 mortale
1595 1019 1710 1054 habet
1729 1026 1876 1055 reatum
1896 1031 2045 1067 poenae
2064 1026 2251 1066 aeternae,
2270 1029 2468 1068 peccatum

1413 1079 1541 1108 autem
1568 1071 1717 1108 veniale
1746 1079 1892 1108 reatum
1916 1084 2063 1120 poenae
2092 1073 2323 1120 temporalis,
2352 1082 2394 1110 ut
2419 1075 2471 1111 di-

1415 1131 1517 1160 ctum
1547 1131 1603 1160 est
1620 1124 1651 1161 ²¹⁶.
1681 1125 1788 1160 Patet
1816 1125 1929 1161 etiarn
1950 1136 1995 1161 ex
2014 1131 2119 1174 parte
2147 1136 2297 1173 poenae
2321 1126 2470 1164 damni}

1414 1177 1502 1225 quia
1530 1184 1729 1225 peccatum
1758 1178 1916 1214 mortale
1945 1186 2112 1214 meretur
2135 1178 2339 1215 carentiam
2358 1179 2470 1216 visio-

1414 1230 1470 1267 nis
1491 1230 1654 1276 divinae,
1671 1230 1731 1266 cui
1750 1231 1852 1267 nulla
1871 1230 1942 1267 alia
1957 1243 2082 1279 poena
2102 1232 2315 1278 comparari
2334 1240 2469 1281 potest,

1412 1291 1454 1320 ut
1470 1284 1768 1331 Chrysostomus
1788 1283 1876 1320 dicit
1888 1283 1918 1320 ²¹².
1939 1284 2047 1320 Patet
2066 1283 2177 1320 etiam
2194 1295 2239 1319 ex
2253 1292 2358 1332 parte
2376 1298 2471 1334 poe-

1413 1349 1484 1373 nae
1512 1348 1665 1383 sensus,
1695 1343 1879 1384 quantum
1908 1337 1958 1373 ad
1985 1348 2159 1374 vermem
2194 1338 2469 1376 conscientiae:

1414 1389 1498 1429 licet
1530 1390 1624 1425 forte
1660 1396 1844 1437 quantum
1873 1389 1920 1426 ad
1948 1401 2115 1437 poenam
2147 1388 2260 1436 ignis,
2294 1403 2372 1428 non
2401 1392 2472 1428 sint

1413 1442 1770 1491 improportionales
1803 1454 1963 1491 poenae.
1992 1463 2016 1469 -
2051 1443 2089 1479 Si
2121 1453 2214 1477 vero
2248 1443 2472 1492 intelligatur

1415 1496 1519 1543 quod
1547 1496 1666 1532 multa
1693 1502 1848 1544 peccata
1875 1495 2036 1532 venialia
2063 1495 2204 1532 faciunt
2230 1509 2350 1533 unum
2371 1509 2472 1534 mor-

1414 1549 1487 1585 tale
1508 1547 1739 1596 dispositive,
1761 1548 1814 1584 sic
1832 1560 1967 1584 verum
1989 1556 2055 1595 est,
2072 1549 2167 1585 sicut
2186 1549 2329 1598 supra*
2349 1558 2472 1587 osten-

1415 1614 1500 1638 sum
1522 1609 1586 1647 est,
1603 1601 1815 1638 secundum
1836 1600 1933 1637 duos
1952 1602 2092 1638 modos
2111 1602 2377 1652 dispositionis,
2394 1615 2470 1652 quo

1414 1663 1614 1704 peccatum
1642 1654 1790 1691 veniale
1819 1653 1984 1702 disponit
2011 1654 2060 1691 ad
2086 1656 2259 1692 mortale.
2339 1658 2343 1661 ”

1467 1710 1525 1744 An
1555 1719 1690 1744 patmum
1710 1718 1808 1744 ERGO
1832 1718 2015 1744 meramnum
2044 1708 2149 1756 quod
2168 1708 2398 1756 Augustinus
2418 1709 2472 1745 lo-

1415 1761 1541 1809 quitur
1568 1760 1604 1797 in
1634 1761 1695 1797 illo
1725 1772 1850 1806 sensu,
1872 1759 1976 1808 quod
2001 1761 2119 1797 multa
2136 1769 2292 1810 peccata
2309 1761 2472 1798 venialia

1416 1813 1633 1862 dispositive
1662 1819 1817 1850 causant
1844 1813 2016 1850 mortale.

1467 1869 1526 1903 An
1554 1878 1743 1903 SECUNDUM
1771 1876 1954 1902 DICENDUM
1983 1866 2088 1913 quod
2121 1866 2181 1903 ille
2209 1866 2310 1903 idern
2345 1874 2471 1903 motus

1415 1920 1661 1957 sensualitatis
1698 1918 1762 1968 qui
1795 1918 1999 1967 praecessit
2031 1931 2259 1956 consensum
2298 1920 2471 1967 rationis,

1416 1985 1612 2022 nunquam
1641 1973 1706 2009 fiet
1724 1977 1740 1999 Ὺ
1759 1979 1958 2020 peccatum
1978 1973 2153 2009 mortale:
2180 1973 2247 2009 sed
2266 1972 2346 2021 ipse
2367 1980 2471 2010 actus

1416 2027 1567 2063 rationis
1596 2024 1874 2062 consentientis.

1468 2082 1526 2116 AD
1554 2090 1712 2115 TERTtUM
1741 2089 1925 2115 mcENDUM
1953 2077 2057 2126 quod
2086 2078 2244 2114 morbus
2268 2078 2471 2127 conporalis

1417 2145 1495 2169 non
1515 2139 1570 2169 est
1589 2139 1704 2178 actus,
1721 2132 1788 2168 sed
1805 2130 2002 2179 dispositio
2017 2131 2207 2178 quaedam
2222 2143 2470 2179 permanens:

1416 2186 1519 2222 unde
1548 2185 1683 2221 eadem
1712 2196 1882 2231 manens,
1912 2191 2037 2232 potest
2055 2184 2204 2220 mutari.
2235 2184 2311 2220 Sed
2338 2197 2472 2232 pecca-

1416 2247 1497 2276 tum
1524 2238 1673 2275 veniale
1702 2245 1758 2274 est
1786 2244 1891 2273 actus
1918 2237 2113 2284 transiens,
2143 2237 2209 2285 qui
2234 2237 2374 2273 resumi
2394 2250 2471 2274 non

1416 2299 1550 2341 potest.
1581 2292 1629 2327 Et
1656 2297 1841 2338 quantum
1870 2290 1918 2326 ad
1946 2290 2037 2336 hoc,
2067 2302 2145 2326 non
2174 2298 2228 2326 est
2257 2290 2391 2327 simile.

1470 2347 1527 2382 AD
1552 2356 1724 2387 QUARTUM
1747 2354 1930 2380 D1CENDUM
1959 2343 2064 2391 quod
2093 2343 2288 2391 dispositio
2313 2355 2411 2391 quae
2431 2343 2473 2379 fit

1416 2398 1578 2445 habitus,
1608 2404 1664 2434 est
1691 2396 1787 2433 sicut
1813 2387 2145 2445 imperfectum‘in
2175 2396 2308 2433 eadem
2330 2396 2471 2444 specie:

1417 2452 1511 2488 sicut
1539 2450 1759 2500 imperfecta
1787 2449 1953 2496 scientia,
1984 2449 2076 2486 dum
2105 2449 2309 2498 perficitur,
2339 2449 2382 2485 fit
2408 2450 2473 2485 ha-

1417 2505 1527 2542 bitus.
1549 2504 1626 2541 Sed
1644 2502 1793 2540 veniale
1812 2509 2012 2550 peccatum
2033 2510 2090 2539 est
2109 2502 2303 2551 dispositio
2325 2502 2473 2538 alterius

1389 2564 1391 2571 '
1416 2558 1573 2606 generis,
1603 2557 1697 2593 sicut
1724 2555 1901 2593 accidens
1929 2555 1977 2592 ad
1996 2556 2160 2592 formam
2180 2555 2472 2601 substantialem,

1416 2612 1454 2648 in
1483 2623 1599 2659 quam
1629 2621 1826 2658 nunquam
1855 2616 2032 2645 mutatur.

1470 2742 1495 2775 β)
1515 2750 1559 2767 ex.
1577 2756 1597 2760 -
1614 2745 1640 2767 et
1658 2749 1695 2766 ex
1713 2739 1893 2766 ABCDEFGI.

1468 2780 1494 2812 γ)
1508 2778 1568 2810 fiet.
1584 2791 1604 2796 —
1614 2778 1652 2810 fit
1670 2777 1698 2802 P.

975 2858 1306 2892 Commentario.
1329 2858 1579 2892 cardinalis
1603 2857 1802 2890 Caietam

331 2946 352 2967 N
367 2936 499 2968 articulo
515 2943 629 2977 quarto
646 2935 788 2967 eiusdem
804 2937 1145 2977 octogesimaeoctavae
1160 2938 1364 2979 quaestionis,

305 2949 503 3013 Ioccurrunt
523 2980 577 3011 illa
589 2981 684 3011 verba
699 2980 819 3012 litterae
833 2982 990 3012 notanda:
1015 2982 1088 3013 licet
1101 2982 1194 3022 forte
1209 2987 1364 3023 quantum

301 3025 344 3056 ad
351 3034 491 3066 poenam
511 3026 608 3066 ignis,
626 3034 690 3055 non
702 3026 768 3056 sint
781 3026 1111 3066 improportionabiles
1122 3036 1258 3066 poenae.
1279 3026 1364 3057 Dixit

300 3070 363 3100 hoc
379 3069 463 3110 quia,
484 3079 559 3099 curn
574 3069 749 3109 utriusque,
765 3069 882 3100 scilicet
900 3070 1042 3101 mortalis
1057 3077 1088 3100 et
1103 3070 1244 3106 venialis,
1259 3080 1364 3110 poena

301 3113 381 3154 ignis
405 3114 444 3144 sit
467 3113 620 3144 intensive
643 3112 744 3150 finita;
768 3119 799 3144 et
822 3113 927 3144 omnis
949 3113 1030 3144 finiti
1053 3115 1093 3144 ad
1117 3124 1213 3144 omne
1236 3113 1363 3145 finitum

302 3157 342 3189 sit
364 3157 470 3198 aliqua
493 3157 678 3198 proportio:
703 3165 900 3198 consequens
921 3164 968 3188 est
986 3164 1022 3188 ut
1039 3167 1162 3199 poenae
1185 3158 1360 3199 utriusque,

301 3208 458 3243 quantum
474 3202 514 3231 ad
533 3201 649 3242 ignem,
669 3201 732 3231 sint
746 3201 1044 3242 proportionabiles.
1068 3202 1109 3232 Et
1123 3202 1185 3232 hoc
1201 3208 1247 3232 est
1261 3202 1362 3232 dicere

445 3552 553 3576 Summe
572 3552 672 3576 Tutor.
693 3552 723 3576 D.
737 3551 850 3576 Tnomr.
863 3551 894 3575 T.
916 3552 956 3575 IV.

1419 2938 1508 2978 quod
1535 2947 1601 2967 non
1629 2943 1675 2967 est
1701 2935 1842 2966 infinitus
1872 2944 2013 2965 excessus
2041 2934 2119 2963 inter
2148 2942 2284 2973 poenam
2314 2931 2393 2972 ignis
2417 2941 2475 2971 pro

1419 2981 1554 3017 mortali,
1579 2987 1610 3011 et
1628 2990 1688 3021 pro
1706 2980 1830 3010 veniali,
1849 2979 1962 3014 Immo,
1983 2978 2183 3018 procedendo
2199 2977 2284 3007 iuxta
2299 2975 2475 3006 doctrinam

1418 3026 1489 3056 VIII
1513 3026 1640 3066 Plrysic.
1657 3024 1684 3061 ἦ,
1709 3031 1832 3055 tanturn
1856 3030 1986 3063 possent
2007 3021 2207 3061 multiplicari
2227 3030 2349 3060 poenae
2371 3020 2474 3050 venia-

1417 3070 1507 3106 lium,
1531 3076 1567 3100 ut
1590 3069 1686 3099 simul
1700 3069 1824 3099 iunctae
1841 3068 1990 3098 excedant
2004 3075 2141 3106 poenam
2157 3065 2252 3095 unius
2266 3064 2418 3096 mortalis.
2437 3064 2476 3094 de

1418 3115 1476 3144 hac
1499 3114 1567 3144 sola
1590 3123 1694 3153 poena
1711 3111 1884 3152 loquendo.
1908 3112 1974 3141 Nec
1997 3110 2029 3150 ly
2044 3109 2136 3150 forte
2159 3116 2205 3139 est
2224 3109 2404 3145 dubitantis,
2421 3108 2476 3138 sed

1418 3167 1483 3189 non
1508 3156 1751 3188 determinantis.

2496 816 2508 828 ⁸
2521 816 2550 838 D.
2566 822 2632 844 ¹⁰09-

2498 1136 2708 1163 'Qu.i.xxxvn,m.

2496 1168 2516 1190 3,
2531 1169 2550 1190 5·

2501 1300 2509 1308 ”
2516 1298 2708 1322 Hom.XX111.al.

2498 1325 2582 1351 XXIV,
2592 1325 2615 1346 in
2625 1325 2707 1346 Manli.

2498 1557 2507 1566 ⁶
2523 1557 2573 1578 Art.
2588 1563 2609 1585 3.

2503 3029 2512 3038 ·
2528 3028 2561 3049 Cn
2580 3044 2586 3050 .
2601 3034 2623 3053 x,
2640 3034 2712 3049 n.2.-

2503 3054 2527 3076 S.
2538 3033 2583 3076 ΤΕ.
2599 3055 2652 3076 lect.
2666 3061 2712 3076 xxi.
