2840 4010
373 159 422 194 68

372 245 500 274 autem
528 237 742 286 praecedat,
772 245 812 274 ut
830 237 968 273 scilicet
986 238 1105 273 homo
1134 237 1254 290 magis
1279 248 1324 272 ex
1343 247 1429 284 pas-

373 290 477 326 sione
497 302 613 338 quarn
634 302 678 326 ex
697 289 836 326 iudicio
857 289 1009 326 rationis
1035 287 1237 325 moveatur
1265 290 1312 325 ad
1330 289 1427 325 bene

372 343 575 390 agendum,
605 342 685 379 talis
705 342 828 390 passio
860 341 1032 377 diminuit
1060 341 1268 377 bonitatem
1296 349 1331 377 et
1349 342 1428 378 lau-

373 395 462 432 dem
491 402 606 431 actus.

1007 159 1272 212 QUAESTIO
1302 159 1493 205 LXXVII,
1523 159 1816 198 ARTICULUS
1844 162 1912 199 VII

1535 239 1594 273 An
1622 249 1781 275 TERTmM
1808 250 1991 277 DmENDUM
2019 243 2136 300 quod,
2163 243 2228 279 etsi
2248 249 2374 279 motus
2402 243 2539 279 volun-

1482 289 1564 330 tatis
1584 289 1630 326 sit
1649 290 1830 327 intensior
1845 302 1889 327 ex
1909 292 2085 339 passione
2105 294 2290 354 incitatus,
2310 306 2387 332 non
2411 302 2538 331 tamen

1482 342 1532 378 ita
1560 350 1615 378 est
1642 343 1845 379 voluntatis
1877 345 2071 392 proprius,
2106 346 2201 383 sicut
2227 347 2257 383 si
2286 347 2366 384 sola
2393 347 2536 384 ratione

1483 403 1702 431 moveretur
1730 396 1779 432 ad
1806 396 2055 444 peccandum.

1045 479 1373 514 Commentaria
1397 480 1644 515 Gai-<imaus
1667 483 1866 516 Caietani

402 572 422 591 N
446 561 576 591 articulo
606 567 708 595 sext0,
733 558 858 588 omissis
886 558 991 594 tertio,
1016 566 1130 599 quarto
1158 565 1189 590 et
1211 560 1338 600 quinto,
1363 561 1428 590 duo

375 572 498 635 Idubia
522 609 691 634 occurrunt
714 602 793 632 circa
819 603 1060 642 responsionem
1088 603 1128 634 ad
1150 604 1300 644 primum.
1329 604 1427 644 Supe-

371 649 435 678 rius
458 656 596 687 namque
620 646 651 676 in
678 656 731 686 qu.
747 656 848 682 Lxxm,
873 653 928 678 art.
948 647 963 677 3
980 644 1011 683 *‚
1037 647 1158 678 dictum
1181 654 1227 678 est
1249 648 1337 688 quod
1360 658 1427 687 gra-

370 692 448 721 vitas
473 690 643 720 essentialis
667 696 870 729 peccatorum
893 690 1063 721 attenditur
1086 692 1262 722 secundum
1290 691 1425 721 obiecta:

371 745 455 764 nunc
478 744 552 764 vero
582 733 694 764 dicitur
717 733 806 774 quod
829 734 927 774 magis
947 734 1116 764 attenditur
1139 735 1314 764 secundum
1342 744 1426 764 aver-

370 778 503 808 sionem.

425 821 465 852 Et
488 830 525 851 ex
547 821 608 851 hoc
627 820 764 851 nascitur
786 821 962 851 secundum
979 821 1121 852 dubium.
1147 821 1230 857 Quia
1249 821 1274 850 si
1294 820 1426 860 gravitas

369 865 488 905 peccati
502 865 672 897 attenditur
691 866 866 895 secundum
888 865 1059 901 obiectum,
1084 871 1284 904 augmentata
1300 874 1426 895 conver-

370 910 458 940 sione
474 909 514 938 ad
530 909 700 944 obiectum,
717 909 881 948 augebitur
896 916 1076 948 peccatum:
1094 908 1247 948 quoniam
1263 908 1426 938 conversio

370 963 435 983 non
459 962 515 992 per
529 953 695 988 accidens,
720 952 774 982 sed
796 961 852 992 per
875 962 907 982 se
931 952 1055 992 respicit
1078 951 1248 987 obiectum,
1273 952 1357 982 unde
1382 959 1427 982 est

369 996 512 1037 gravitas.

425 1040 461 1070 ΙΙ.
479 1038 530 1070 Ad
545 1040 685 1080 primum
702 1039 818 1069 horum
837 1036 949 1068 dicitur
971 1038 1059 1079 quod
1075 1038 1208 1078 gravitas
1223 1045 1426 1078 peccatorum

370 1075 539 1115 attenditur
567 1084 743 1114 secundum
771 1082 893 1112 obiecta
916 1082 1096 1112 causaliter:
1122 1082 1299 1112 secundum
1321 1089 1426 1113 autem

370 1128 546 1159 aversiones
570 1127 758 1162 formaliter,
784 1126 859 1166 quia
881 1125 1014 1165 gravitas
1037 1126 1178 1156 conditio
1201 1133 1248 1157 est
1270 1126 1425 1163 malitiae,

370 1182 451 1212 quae
466 1172 498 1202 in
515 1171 674 1201 aversione
698 1170 816 1210 peccati
835 1169 985 1200 consistit.
1009 1170 1050 1200 Et
1065 1177 1231 1220 propterea
1248 1169 1299 1200 hic
1315 1169 1428 1201 dicitur

370 1216 458 1256 quod
482 1216 586 1255 magis
609 1214 784 1244 attenditur
807 1223 843 1243 ex
866 1220 952 1253 parte
977 1213 1156 1244 aversionis.

425 1260 475 1289 Ad
499 1258 674 1289 secundum
702 1257 814 1287 dicitur
836 1257 923 1297 quod
948 1257 1034 1287 aliud
1058 1264 1104 1287 est
1125 1257 1215 1297 loqui
1239 1256 1276 1287 de
1301 1255 1425 1287 obiecto

369 1303 501 1342 peccati;
527 1309 557 1332 et
572 1302 666 1336 aliud.
685 1301 722 1331 de
740 1300 944 1331 conversione
962 1301 1000 1330 ad
1016 1301 1187 1331 obiectum.
1212 1303 1426 1340 Augmentato

135 652 144 662 ³
153 651 187 672 Cf.
195 655 236 672 art.
243 652 264 676 8,
274 651 345 673 Com-

135 681 206 699 ment.
218 683 280 699 num.
294 683 318 698 11.

1482 569 1619 602 namque
1647 563 1790 598 obiecto,
1815 570 1946 602 augetur
1976 564 2095 594 aversio
2120 571 2150 594 et
2173 564 2305 595 malitia:
2330 564 2405 605 quia
2426 572 2483 605 per
2502 575 2537 596 se

1482 605 1622 644 sequitur
1646 606 1685 635 ad
1708 606 1796 642 illud,
1822 613 1859 637 ut
1880 606 2056 647 superius*
2079 614 2172 647 patet.
2197 610 2409 647 Augmentata
2431 615 2537 638 autem

1482 648 1686 678 conversione
1703 650 1764 679 ad
1757 660 1872 689 ipsum,
1890 661 1955 680 non
1975 658 2100 690 oportet
2115 651 2221 691 augeri
2237 651 2447 682 aversionem:
2463 652 2538 692 quia

1482 691 1644 721 conversio
1665 702 1700 722 ex
1719 693 1893 725 intentione
1912 702 2119 731 mensuratur,
2145 705 2225 735 quae
2250 705 2304 734 per
2328 695 2469 725 accidens
2490 705 2537 726 re-

1481 734 1571 774 spicit
1586 732 1746 765 obiectum
1761 743 1796 766 ut
1813 744 1918 767 causat
1934 737 2139 769 aversionem.
2156 738 2196 769 Et
2211 745 2376 778 propterea
2389 738 2422 768 in
2437 735 2538 771 littera

1481 785 1681 817 augmentata
1704 779 1866 810 conversio
1891 790 1984 811 causa
2006 791 2062 821 per
2085 782 2227 812 accidens
2247 782 2377 822 ponitur
2394 788 2538 823 respectu

1480 821 1660 851 aversionis.

1535 865 1636 895 111.1n
1651 866 1856 904 responsione
1871 867 1911 896 ad
1926 868 2055 898 tertium
2068 869 2210 900 eiusdem
2224 869 2345 900 articuli
2360 869 2447 905 sexti,
2456 869 2537 900 scito

1481 909 1569 949 quod
1584 911 1705 939 Auctor
1727 909 1860 941 intendit
1876 911 1964 950 quod
1982 919 2090 942 motus
2105 913 2277 944 voluntatis
2300 913 2466 953 dupliciter
2480 923 2537 953 po-

1480 958 1541 983 test
1562 952 1697 983 intendi:
1723 953 1839 983 scilicet
1861 953 2052 994 inquantum
2073 957 2235 1006 proprius‘
2243 956 2414 993 voluntati3
2439 963 2470 988 et
2490 957 2537 987 in-

1481 1003 1645 1045 quantum.
1660 997 1839 1027 communis
1862 997 2016 1028 voluntati
2046 1005 2076 1029 et
2098 999 2246 1039 passioni.
2280 998 2312 1031 Si
2335 1000 2374 1031 sit
2396 1000 2537 1032 intensus

1481 1046 1516 1070 ut
1540 1039 1686 1080 proprius
1710 1041 1874 1077 voluntati,
1891 1041 1970 1071 idest
1993 1051 2029 1071 ex
2050 1042 2118 1082 ipsa
2132 1041 2335 1074 inclinatione
2349 1042 2535 1080 voluntatis;

1481 1090 1600 1123 quanto
1628 1083 1794 1120 intensior,
1819 1091 1908 1115 tanto
1935 1084 2059 1124 gravior
2086 1084 2195 1126 culpa,
2220 1093 2251 1117 et
2272 1085 2414 1118 similiter
2435 1088 2537 1118 maius

1481 1127 1639 1158 meritum.
1665 1128 1697 1158 Si
1713 1135 1820 1158 autem
1843 1128 1882 1158 sit
1903 1128 2047 1159 intensus
2065 1135 2101 1160 ut
2117 1130 2308 1167 commutas,
2322 1131 2403 1162 idest
2417 1140 2455 1162 ex
2467 1140 2537 1172 pns-
2578 1150 2584 1155 .

1481 1170 1578 1201 sionis
1600 1171 1797 1208 incitatione,
1823 1172 1866 1202 sic
1890 1182 1956 1202 non
1977 1179 2099 1213 quanto
2119 1173 2283 1210 intensior,
2305 1181 2393 1206 tanto
2415 1176 2538 1214 gravior

1482 1214 1584 1254 culpa,
1609 1225 1666 1245 nec
1686 1215 1788 1246 maius
1812 1216 1970 1246 meritum.
1994 1216 2035 1247 Et
2057 1216 2136 1247 ratio
2160 1223 2207 1248 est
2229 1217 2304 1258 quia
2321 1216 2456 1252 intensio
2480 1219 2538 1251 ista

1482 1258 1643 1298 consurgit
1667 1269 1702 1289 ex
1727 1269 1819 1289 causa
1838 1259 2034 1290 diminuente
2050 1260 2205 1290 rationem
2219 1260 2405 1292 voluntarii:
2429 1272 2537 1302 pecca-

1480 1307 1550 1332 tum
1573 1309 1680 1332 autem
1704 1309 1733 1333 et
1756 1303 1905 1333 meritum
1930 1303 2104 1334 consistunt
2127 1304 2159 1334 in
2182 1304 2302 1335 ratione
2323 1305 2501 1338 voluntarii.

1149 1462 1464 1504 ARTICULUS
1495 1463 1759 1506 SEPTIMUS

903 1553 1057 1584 UTRUM
1081 1554 1225 1584 PASSIO
1248 1554 1502 1586 TOTALITER
1525 1555 1722 1586 EXCUSET
1746 1559 1774 1586 A
1797 1555 1999 1587 PECCATO

967 1632 1039 1663 Infra,
1059 1638 1106 1657 art.
1120 1632 1144 1663 8,
1164 1633 1194 1656 ad
1216 1632 1228 1657 3
1235 1641 1242 1663 ;
1263 1633 1304 1657 De
1322 1632 1404 1662 Malo,
1424 1641 1468 1666 qu.
1482 1641 1523 1662 111,
1543 1640 1589 1658 art.
1606 1642 1650 1664 10;
1670 1635 1693 1658 V
1714 1635 1807 1663 Ethic„
1828 1635 1884 1659 lect.
1898 1642 1950 1659 x111.

579 1732 600 1756 D
616 1731 795 1756 SEPTIMUM
814 1731 867 1756 sm
887 1731 1125 1757 PRocsmTua.
1141 1720 1300 1756 Videtur
1319 1721 1423 1769 quod

521 1772 704 1820 &passio
723 1772 883 1808 totaliter
903 1779 1054 1809 excuset
1073 1783 1095 1809 a
1113 1779 1281 1821 peccato.
1305 1772 1424 1819 Quid-

429 1863 432 1869 ,
463 1862 466 1864 ,
496 1872 500 1874 ‚
580 1825 668 1873 quid
685 1825 784 1861 enim
799 1832 928 1861 causat
942 1825 1250 1872 involuntarium
1273 1833 1426 1862 excusat

425 1894 438 1906 κ.
456 1878 464 1887 ’
479 1886 511 1911 ss-r‘
534 1868 569 1912 N.
579 1877 740 1914 totaliter
766 1889 789 1914 a
816 1885 985 1925 peccato.
1017 1878 1094 1915 Sed
1120 1878 1425 1926 concupiscentia

370 1928 502 1975 carnis,
524 1941 621 1977 quae
651 1938 706 1966 est
727 1930 916 1978 quaedam
943 1931 1081 1979 passio,
1103 1938 1232 1968 causat
1250 1931 1426 1968 involun-

132 1987 140 1995 ·
156 1984 224 2007 Vere
238 1989 268 2012 ¹⁷·
367 1981 528 2021 tariurm
542 1983 752 2020 secundum
771 1982 860 2020 illud
884 1983 967 2020 Gal.
983 1994 1022 2020 v:
1038 1984 1059 2006 '¹‘
1082 1985 1182 2021 Caro
1201 1984 1427 2032 concupiscit

368 2035 547 2071 adversus
572 2036 755 2083 spiritum,
786 2041 826 2072 ut
842 2047 916 2072 non
945 2046 1202 2085 quaecumque
1219 2037 1340 2083 vultis,
1361 2036 1427 2074 illa

357 2088 526 2135 faciatis.
556 2089 658 2136 Ergo
686 2088 813 2136 passio
842 2089 1002 2125 totaliter
1029 2096 1181 2126 excusat
1209 2099 1231 2125 a
1254 2097 1422 2137 peccato.

422 2151 458 2176 2.
478 2141 709 2188 Pmmam,
738 2141 865 2189 passio
889 2149 1018 2178 causat
1036 2141 1287 2189 ignorantiam
1307 2152 1427 2190 quan-

132 2196 141 2205 *
154 2195 205 2216 Art.
219 2201 240 2216 2.

369 2193 457 2230 dam
477 2193 515 2230 in
534 2194 758 2242 particulari,
778 2201 820 2230 ut
838 2194 980 2231 dictum
1001 2202 1057 2231 est
1066 2194 1098 2231 *ἢ
1120 2195 1196 2231 Sed
1216 2194 1426 2242 ignorantia

131 2256 141 2266 ·
151 2255 307 2283 Qu-x1x‚art.
319 2256 340 2277 6·
367 2245 597 2293 particularis
611 2246 772 2283 totaliter
786 2254 938 2283 excusat
953 2259 975 2283 a
989 2254 1159 2295 peceato,
1176 2248 1270 2284 sicut
1284 2247 1428 2296 supra*

368 2298 539 2335 hab-itum
560 2306 626 2336 est.
657 2299 758 2347 Ergo
787 2299 914 2347 passio
941 2300 1102 2337 totaliter
1126 2307 1279 2337 excusat
1298 2310 1320 2337 a
1338 2312 1427 2349 pec-

370 2358 465 2387 cato.

425 2404 460 2439 3.
489 2404 736 2451 Pais-raam,
765 2404 962 2441 infirmitas
999 2405 1150 2442 animae
1182 2405 1334 2453 gravior
1372 2413 1428 2442 est

369 2467 490 2504 quarn.
508 2456 705 2493 infirmitas
725 2457 905 2505 corporis.
937 2457 1014 2494 Sed
1042 2457 1238 2495 infirmitas
1258 2458 1427 2506 corporis

368 2508 530 2545 totaliter
550 2517 705 2546 excusat
721 2519 742 2546 a
761 2517 930 2558 peccato,
951 2517 993 2546 ut
1011 2517 1114 2558 patet
1131 2511 1169 2547 in
1188 2511 1425 2560 phreneticis.

370 2561 472 2607 Ergo
510 2563 630 2598 multo
664 2563 783 2609 magis
820 2562 967 2611 passio,
1004 2574 1101 2610 quae
1137 2571 1192 2600 est
1228 2563 1427 2600 infirmitas

370 2625 531 2650 animae.

423 2666 497 2703 San
526 2677 670 2703 CONTRA
698 2677 763 2702 Es'r
792 2667 895 2715 quod
922 2669 1149 2716 Apostolus,
1178 2670 1290 2705 Rom.
1318 2669 1425 2716 v11*‚

371 2726 488 2755 vocat
511 2718 707 2767 passiones
730 2725 988 2767 peccatorum,
1017 2732 1095 2757 non
1124 2721 1194 2757 nisi
1222 2721 1311 2769 quia
1338 2732 1427 2770 pec-

371 2779 454 2808 cata
483 2779 649 2808 causant.
680 2772 795 2817 Quod
825 2784 903 2808 non
932 2781 1038 2819 esset,
1065 2773 1095 2810 si
1115 2785 1137 2809 a
1155 2780 1313 2821 peccato
1332 2781 1428 2811 tota-

369 2824 451 2861 liter
483 2831 716 2860 excusarent.
747 2825 848 2872 Ergo
882 2825 1079 2873 passiones
1112 2837 1190 2862 non
1218 2826 1378 2863 totaliter
1404 2838 1427 2864 a

370 2884 527 2925 peccato
557 2884 747 2913 excusam.

425 2930 649 2966 Rssronnno
678 2940 861 2966 memnon
893 2929 998 2976 quod
1025 2931 1237 2967 secundum
1265 2932 1340 2968 hoc
1367 2944 1427 2968 so-

370 2983 450 3018 lum
479 2989 584 3019 actus
611 2981 747 3030 aliquis
772 2982 836 3030 qui
871 2981 918 3018 de
945 2992 1082 3029 genere
1110 2994 1180 3019 suo
1210 2991 1264 3020 est
1292 2985 1427 3032 malus,

371 3034 532 3071 totaliter
550 3047 573 3071 a
590 3042 752 3083 peccato.
777 3041 986 3082 excusatur,
1015 3035 1120 3083 quod
1141 3036 1302 3073 totaliter
1319 3037 1428 3074 invo-

372 3087 553 3124 luntarius
581 3087 761 3124 redditur.
789 3087 901 3124 Unde
930 3087 960 3124 si
989 3087 1034 3124 sit
1062 3087 1147 3124 talis
1171 3089 1299 3137 passio
1331 3101 1429 3137 quae

373 3140 532 3176 totaliter
558 3139 855 3177 involuntarium
885 3140 1016 3177 reddat
1035 3147 1162 3177 actum
1190 3149 1426 3189 sequentem,

373 3192 535 3228 totaliter
550 3204 572 3229 a
591 3200 747 3241 peccato
768 3200 936 3229 excusat:
960 3192 1139 3241 alioquin,
1159 3205 1238 3231 non
1257 3194 1428 3232 totaliter.

428 3244 538 3280 Circa
556 3246 659 3292 quod
679 3245 756 3282 duo
785 3245 1058 3283 consideranda
1084 3246 1271 3284 videntur.
1300 3247 1429 3284 Primo

375 3295 540 3344 quidem,
561 3298 665 3344 quod
684 3298 822 3346 aliquid
848 3306 971 3347 potest
990 3309 1075 3335 esse·
1091 3299 1348 3337 voluntarium
1367 3301 1429 3337 vel

376 3348 586 3385 secundum
615 3360 674 3396 se,
704 3350 801 3387 sicut
829 3351 984 3399 quando
1013 3352 1194 3390 voluntas*
1223 3352 1362 3390 directe
1390 3353 1429 3390 in

132 2719 143 2729 ⁹
158 2718 223 2740 Vers.
240 2725 258 2746 5.

429 3465 456 3497 α)
475 3465 558 3496 quasi.
577 3479 595 3484 —
613 3466 682 3497 quod
701 3466 920 3500 CFGH1LpABD,
940 3470 1010 3500 quod
1029 3473 1068 3494 est
1087 3470 1116 3499 Κ,
1136 3478 1188 3495 om.
1207 3470 1320 3495 EsABD.

1478 1720 1604 1769 ipsum
1624 1722 1754 1758 fertur·
1783 1722 1844 1758 vel
1869 1722 2080 1759 secundum
2101 1735 2210 1759 suam
2231 1736 2397 1771 causam,
2418 1737 2536 1773 quan-

1480 1773 1531 1810 do
1549 1774 1724 1810 voluntas
1744 1774 1858 1810 fertur
1886 1774 1923 1810 in
1953 1786 2106 1811 causam
2136 1783 2172 1812 et
2191 1787 2268 1812 non
2288 1776 2326 1813 in
2347 1776 2536 1827 effectum,

1479 1833 1520 1862 ut
1546 1833 1648 1874 patet
1671 1826 1709 1862 in
1739 1838 1784 1863 eo
1813 1826 1878 1875 qui
1897 1827 2108 1864 voluntarie
2137 1828 2366 1876 inebriatur·
2391 1828 2538 1874 exinde

1481 1878 1582 1915 enim
1611 1879 1717 1927 quasi
1739 1884 1755 1900 α
1782 1879 2041 1916 voluntarium
2068 1880 2101 1917 ei
2124 1879 2330 1930 imputatur
2347 1879 2463 1931 quod
2464 1888 2538 1934 'per

1481 1931 1699 1968 ebrietatem
1729 1932 1938 1969 committit.
1960 1950 1987 1959 —-
2006 1933 2184 1970 Secundo
2219 1934 2537 1974 considerandum

1481 1991 1536 2020 est
1564 1985 1667 2032 quod
1691 1984 1830 2032 aliquid
1860 1985 1994 2022 dicitur
2011 1986 2270 2024 voluntarium
2297 1987 2447 2036 directe,
2475 1988 2539 2027 vei

1479 2036 1674 2074 indirecte:
1696 2037 1833 2074 directe
1854 2037 2019 2086 quidem,
2035 2038 2102 2075 id
2093 2050 2132 2075 m
2150 2039 2258 2087 quod
2273 2039 2450 2078 voluntas
2467 2041 2539 2082 fer-

1480 2097 1557 2135 tur;
1587 2089 1766 2126 indirecte
1795 2097 1934 2137 autern,
1964 2090 2053 2128 illud
2082 2091 2187 2139 quod
2213 2093 2390 2130 voluntas
2417 2092 2540 2165 potuit

1480 2118 1693 2191 prohibere,
1725 2143 1792 2179 sed
1820 2154 1899 2180 non
1926 2143 2112 2191 prohibet.

1535 2195 1755 2231 Secundum
1776 2196 1850 2232 hoc
1878 2195 1988 2243 igitur
2016 2196 2324 2244 distinguendum
2342 2206 2408 2236 est.
2438 2174 2539 2246 Quia

1480 2247 1607 2295 passio
1641 2248 1871 2296 quandoque
1905 2248 2059 2307 quidem
2093 2256 2162 2286 est
2171 2257 2285 2287 tanta
2313 2250 2418 2299 quod
2445 2250 2539 2294 tow}

1481 2299 1563 2336 liter
1589 2300 1710 2336 aufert
1736 2312 1849 2337 usum
1883 2301 2056 2338 rationis·
2085 2301 2182 2339 sicut
2206 2309 2309 2351 patet
2335 2302 2374 2340 in
2397 2302 2454 2341 his
2468 2301 2540 2364 qni

2564 649 2584 671 3

1481 2359 1637 2401 propter
1664 2364 1836 2390 amorem
1864 2355 1926 2390 vel
1954 2354 2053 2390 iram
2068 2354 2256 2392 insaniunt
2273 2354 2304 2392 ⁸.
2328 2355 2386 2393 Et
2401 2359 2496 2395 tune
2504 2356 2540 2398 si
2568 2369 2576 2378 ·

1482 2405 1563 2442 talis
1591 2405 1716 2454 passio
1737 2417 1758 2442 a
1775 2406 1960 2455 principio
1990 2406 2060 2443 fuit
2084 2407 2308 2454 voluntaria,
2334 2407 2540 2457 imputatur

1483 2466 1586 2494 actus
1616 2458 1663 2495 ad
1691 2465 1911 2506 peccatum,
1941 2459 2030 2507 quia
2062 2467 2117 2496 est
2142 2460 2378 2497 voluntarius
2405 2461 2443 2498 in
2470 2472 2540 2499 sua

1484 2522 1617 2547 causa:
1654 2510 1749 2547 sicut
1783 2511 1895 2548 etiam
1930 2511 1977 2548 de
2011 2512 2189 2549 ebnetate
2222 2512 2364 2550 dictum
2399 2521 2464 2552 est.
2499 2514 2540 2552 Si

1482 2574 1576 2600 vero
1597 2574 1711 2600 causa
1731 2575 1809 2600 non
1828 2564 1896 2601 fuit
1908 2564 2132 2611 voluntaria,
2153 2563 2221 2602 sed
2239 2565 2429 2613 naturalis,
2449 2568 2541 2615 putja

1484 2627 1571 2652 cum
1600 2616 1733 2664 aliquis
1752 2628 1796 2652 ex
1816 2616 2058 2665 aegritudine,
2078 2617 2146 2654 vel*
2169 2617 2294 2666 aliqua
2320 2618 2540 2656 huiusmodi

1484 2681 1616 2715 causa,
1646 2668 1774 2706 incidit
1801 2670 1838 2706 in
1865 2670 1979 2706 talem
2008 2669 2225 2729 passionem
2255 2682 2352 2719 quae
2379 2670 2541 2709 totaliter

1484 2722 1602 2758 aufert
1619 2734 1732 2758 usum
1754 2722 1924 2767 rationis;
1954 2729 2058 2759 actus
2078 2722 2236 2759 omnino
2256 2721 2272 2752 β
2299 2723 2494 2761 redditur
2485 2735 2540 2762 m-

1483 2774 1729 2821 voluntarius,
1751 2782 1787 2811 et
1805 2787 1873 2824 per
1897 2786 2134 2846 consequens
2162 2775 2330 2813 totaliter
2342 2787 2364 2813 a
2382 2784 2539 2825 peccato

1484 2834 1692 2864 excusatur.

1538 2880 1781 2927 Quandoque
1809 2891 1903 2916 vero
1936 2879 2062 2928 passio
2096 2891 2175 2916 non
2207 2888 2263 2917 est
2296 2887 2412 2918 tanta
2435 2879 2540 2930 quod

1483 2932 1643 2969 totaliter
1669 2931 1878 2980 intercipiat
1906 2944 2019 2969 usum
2051 2932 2216 2970 rationis.
2251 2933 2302 2970 Et
2328 2941 2423 2971 tunc
2445 2933 2540 2980 ratio

1483 2992 1607 3044 potest
1633 2985 1851 3032 passionem
1881 2984 2091 3031 excludere,
2122 2985 2344 3023 divertendo
2372 2986 2425 3024 ad
2449 2985 2541 3024 alias

1484 3037 1750 3084 cogitationes;
1778 3037 1840 3073 vel
1867 3037 2053 3086 impedire
2077 3049 2124 3074 ne
2144 3050 2257 3076 suum
2287 3046 2540 3099 consequatur

1484 3089 1662 3126 effectum
1680 3089 1717 3136 *,
1747 3089 1836 3137 quia
1865 3091 2038 3127 membra
2066 3101 2144 3127 non
2172 3091 2407 3140 applicantur
2433 3090 2540 3146 operi

1483 3141 1553 3178 nisi
1572 3154 1640 3190 per
1659 3153 1888 3178 consensum
1909 3142 2073 3190 rationis,
2089 3149 2131 3180 ut
2146 3154 2259 3192 supra
2273 3143 2297 3166 ¹*
2313 3142 2454 3181 dicmm
2470 3150 2537 3181 est.

1484 3194 1595 3231 Unde
1623 3194 1703 3231 talis
1731 3195 1857 3243 passio
1882 3207 1959 3232 non
1978 3196 2146 3232 totaliter
2158 3204 2311 3234 excusat
2329 3208 2351 3233 a
2368 3202 2536 3246 peccato.

1536 3248 1595 3284 AD
1624 3258 1760 3284 Palmum
1788 3258 1886 3284 ERGO
1915 3255 2097 3286 mcENDUM
2125 3250 2229 3298 quod
2257 3249 2331 3286 hoc
2359 3247 2470 3297 quod
2486 3248 2539 3285 di-

1485 3299 1589 3347 citur,
1611 3305 1651 3336 ut
1669 3311 1743 3336 non
1763 3311 2020 3349 quaecumque
2041 3301 2161 3347 vultis,
2191 3301 2255 3338 illa
2270 3300 2440 3350 faciatis,
2461 3312 2539 3338 non

1483 3359 1539 3389 est
1567 3353 1806 3390 referendum
1835 3353 1884 3390 ad
1913 3365 1958 3390 ea
1985 3365 2084 3402 quae
2111 3354 2208 3391 fiunt
2224 3365 2295 3402 per
2316 3353 2538 3391 exteriorem

1455 3465 1459 3505 ἱ
1538 3470 1563 3503 β)
1583 3472 1699 3497 omnino.
1716 3485 1734 3490 —
1753 3472 1814 3496 Om.
1834 3472 1887 3501 EF;
1907 3471 1967 3495 item
1987 3471 2113 3496 totaliter.

2568 3103 2577 3112 ·
2591 3101 2619 3123 D.
2634 3101 2681 3129 981.

2565 616 2632 643 ·Qu.
2643 621 2722 644 Lxxnr,
2731 621 2774 639 art.

2599 643 2627 664 ad
2642 649 2662 664 2.

2837 1287 2840 1299 ...
2834 1077 2840 1278 affin-.....-m—.i
2833 910 2840 1070 —*„m-m
2838 896 2840 900 .
2835 885 2836 888 „
2838 868 2840 876 ,
2839 842 2840 845 Α
2838 785 2840 789 i
2837 762 2840 765 .

2567 3153 2633 3181 'Qu.
2641 3158 2697 3182 xva,
2704 3155 2747 3175 art.
2754 3159 2777 3181 ⁹·
2826 3155 2827 3158 ’
