2840 4010
80 463 163 512 gan.
186 469 279 485 Lxxxvn
284 479 291 490 ,

961 171 1228 218 QUAESTIO
1257 173 1504 222 LXXXVIII,
1533 173 1828 212 ARTICULUS
1859 177 1872 212 1

319 259 416 299 quae
445 255 532 285 sunt
560 248 608 285 ad
636 249 772 296 finem,
803 258 1028 287 conservato
1062 251 1195 288 ordine
1224 251 1273 288 ad
1296 251 1377 288 ulti-

318 313 425 339 mum
444 301 576 349 finem,
597 302 815 350 reparabilia
830 310 926 340 sunt.
944 304 992 339 Et
1010 304 1103 340 haec
1121 303 1294 340 dicuntur
1311 315 1377 339 ve-

318 354 450 393 nialia:
470 361 560 391 tunc
575 354 675 391 enim
691 362 889 403 peccatum
906 355 1060 392 veniam
1079 356 1205 402 habet,
1222 355 1375 403 quando

318 414 442 445 reatus
461 419 608 456 poenae
629 408 778 455 tollitur,
795 407 860 456 qui
880 415 1000 445 cessat
1017 415 1187 444 cessante
1206 415 1375 455 peccato,

318 469 360 498 ut
389 460 531 497 dictum
559 467 615 497 est
641 460 672 496 *.

373 513 593 550 Secundum
621 514 696 549 hoc
715 524 816 560 ergo,
845 512 1003 548 mortale
1024 519 1060 547 et
1078 511 1226 547 veniale
1255 523 1376 560 oppo-

318 573 459 604 nuntur
477 565 572 603 sicut
590 564 798 614 reparabile
814 571 850 601 et
867 563 1117 613 irreparabile.
1134 564 1183 600 Et
1196 564 1271 600 hoc
1291 563 1375 600 dico

317 632 388 670 per
405 618 632 669 principium
651 617 821 655 interius:
840 628 919 654 non
943 623 1072 653 autem
1090 628 1160 666 per
1179 628 1375 665 compara-

318 673 463 710 tionem
490 672 540 710 ad
558 671 737 718 virtutem
766 669 946 715 divinam,
967 681 1064 717 quae
1094 681 1253 707 omnem
1273 681 1374 706 mor-

319 727 411 766 bum
432 732 471 763 et
488 724 726 772 corporalem
746 729 783 758 et
801 721 1032 771 spiritualem
1047 730 1172 770 potest
1186 733 1372 770 reparare.

318 780 368 816 Et
385 785 540 828 propter
555 778 631 813 hoc
647 774 796 812 veniale
815 781 1014 823 peccatum
1034 775 1303 811 convenienter
1322 774 1375 811 di-

317 831 459 870 viditur
483 836 614 867 contra
641 828 812 864 mortale.

370 886 430 921 An
449 893 586 920 ramum
612 892 711 918 ERGO
734 892 918 918 mCENDuM
938 880 1043 928 quod
1072 879 1206 918 divisio
1230 879 1375 928 peccati

315 935 474 974 venialis
501 942 539 972 et
573 933 742 972 mortalis
769 937 781 954 ⁸
810 945 889 970 non
917 941 972 970 est
1001 933 1134 970 divisio
1161 932 1309 980 generis
1335 933 1374 970 in

317 988 475 1038 species,
495 998 593 1035 quae
622 985 828 1035 aequaliter
854 986 1079 1036 participent
1106 985 1291 1022 rationem
1310 997 1374 1032 ge-

316 1041 435 1078 neris:
463 1041 530 1077 sed
558 1039 706 1087 analogi
738 1039 776 1076 in
806 1051 850 1075 ea
887 1039 934 1076 de
963 1039 1101 1089 quibus
1136 1037 1374 1087 praedicatur

315 1095 528 1131 secundum
563 1092 666 1142 prius
702 1099 739 1129 et
774 1092 973 1140 posterius.
1003 1092 1052 1129 Et
1084 1091 1172 1128 ideo
1208 1090 1374 1140 perfecta

315 1147 409 1191 ratio
437 1145 602 1196 peccati,
632 1157 748 1195 quam
776 1145 1008 1194 Augustinus
1037 1143 1167 1194 ponit,
1197 1144 1374 1181 convenit

315 1207 473 1250 peccato
501 1198 662 1239 mortali.
685 1199 889 1235 Peccatum
908 1205 1035 1235 autem
1063 1196 1211 1235 veniale
1241 1196 1375 1234 dicitur

37 1264 53 1298 ,ι
243 1286 269 1289 ι,
300 1259 516 1302 peceatum
538 1251 753 1288 secundum
774 1250 960 1287 rationem
988 1250 1259 1298 imperfectam,
1281 1257 1318 1286 et
1335 1249 1373 1286 in

315 1306 450 1343 ordine
478 1305 526 1342 ad
553 1312 754 1353 peccatum
782 1303 962 1340 mortale:
985 1302 1086 1340 sicut
1117 1301 1292 1339 accidens
1321 1302 1374 1339 di-

315 1358 411 1396 citur
444 1370 511 1395 ens
539 1357 578 1394 in
606 1357 739 1394 ordine
778 1356 827 1393 ad
863 1355 1131 1402 substantiam,
1161 1355 1371 1392 secundum

314 1411 576 1463 imperfectam
605 1409 791 1447 rationem
819 1409 926 1447 entis.
952 1409 1043 1446 Non
1071 1407 1171 1446 enim
1201 1415 1256 1444 est
1285 1420 1374 1444 con-

314 1472 372 1503 tra
389 1465 530 1512 legem:
551 1462 640 1512 quia
663 1462 860 1499 venialiter
878 1474 1039 1510 peccans
1058 1473 1136 1499 non
1161 1460 1248 1498 facit
1266 1461 1372 1509 quod

313 1518 374 1555 lex
409 1516 606 1566 prohibet,
636 1528 707 1552 nec
735 1515 995 1564 praetermittit
1026 1514 1063 1559 id
1100 1514 1148 1552 ad
1177 1514 1282 1562 quod
1314 1514 1372 1550 lex

365 1631 387 1665 ε)
407 1630 519 1656 veniatis
537 1633 563 1655 et
582 1629 712 1655 mortalis.
730 1642 748 1647 —
767 1629 793 1654 in
814 1629 915 1654 veniale
933 1633 959 1654 et
978 1629 1090 1654 mortale
1108 1628 1156 1654 Pa.
1167 1641 1186 1647 —
1198 1626 1252 1654 Pro
1261 1627 1374 1659 partici-

307 1668 383 1700 pant,
398 1665 567 1699 participant
585 1664 700 1690 PEFKa.

2416 177 2485 213 133

1432 263 1501 300 per
1527 261 1774 302 praeceptum
1798 254 1954 302 obligat3
1976 254 2043 292 sed
2071 254 2158 292 facit
2175 262 2323 304 praeter
2350 255 2485 302 legem,

1433 304 1616 393 quig'non
1646 307 1824 344 observat
1845 307 2007 345 modum
2036 307 2189 344 rationis
2209 319 2325 356 quem
2353 308 2411 344 lex
2431 307 2486 345 in-

1432 363 1494 393 ten
1524 365 1560 394 1t.

1485 411 1543 445 AD
1571 422 1760 448 SECUNDUM
1789 424 1972 450 Diei-:noum
1991 406 2096 462 quod
2124 413 2215 451 illud
2238 420 2485 463 praeceptum

1431 462 1602 508 Apostoli
1631 471 1686 499 est
1713 464 2002 502 affirmativum:
2031 467 2133 503 unde
2161 478 2239 504 non
2266 466 2407 514 obligat
2435 466 2483 503 ad

1432 524 1594 571 semper.
1621 516 1668 551 Et
1695 516 1748 552 sic
1767 529 1844 554 non
1873 518 1959 555 facit
1986 526 2116 556 contra
2135 519 2208 556 hoc
2235 527 2483 569 praeceptum

1431 577 1660 615 quicumque
1690 580 1768 605 non
1788 578 1872 606 actu
1901 572 2010 608 refert
2027 572 2065 608 in
2093 571 2251 620 gloriam
2276 571 2347 610 Dei
2367 584 2483 609 omne

1431 619 1534 665 quod
1563 618 1660 655 facit.
1683 621 1829 658 Sufficit
1857 635 1945 671 ergo
1971 624 2075 673 quod
2094 624 2227 673 aliquis
2245 625 2484 663 habitualiter

1431 669 1566 707 referat
1593 683 1632 707 se
1652 680 1689 708 et
1716 674 1844 711 omnia
1872 688 1940 712 sua
1968 677 2006 714 in
2024 679 2170 725 Deum,
2200 678 2249 716 ad
2275 679 2350 715 hoc
2378 678 2483 726 quod

1429 734 1507 758 non
1527 735 1679 772 semper
1692 727 1898 764 mortaliter
1911 738 2052 778 peccet,
2074 742 2160 766 cum
2176 731 2341 779 aliquem
2356 739 2483 768 actum

1430 786 1508 811 non
1536 776 1646 813 refert
1672 777 1711 814 in
1738 779 1896 826 gloriam
1916 782 1987 818 Dei
2015 783 2216 821 actualiter.
2237 784 2392 820 Veniale
2417 795 2482 820 au-

1429 834 1506 885 tem
1535 837 1733 876 peccatum
1769 843 1847 868 non
1875 834 2033 871 excludit
2068 836 2298 873 habitualem
2331 836 2483 874 ordina-

1429 887 1572 918 nonem
1596 890 1700 919 actus
1728 884 1886 921 humani
1903 885 1940 922 in
1969 886 2127 934 gloriam
2155 888 2238 935 Dei,
2264 889 2331 926 sed
2359 889 2482 926 solum

1429 934 1638 971 actualem:
1669 935 1758 983 quia
1785 949 1863 974 non
1887 939 2047 976 excludit
2075 941 2279 988 caritatem,
2299 954 2397 990 quae
2416 943 2482 979 ha-

1430 985 1615 1022 bitualiter
1647 987 1796 1026 ordinat
1832 989 1869 1026 in
1899 992 2038 1028 Deum.
2069 993 2180 1030 Unde
2208 1006 2286 1030 non
2314 994 2481 1043 sequitur

1430 1039 1534 1086 quod
1561 1039 1621 1076 ille
1641 1041 1704 1088 qui
1731 1050 1863 1090 peccat
1881 1044 2085 1092 venialiter,
2106 1054 2237 1093 peccet
2264 1047 2480 1084 mortaliter.

1481 1093 1540 1128 AD
1567 1103 1726 1130 TERTmM
1746 1106 1928 1133 menapum
1957 1097 2060 1145 quod
2084 1098 2144 1134 ille
2172 1099 2238 1147 qui
2260 1107 2391 1148 peccat
2417 1111 2482 1136 ve-

1428 1143 1584 1192 nialiter,
1610 1145 1778 1184 inhaeret
1806 1149 1908 1186 bono
1938 1150 2136 1199 temporali
2163 1163 2241 1188 non
2269 1160 2310 1189 ut
2336 1152 2480 1199 fruens,

1429 1196 1518 1245 quia
1537 1210 1616 1235 non
1635 1200 1823 1238 constituit
1841 1201 1879 1239 in
1899 1214 1945 1238 eo
1965 1203 2104 1248 finem;
2133 1204 2202 1242 sed
2219 1211 2262 1242 ut
2282 1212 2404 1252 utens,
2425 1217 2482 1243 re-

1429 1250 1551 1286 ferens
1579 1250 1618 1287 in
1646 1252 1773 1290 Deum
1802 1266 1879 1291 non
1906 1263 2005 1302 actu,
2026 1256 2094 1293 sed
2122 1257 2263 1293 habitu.

1455 1354 1462 1360 ⁴
1481 1305 1539 1339 An
1568 1315 1740 1345 QUARTUM
1762 1318 1944 1345 melerinum
1973 1307 2076 1358 quod
2103 1310 2250 1346 bonum
2271 1318 2482 1347 commuta·

1428 1354 1500 1391 bile
1529 1369 1607 1393 non
1635 1357 1815 1408 accipitur
1842 1368 1883 1397 ut
1910 1361 2092 1398 terminus
2122 1363 2396 1411 contrapositus
2425 1363 2481 1400 in-

1429 1409 1687 1447 commutabili
1706 1411 1822 1459 bono,
1844 1413 1913 1450 nisi
1942 1413 2095 1461 quando
2117 1415 2350 1452 constituitur
2377 1415 2416 1453 in
2435 1429 2481 1453 eo

1428 1461 1524 1498 finis.
1547 1462 1662 1522 Quod
1684 1465 1786 1522 enim
1807 1473 1862 1502 est
1881 1466 1930 1503 ad
1954 1467 2070 1504 finem
2093 1466 2117 1512 1,
2138 1480 2217 1505 non
2236 1469 2351 1506 habet
2370 1469 2482 1506 ratio-

1428 1526 1518 1550 nem
1546 1522 1707 1553 termini.

1480 1627 1505 1661 ζ)
1518 1629 1611 1660 finem.
1630 1643 1648 1648 -
1667 1631 1808 1655 terminum
1827 1631 1879 1656 EF.

987 1733 1318 1768 Commentariis
1341 1732 1590 1766 cardinalis
1612 1735 1814 1769 Caietam·

314 1827 362 1891 IN
381 1816 486 1858 primo
505 1814 636 1846 articulo
654 1813 848 1855 quaestionis
868 1813 1219 1853 octogesimaeoctavae,
1240 1811 1375 1843 dubium
1428 1813 1534 1853 quoad
1550 1815 1728 1855 analogiam
1743 1816 1920 1846 secundum
1934 1826 2012 1852 rem,
2030 1823 2060 1846 et
2083 1817 2258 1846 secundum
2277 1817 2415 1848 nominis
2438 1827 2483 1848 ra-

343 1860 478 1892 occurrit
492 1869 530 1890 ex
546 1859 654 1895 Scoto,
670 1858 704 1888 in
717 1868 768 1888 xx1
783 1857 982 1894 distinctione
997 1857 1023 1888 11
1039 1857 1136 1898 Sena,
1154 1856 1374 1898 expresse-im-

1428 1857 1558 1894 tionem,
1585 1865 1615 1889 et
1638 1860 1814 1890 secundum
1837 1860 2068 1900 expositionem
2092 1860 2130 1890 de
2150 1860 2182 1900 ly
2198 1865 2309 1891 contra
2333 1862 2435 1903 legem
2453 1869 2483 1893 et

311 1911 490 1947 pugnante,
514 1904 604 1945 quod
626 1902 746 1934 veniale
771 1909 801 1933 et
829 1903 962 1933 mortale
985 1911 1050 1932 non
1075 1901 1310 1942 distinguuntur
1337 1911 1374 1931 ex
1421 1907 1555 1941 praeter
1577 1903 1690 1943 legem.
1707 1904 1821 1944 Arguit
1834 1904 1949 1944 primo,
1967 1904 2055 1945 quod
2078 1903 2189 1934 divisio
2206 1905 2325 1944 peccati
2346 1905 2379 1935 in
2395 1916 2482 1936 mor-

311 1960 351 1982 eo
381 1949 471 1991 quod
493 1948 628 1979 mortale
650 1946 919 1978 inordinationem
946 1946 1026 1977 circa
1048 1945 1155 1982 finem,
1174 1945 1295 1976 veniale
1319 1955 1372 1976 au-

311 2002 377 2028 tem
401 1993 482 2025 circa
496 2003 532 2024 ea
554 2002 636 2035 quae
655 1998 730 2023 sunt
751 1992 791 2022 ad
818 1991 925 2028 finem,
941 1991 1127 2032 importent,
1144 1990 1220 2032 quia
1249 1997 1372 2021 utrum-

311 2049 375 2082 que
397 2045 503 2079 potest
535 2047 601 2068 esse
625 2043 656 2068 et
679 2036 759 2067 circa
781 2035 894 2072 finem,
919 2043 950 2067 et
972 2036 1052 2067 circa
1074 2045 1111 2066 ea
1132 2045 1213 2076 quae
1237 2041 1311 2065 sunt
1333 2035 1374 2065 ad

310 2083 424 2116 finem:
450 2092 524 2114 cum
554 2089 661 2113 tamen
693 2083 812 2112 Auctor
834 2081 885 2111 hic
918 2080 1088 2121 distinguat
1117 2079 1238 2111 veniale
1264 2087 1373 2110 contra

312 2127 446 2159 mortale
462 2137 500 2159 ex
515 2127 597 2158 dicta
620 2124 800 2156 differentia.

364 2172 402 2203 11.
418 2172 469 2202 Ad
483 2171 545 2202 hoc
561 2170 674 2201 dicitur
691 2168 867 2209 dupliciter.
880 2168 997 2204 Primo,
1011 2168 1100 2209 quod
1109 2170 1231 2198 Auctor
1243 2177 1308 2198 non
1324 2167 1371 2198 in-

310 2216 412 2248 tendit
428 2215 487 2246 nisi
504 2215 543 2246 de
557 2215 671 2250 veniali
685 2221 714 2244 et
730 2213 856 2243 mortali
872 2223 909 2244 ex
923 2222 1051 2252 genere:
1072 2213 1147 2243 haec
1162 2211 1248 2242 enim
1264 2211 1371 2242 distin-

310 2267 453 2301 guuntur
469 2270 506 2290 ex
521 2259 660 2295 obiectis,
678 2257 794 2288 scilicet
813 2257 875 2288 fine
896 2264 926 2288 et
949 2257 997 2288 his
1013 2266 1094 2298 quae
1115 2263 1189 2287 sunt
1208 2256 1248 2286 ad
1263 2255 1370 2287 finem.

310 2304 457 2336 obiectio
470 2310 576 2334 autern
589 2302 731 2344 procedit
745 2303 784 2332 de
803 2302 928 2333 mortali
945 2308 975 2333 et
989 2301 1102 2332 veniali
1117 2300 1370 2342 quomodolibet.

366 2348 427 2379 Sed
451 2355 592 2378 remanet
617 2355 693 2378 tunc
716 2346 874 2388 quaestio,
898 2356 994 2387 quare
1017 2345 1160 2376 absolute
1189 2347 1310 2376 Auctor
1333 2346 1370 2376 de

310 2391 438 2423 mortali
457 2399 488 2423 et
505 2392 619 2422 veniali
635 2399 778 2427 tractans,
795 2391 834 2421 ad
856 2390 978 2421 veniale
1003 2397 1033 2420 et
1048 2390 1181 2420 mortale
1205 2399 1241 2420 ex
1259 2398 1371 2429 genere

310 2436 484 2467 descendit:
501 2436 534 2466 in
557 2436 619 2466 hoc
642 2436 727 2466 enirn
751 2445 866 2466 errasse
889 2435 1013 2466 videtur
1035 2434 1210 2471 manifeste,
1224 2435 1315 2475 quod
1337 2434 1371 2465 in

311 2480 476 2511 communi
500 2487 644 2516 tractans,
662 2480 700 2510 de
725 2479 911 2519 specialibus
936 2479 1132 2515 determinat,
1149 2479 1257 2510 relicto
1282 2489 1369 2509 com-

310 2524 412 2555 muni.
432 2524 611 2564 Propterea,
628 2524 700 2555 licet
723 2524 805 2555 dicta
828 2523 993 2564 responsio
1013 2524 1052 2555 sit
1073 2532 1146 2555 vera
1173 2524 1281 2564 quoad
1304 2534 1372 2554 ma-

309 2568 431 2604 teriam,
449 2568 622 2599 formaliter
637 2575 743 2599 tamen
760 2569 929 2599 dicendum
953 2575 999 2598 est
1018 2568 1106 2608 quod
1128 2570 1249 2599 Auctor
1267 2568 1370 2610 loqui-

310 2616 363 2643 tur
385 2613 424 2642 de
445 2622 503 2652 per
525 2622 558 2643 se
581 2612 707 2642 mortali
731 2620 761 2643 et
784 2622 840 2653 per
869 2622 902 2642 se
925 2611 1039 2642 veniali
1063 2610 1206 2654 (semper
1229 2612 1314 2644 enirn
1338 2614 1370 2655 ly

303 2665 368 2697 per
380 2666 417 2688 se
430 2655 702 2696 subintelligam:
722 2664 754 2687 et
768 2657 856 2697 quod
873 2657 949 2687 haec
964 2666 1020 2696 per
1032 2667 1064 2687 se
1080 2663 1216 2697 sumpta,
1233 2667 1270 2687 ex
1286 2658 1371 2688 obie-

311 2700 368 2732 ctis
390 2700 637 2740 distinguuntur,
661 2699 724 2731 fine
739 2707 772 2732 et
787 2701 835 2731 his
858 2711 940 2741 quae
955 2707 1030 2731 sunt
1053 2701 1092 2732 ad
1113 2700 1222 2733 finem.
1240 2702 1282 2733 Et
1296 2711 1371 2733 cum

309 2743 424 2775 dicitur
448 2744 536 2787 quod
555 2751 728 2785 utrumque
743 2751 848 2785 potest
863 2755 930 2776 esse
947 2745 1027 2776 circa
1043 2752 1225 2786 utrumque,
1242 2755 1371 2786 respon-

310 2788 402 2819 detur
425 2787 515 2829 quod
537 2787 599 2820 hoc
622 2798 687 2818 non
712 2795 758 2819 est
780 2798 836 2829 per
859 2799 906 2826 se,
928 2789 983 2820 sed
1008 2799 1062 2830 per
1088 2789 1240 2821 accidens.
1263 2791 1371 2822 Motus

310 2831 397 2862 enim
424 2831 522 2862 animi
545 2832 585 2862 ad
609 2831 800 2863 adulterium
820 2833 870 2863 vel
893 2832 1126 2870 infidelitatem,
1149 2844 1206 2874 per
1228 2834 1372 2866 accidens

309 2882 435 2906 tantum
458 2881 505 2906 est
526 2875 660 2906 veniale:
688 2875 763 2917 quia
787 2876 903 2908 scilicet
925 2885 972 2909 est
994 2877 1196 2918 imperfectus
1225 2889 1262 2909 ex
1285 2886 1371 2919 parte

309 2919 439 2960 agentis,
466 2925 580 2960 utpote
600 2926 666 2950 non
694 2920 892 2952 deliberatus.
914 2921 955 2955 Et
977 2921 1120 2953 similiter
1142 2929 1250 2954 motus
1274 2923 1370 2954 animi

308 2963 342 2994 in
365 2963 564 3004 superfluum
585 2963 696 3001 risum.
712 2974 768 3005 per
790 2965 933 2997 accidens
953 2972 1000 3009 est
1020 2967 1169 2998 mortale:
1194 2967 1269 3007 quia
1292 2967 1371 2999 scili-

309 3014 359 3038 cet
381 3007 544 3039 ordinatur
572 3008 615 3038 ad
642 3008 705 3040 hoc
726 3009 770 3040 in·
782 3016 1004 3050 contemptum
1034 3010 1117 3042 fidei.
1141 3011 1200 3043 Per
1223 3021 1256 3042 se
1285 3011 1371 3042 enim

307 3051 484 3093 loquendo,
505 3058 535 3082 et
559 3051 729 3085 iudicando
754 3059 843 3085 actus
865 3054 1042 3086 secundum
1061 3054 1203 3095 proprias
1226 3055 1370 3086 materias

308 3102 340 3126 et
362 3094 440 3126 fines
463 3096 654 3133 eorundem,
680 3106 738 3127 nec
762 3097 894 3128 mortale
928 3097 1007 3129 circa
1035 3098 1067 3128 id
1086 3098 1175 3140 quod
1203 3099 1243 3130 ad
1273 3098 1370 3130 finem

308 3149 397 3180 pure.
414 3149 472 3170 nec
492 3139 615 3170 veniale
639 3140 718 3171 cirea
733 3139 831 3171 finem
854 3141 1050 3172 inordinatus
1067 3148 1114 3173 est
1136 3149 1233 3173 actus.
1250 3143 1291 3174 Et
1307 3143 1369 3174 for-

309 3183 432 3214 maliter
453 3183 555 3214 littera
578 3184 724 3221 salvatur,
741 3185 819 3215 dum
839 3185 877 3215 de
901 3185 1026 3216 mortali
1041 3192 1072 3216 et
1093 3186 1206 3216 veniali
1225 3186 1258 3217 in
1282 3197 1368 3221 com-

307 3227 413 3264 muni,
438 3238 494 3268 per
517 3237 550 3262 se
572 3234 694 3264 tamen,
719 3228 862 3260 doctrina
883 3229 995 3260 tradita
1018 3236 1072 3260 est.
1097 3230 1138 3261 Et
1159 3230 1236 3270 quia
1257 3241 1314 3271 per
1336 3241 1369 3262 se

308 3271 442 3302 mortale
467 3278 497 3303 et
519 3272 650 3308 veniale,
668 3279 699 3303 et
722 3283 759 3303 ex
781 3282 894 3312 genere
916 3273 1050 3304 mortale
1074 3280 1105 3304 et
1126 3274 1257 3311 veniale,
1281 3275 1369 3306 coin-

308 3316 433 3353 cidunt;
450 3316 523 3346 ideo
546 3316 649 3357 prima
675 3316 840 3358 responsio
872 3316 932 3348 fuit
954 3327 1036 3354 vera,
1060 3318 1205 3359 quamvis
1229 3328 1295 3350 non
1319 3329 1367 3350 ex-

306 3359 438 3400 plicaret
460 3358 627 3390 formalem
649 3370 845 3405 processum.
1220 3397 1227 3401 ¹

363 3402 415 3435 111.
433 3403 468 3434 In
492 3404 699 3445 responsione
715 3405 756 3435 ad
773 3405 915 3445 primurn
931 3405 964 3435 in
984 3405 1098 3436 eodem
1117 3405 1249 3436 articulo
1273 3417 1368 3447 quae-

307 3446 418 3489 stionis
443 3448 799 3488 octogesimaeoctavae‚
825 3449 957 3479 dubium
982 3449 1117 3479 occurrit
1145 3459 1180 3480 ex
1205 3450 1368 3485 Durando,

306 3490 339 3522 in
363 3491 390 3522 11
406 3492 505 3530 Sena,
529 3493 600 3524 dist.
613 3503 675 3523 xm
689 3493 716 3531 *‚
741 3493 947 3534 impugnante
971 3493 1051 3524 hanc
1075 3494 1316 3533 responsionem
1339 3502 1369 3526 et

1426 1946 1486 1976 tale
1510 1953 1540 1977 et
1558 1947 1678 1978 veniale
1701 1958 1767 1978 non
1790 1948 1830 1979 sit
1845 1948 1956 1979 divisio
1980 1948 2106 1988 analogi
2127 1947 2160 1978 in
2179 1948 2354 1988 perfectum
2377 1957 2408 1980 et
2421 1949 2482 1980 im-

1426 1990 1614 2030 perfectum,
1643 1991 1825 2033 simpliciter
1847 1999 1878 2023 et
1900 1993 2076 2023 secundum
2099 1992 2185 2034 quid.
2211 1993 2295 2030 Quia
2318 2001 2404 2024 actus
2427 2004 2483 2024 vo-

1425 2034 1579 2065 luntarius
1603 2035 1794 2076 simpliciter,
1811 2036 1891 2067 idest
1914 2036 2109 2072 deliberatus,
2127 2037 2240 2067 cadens
2270 2047 2365 2078 super
2388 2046 2483 2069 mate-

1425 2078 1504 2109 riam
1527 2079 1708 2120 simpliciter
1728 2081 1911 2117 indebitam,
1927 2088 2004 2121 puta
2019 2091 2132 2111 vocem
2151 2080 2388 2121 significativam
2409 2093 2483 2113 con—

1426 2130 1471 2154 tra
1494 2124 1527 2153 id
1550 2124 1637 2164 quod
1669 2131 1715 2154 est
1741 2124 1775 2155 in
1798 2132 1920 2161 mente,
1942 2132 1987 2156 est
2014 2125 2197 2165 simpliciter
2223 2133 2396 2166 peccatum.
2422 2127 2483 2158 Sed

1425 2168 1627 2198 mendacium
1650 2168 1797 2199 iocosum
1821 2169 1952 2200 scienter
1971 2176 2001 2199 et
2024 2169 2199 2205 deliberate,
2217 2177 2263 2200 est
2285 2170 2480 2202 huiusmodi.

1425 2212 1508 2252 Ergo
1533 2220 1697 2252 peccatum
1720 2213 1840 2244 veniale
1864 2223 1900 2244 ex
1923 2223 2045 2254 genere,
2061 2224 2116 2244 seu
2141 2223 2196 2254 per
2219 2224 2267 2250 se,
2293 2222 2338 2245 est
2361 2215 2482 2255 simpli-

1425 2257 1500 2287 citer
1519 2264 1549 2287 et
1572 2257 1706 2297 perfecte
1729 2265 1906 2297 peccatum.

1479 2302 1648 2337 Praeterea,
1663 2302 1688 2332 si
1703 2301 1736 2332 in
1752 2302 1885 2342 peccatis
1901 2309 1946 2332 est
1959 2302 2140 2342 simpliciter
2152 2308 2182 2332 et
2198 2303 2373 2333 secundum
2388 2303 2480 2343 quid,

1425 2356 1498 2386 ergo
1523 2354 1553 2376 et
1575 2346 1607 2376 in
1631 2346 1751 2376 actibus
1781 2346 1950 2377 virtutum:
1975 2347 2049 2387 quia
2073 2346 2099 2376 si
2127 2355 2229 2376 unum
2259 2347 2482 2387 oppositorum

1425 2390 1660 2430 multiplicatur,
1679 2397 1804 2431 oportet
1827 2390 1986 2431 reliquum
2010 2390 2220 2430 multiplicari.

1480 2436 1531 2466 IV.
1552 2435 1665 2475 Arguit
1681 2435 1794 2466 deinde
1809 2442 1918 2466 contra
1933 2435 2071 2465 nominis
2090 2435 2254 2466 rationem.
2273 2435 2356 2471 Quia
2372 2446 2481 2466 secun-

1424 2480 1501 2509 dum
1526 2479 1602 2515 hoc,
1628 2480 1793 2519 peccatum
1819 2479 1939 2510 veniale
1968 2489 2033 2509 non
2057 2479 2210 2510 diceretur
2232 2488 2395 2518 peccatum
2423 2480 2482 2510 nisi

1423 2524 1455 2554 in
1480 2524 1589 2554 ordine
1613 2524 1651 2554 ad
1675 2522 1824 2556 mortale:
1850 2523 1931 2555 sicut
1954 2523 2096 2554 accidens
2119 2534 2185 2554 non
2209 2523 2321 2555 dicitur
2345 2534 2399 2555 ens
2422 2525 2481 2554 nisi

1424 2568 1499 2609 quia
1523 2568 1610 2598 entis.
1632 2568 1693 2598 Sed
1711 2568 1773 2598 hoc
1797 2574 1842 2598 est
1865 2567 1998 2599 falsum:
2023 2568 2097 2608 quia
2120 2568 2145 2598 si
2161 2576 2326 2608 peccatum
2349 2569 2480 2599 mortale

1424 2623 1489 2643 non
1514 2618 1602 2649 esset,
1618 2611 1826 2643 nihilominus
1850 2619 1930 2643 esset
1951 2612 2084 2642 veniale.
2104 2611 2200 2652 Ergo.

1481 2657 1519 2687 V.
1536 2657 1649 2696 Arguit
1667 2657 1798 2687 demum
1815 2664 1923 2687 contra
1939 2657 2026 2687 illam
2048 2657 2276 2697 expositionem
2293 2657 2381 2698 quod
2397 2666 2480 2687 mor-

1424 2701 1484 2732 tale
1501 2708 1546 2732 ast
1562 2708 1670 2732 contra
1686 2701 1798 2740 legem,
1814 2701 1935 2733 veniale
1953 2698 2084 2741 praete‘r.
2107 2702 2192 2738 Quia
2206 2711 2302 2732 omne
2317 2708 2480 2741 peccatum

1425 2753 1470 2776 est
1494 2752 1602 2776 contra
1623 2745 1763 2786 aliquam
1786 2746 1904 2786 legem:
1932 2752 1968 2777 ut
1993 2753 2079 2786 patet
2100 2746 2140 2776 de
2164 2745 2328 2776 mendacio
2351 2746 2478 2781 iocoso,

1424 2790 1512 2831 quod
1530 2797 1575 2820 est
1598 2789 1712 2821 directe
1736 2797 1844 2821 contra
1867 2789 2024 2820 dictamen
2047 2790 2195 2821 naturalis
2217 2789 2303 2829 legis.

1475 2834 1527 2864 Vl.
1539 2834 1589 2864 Ad
1600 2833 1740 2873 primum
1751 2833 1869 2864 horum
1879 2832 1903 2870 *,
1918 2834 2059 2873 neganda
2073 2842 2118 2865 est
2130 2834 2243 2864 minor.
2257 2833 2382 2864 Nullius
2395 2833 2480 2863 enim

1424 2877 1540 2918 peccati
1557 2877 1685 2908 venialis
1709 2887 1765 2918 per
1781 2887 1813 2908 se
1836 2877 1965 2908 materia
1989 2885 2034 2908 est
2053 2878 2236 2918 simpliciter
2257 2877 2403 2913 indebita,
2424 2877 2479 2908 sed

1424 2923 1600 2953 secundum
1623 2922 1701 2962 quid
1723 2929 1858 2953 tantum.
1880 2922 1963 2959 Quia
1987 2923 2071 2952 enim
2102 2922 2292 2963 principium
2316 2921 2348 2951 in
2372 2931 2480 2962 opera-

1424 2967 1539 2998 bilibus
1558 2973 1606 2997 est
1626 2966 1708 3002 finis,
1725 2974 1756 2997 et
1777 2966 1810 2997 id
1826 2967 1913 3007 quod
1937 2974 1983 2997 est
2005 2967 2044 2996 ad
2063 2966 2160 2997 finem
2180 2973 2226 2996 est
2248 2966 2328 2997 sicut
2351 2966 2479 2997 conclu-

1425 3011 1472 3043 sio
1496 3011 1528 3041 in
1548 3010 1805 3051 speculabilibus;
1826 3017 1952 3050 oportet
1966 3011 2138 3050 perspicere
2155 3010 2252 3050 quod,
2269 3010 2478 3050 quemadmo-

1424 3056 1502 3086 dum
1526 3055 1565 3085 ad
1588 3054 1815 3095 perfectionem
1838 3054 2020 3094 simpliciter
2050 3054 2226 3085 intellectus
2250 3064 2315 3084 non
2339 3060 2480 3094 spectant

1424 3099 1643 3130 conclusiones
1667 3099 1892 3138 contingentes,
1916 3108 1996 3138 quae
2020 3098 2195 3128 secundum
2219 3107 2251 3128 se
2274 3108 2339 3128 non
2363 3097 2480 3128 habent

1424 3142 1629 3173 necessariam
1646 3142 1875 3172 connexionem
1892 3151 1966 3172 curn
1985 3141 2155 3182 principiis,
2173 3142 2226 3172 sed
2243 3141 2310 3172 sola
2326 3141 2479 3182 principia

1424 3193 1454 3218 et
1469 3186 1688 3217 conclusiones
1705 3185 1903 3221 necessariae,
1924 3195 2005 3226 quae
2024 3193 2114 3216 natae
2133 3192 2207 3216 sunt
2225 3195 2291 3216 esse
2310 3185 2478 3222 evidentes,

1423 3237 1564 3271 spectant
1586 3230 1625 3259 ad
1641 3229 1866 3269 perfectionem
1890 3229 2072 3270 simpliciter
2085 3229 2272 3266 intellectus,
2287 3229 2410 3271 reliqua
2422 3239 2480 3260 au-

1422 3283 1487 3306 tem
1515 3274 1554 3304 ad
1584 3273 1809 3314 perfectionem
1842 3281 1872 3305 et
1894 3273 2168 3314 imperfectionem
2198 3274 2374 3305 secundum
2402 3274 2478 3315 quid

1424 3318 1565 3348 eiusdem
1589 3315 1754 3359 (adiuvant
1770 3318 1864 3354 enim,
1885 3325 1915 3348 et
1938 3317 2083 3348 nonnihil
2103 3317 2305 3358 perfectionis
2329 3325 2375 3349 est
2397 3325 2479 3349 recte

1423 3372 1455 3392 se
1478 3361 1591 3392 habere
1615 3361 1695 3391 circa
1717 3360 1799 3403 illa):
1824 3361 1867 3392 ita
1890 3362 1929 3406 ⁸9
1953 3361 2110 3402 appetitus
2134 3361 2288 3392 moralem
2309 3361 2478 3402 perfectio-

1424 3415 1497 3435 nem
1521 3412 1551 3435 et
1573 3404 1845 3445 imperfectionem
1869 3405 2065 3446 simpliciter,
2088 3405 2176 3436 solus
2198 3405 2270 3436 finis
2294 3412 2325 3436 et
2347 3405 2401 3436 fini
2426 3415 2478 3436 ne-

1423 3449 1555 3480 cessario
1573 3449 1770 3480 cohaerentia
1786 3457 1935 3490 spectant,
1953 3449 2033 3480 circa
2049 3459 2130 3490 quae
2146 3457 2192 3480 est
2212 3457 2375 3490 peccatum
2393 3460 2478 3480 mor-

1424 3493 1500 3529 tale;
1525 3493 1644 3534 reliqua
1664 3500 1780 3529 autem,
1801 3503 1881 3534 quae
1897 3501 1971 3524 sunt
1987 3494 2026 3524 ad
2042 3493 2139 3524 finem
2158 3494 2382 3534 contingenter,
2399 3494 2478 3525 circa

2509 2841 2517 2849 ⁹
2533 2839 2568 2861 Cf.
2584 2845 2647 2861 num.
2663 2846 2697 2861 ιιι.
