2840 4010
90 1858 98 1866 ·
115 1855 180 1878 Vers.
197 1862 227 1882 ¹4·

93 2335 100 2342 ·
118 2332 184 2354 Vers.
200 2339 235 2360 34.

92 2388 100 2395 ·
107 2370 178 2407 noni.
186 2385 300 2409 Lxxvn,

105 2412 261 2460 yak'xan,
278 2412 300 2432 in

333 148 406 194 276

1019 142 1284 188 QUAEsrio
1314 140 1415 188 CVI,
1445 141 1740 178 ARTICULUS
1770 143 1821 179 1v

1117 274 1432 317 ARTICULUS
1462 275 1734 325 QUARTUS

753 377 906 407 UTRUM
931 376 1014 406 LEX
1037 375 1158 406 NovA
1183 375 1249 406 SIT
1273 375 1515 407 DURATURA
1539 376 1683 413 USQUE
1707 377 1764 407 AD
1790 376 1923 406 FJNEM
1946 362 2085 407 M'UNDI

419 491 424 503 ’
451 500 504 520 Μ
542 488 563 511 D
585 486 756 516 QUARTUM
776 485 828 509 src
849 484 1087 509 PROCEDxTUR.
1108 472 1268 509 Videtur
1285 473 1391 520 quod

385 516 392 523 “
459 515 522 573 {⁷3
542 529 599 563 lex
628 538 730 563 nova
759 538 836 562 non
865 526 910 562 sit
938 527 1117 562 duratura
1137 538 1258 574 usque
1279 526 1327 563 ad
1347 527 1391 564 fi-

345 624 348 628 Δ
411 562 513 627 *cyfi
541 591 629 616 nem
661 579 806 615 mundi.
838 579 939 625 Quia
958 585 998 614 ut
1021 579 1229 626 Apostolus
1255 579 1354 626 dicit,
1376 581 1389 616 Ι

335 635 339 640 “
388 606 485 664 ἐξ)
501 622 591 668 &ad
613 632 699 668 Cor.
720 643 779 667 x111
799 631 834 677 ²⁸,
865 643 951 667 cum
978 632 1121 668 venerit
1144 633 1245 680 quod
1265 633 1391 681 perfe-

330 691 428 722 ctum
448 691 511 730 est,
540 684 784 721 evacuabitur
812 685 913 732 quod
938 696 988 720 ex
1009 690 1122 732 parte
1141 690 1204 721 est.
1235 685 1313 722 Sed
1331 685 1390 722 lex

330 750 431 775 nova
452 750 494 774 ex
514 745 619 785 parte
641 744 713 773 est:
740 737 829 774 dicit
849 737 950 774 enim
966 738 1173 786 Apostolus
1194 737 1337 775 ibidem
1351 738 1392 774 *ε

328 792 392 827 Ex
414 796 524 839 parte
552 790 824 840 cognoscimus,
851 796 886 827 et
903 802 953 826 ex
974 796 1086 838 parte
1107 791 1389 839 prophetamus.

329 845 429 891 Ergo
446 844 503 879 lex
524 855 626 880 nova
646 843 869 880 evacuanda
890 850 954 890 est,
972 843 1044 879 alio
1060 843 1272 891 perfectiori
1293 851 1391 882 statu

328 896 565 933 succedente.

382 960 416 986 2.
447 950 683 996 PRAETEREA,
713 948 916 995 Dominus,
947 949 1050 987 Ioan.
1076 961 1135 986 xvl
1155 948 1186 996 ³¹⁶,
1216 950 1392 998 promisit

329 1002 519 1050 discipulis
539 1001 615 1038 suis
635 1002 674 1038 in
694 1003 859 1039 adventu
880 1001 1040 1050 Spiritus
1061 1002 1187 1039 Sancti
1206 1003 1390 1040 Paracleti

329 1055 582 1102 cognitionem
605 1055 727 1091 omnis
753 1055 928 1092 veritatis.
960 1055 1036 1093 Sed
1062 1056 1235 1092 nondum
1259 1056 1390 1093 Eccle-

328 1107 382 1144 sia
402 1120 559 1144 omnem
586 1108 787 1144 veritatem
817 1107 1025 1154 cognoscit,
1052 1107 1090 1144 in
1111 1115 1207 1144 statu
1228 1108 1318 1146 novi
1337 1116 1389 1144 te-

330 1161 517 1197 stamenti.
548 1161 650 1207 Ergo
680 1161 935 1208 expectandus
970 1167 1026 1196 est
1058 1160 1153 1197 alius
1188 1168 1320 1207 status,
1349 1162 1388 1198 in

328 1225 404 1261 quo
425 1225 491 1261 per
512 1213 691 1261 Spiritum
718 1214 901 1249 Sanctum
927 1212 1052 1250 omnis
1071 1213 1208 1250 veritas
1233 1214 1389 1253 manife-

328 1274 455 1302 stetur.

384 1320 416 1358 3.
447 1320 684 1364 PRAETEREA‚
714 1318 809 1355 sicut
837 1319 949 1355 Pater
977 1326 1032 1355 est
1059 1318 1154 1355 alius
1177 1319 1258 1356 af
1262 1319 1324 1356 ilio
1353 1328 1390 1357 et

328 1371 443 1408 Filius
473 1383 495 1408 a
523 1372 633 1408 Patre
654 1376 682 1418 α,
712 1371 763 1408 ita
791 1371 952 1420 Spiritus
981 1371 1143 1408 Sanctus
1170 1384 1193 1408 a
1221 1372 1332 1410 Patre
1354 1380 1390 1410 et

327 1424 434 1461 Filio.
457 1424 532 1461 Sed
552 1424 619 1460 fuit
638 1424 793 1472 quidam
812 1431 929 1461 status
950 1424 1182 1461 conveniens
1201 1436 1388 1472 personae

327 1477 463 1514 Patris:
485 1477 623 1514 scilicet
638 1484 754 1514 status
768 1477 906 1514 veteris
921 1477 1023 1525 legis,
1040 1477 1078 1514 in
1093 1489 1171 1524 quo
1186 1478 1363 1516 homines
1374 1477 1389 1508 β

327 1530 559 1578 generationi
587 1530 843 1567 intendebant.
874 1530 1052 1568 Similiter
1080 1530 1192 1567 etiarn
1216 1538 1271 1567 est
1294 1531 1387 1568 alius

327 1590 443 1620 status
481 1583 713 1620 conveniens
745 1595 933 1631 personae
967 1583 1070 1620 Filii:
1101 1583 1239 1620 scilicet
1271 1591 1387 1621 status

327 1648 453 1673 novae
472 1636 575 1683 legis,
595 1636 633 1673 in
654 1648 731 1684 quo
752 1636 885 1683 clerici,
906 1636 1144 1673 intendentes
1167 1636 1386 1686 sapientiae,

328 1701 424 1737 quae
453 1688 718 1737 appropriatur
746 1689 859 1735 Filio,
888 1689 1159 1738 principantur.
1189 1691 1290 1740 Ergo
1321 1690 1389 1727 erit

327 1749 442 1778 status
471 1742 600 1778 tertius
635 1742 794 1790 Spiritus
830 1742 975 1790 Sancti,
1004 1742 1042 1778 in
1071 1754 1148 1791 quo
1178 1743 1388 1792 spirituales

326 1794 397 1831 viri
424 1794 748 1843 principabuntur.

379 1860 416 1895 4.
447 1849 689 1895 PRAETEREA,
719 1848 911 1885 Dominus
938 1848 1042 1894 dicit,
1073 1849 1207 1885 Matth.
1235 1860 1321 1886 xxtv
1345 1848 1386 1885 *ε

326 1901 611 1938 Praedicabitur
637 1902 708 1937 hoc
733 1901 987 1950 Evangelium
1017 1901 1129 1950 regni
1155 1901 1192 1937 in
1215 1901 1388 1938 universo

327 1955 435 2000 orbe,
466 1960 502 1990 et
526 1960 614 1991 tunc
639 1954 763 1991 veniet
788 1955 1072 1991 consummatio.
1107 1953 1184 1991 Sed
1213 1955 1388 2002 Evange—

326 2007 419 2044 lium
449 2007 585 2044 Christi
613 2006 758 2044 iamdiu
779 2015 834 2044 est
852 2008 1112 2056 praedicatum
1141 2007 1180 2044 in
1207 2007 1388 2045 universo

328 2061 438 2106 orbe3
460 2073 531 2097 nec
550 2068 679 2097 tamen
698 2060 824 2097 adhuc
842 2060 947 2098 venit
967 2060 1260 2098 consummatio.
1287 2061 1388 2109 Ergo

328 2113 580 2161 Evangelium
615 2113 750 2150 Christi
789 2126 867 2151 non
900 2121 956 2151 est
984 2113 1237 2161 Evangelium
1264 2114 1387 2162 regni,

328 2167 395 2204 sed
415 2167 584 2203 futurum
605 2175 661 2204 est
675 2166 776 2203 aliud
795 2167 1047 2215 Evangelium
1069 2166 1228 2215 Spiritus
1249 2167 1388 2215 Sancti,

329 2220 436 2268 quasi
464 2220 535 2256 alia
562 2221 633 2256 lex.

383 2274 457 2310 SED
486 2285 632 2310 CONTRA
659 2284 725 2310 EST
757 2273 862 2321 quod
888 2272 1080 2309 Dominus
1113 2272 1217 2320 dicit,
1251 2273 1387 2310 Matth.

329 2338 414 2363 xxiv
433 2326 470 2362 *ε
499 2326 596 2362 Dico
625 2327 728 2362 vobis
757 2326 845 2374 quia
865 2337 938 2362 non
953 2326 1176 2374 praeteribit
1190 2326 1386 2375 generatio

328 2381 421 2416 haec
434 2380 552 2416 donec
571 2379 698 2416 omnia
706 2380 830 2427 fiant:
851 2379 956 2426 quod
978 2378 1309 2427 Chrysostomus*
1329 2391 1389 2415 ex-

327 2432 435 2481 ponit
456 2432 503 2469 de
521 2432 766 2481 generatione
773 2432 949 2480 fidelium
974 2433 1121 2469 Christi.
1149 2433 1252 2480 Ergo
1272 2439 1390 2469 status

328 2486 498 2523 fidelium
521 2485 655 2522 Christi
676 2485 846 2523 manebit
865 2497 987 2533 usque
1016 2485 1065 2522 ad
1095 2485 1390 2522 consummatio-

329 2551 419 2575 nem
447 2538 599 2575 saeculi.

383 2593 608 2629 REsponnEo
629 2603 812 2628 DICENDUM
841 2591 945 2640 quod
965 2599 1081 2628 status
1101 2591 1236 2628 mundi
1253 2590 1392 2629 variari

330 2652 454 2693 potest
483 2644 690 2694 dupliciter.
721 2645 808 2681 Uno
838 2644 970 2691 modo,
1000 2645 1212 2682 secundum
1238 2643 1392 2681 diversi-

330 2706 446 2735 tatem
469 2698 571 2746 legis.
603 2699 651 2735 Et
679 2697 732 2734 sic
760 2697 848 2734 huic
877 2697 986 2734 statui
1011 2710 1137 2734 novae
1158 2697 1248 2745 legis
1268 2697 1391 2734 nullus

331 2751 424 2788 alius
445 2759 560 2788 status
580 2751 768 2788 succedet.
798 2750 988 2787 Successit
1007 2750 1110 2788 enim
1130 2758 1247 2788 status
1266 2762 1392 2788 novae

331 2804 421 2851 legis
456 2805 565 2841 statui
591 2803 730 2841 veteris
763 2803 853 2851 legis
885 2811 1065 2852 tanquam
1092 2804 1296 2852 perfectior
1323 2803 1392 2840 irn—

332 2857 554 2906 perfectiori.
584 2858 720 2894 Nullus
749 2864 878 2893 autern
907 2864 1023 2893 status
1055 2857 1266 2905 praesentis
1291 2857 1393 2894 vitae

332 2918 457 2958 potest
494 2923 576 2947 esse
609 2910 811 2959 perfectior
843 2922 959 2958 quam
989 2917 1106 2947 status
1134 2922 1259 2947 novae
1288 2909 1390 2958 legis.

334 2963 437 3000 Nihil
472 2963 572 3000 enim
604 2971 729 3012 potest
761 2975 843 3000 esse
877 2963 1127 3012 propinquius
1159 2963 1226 3000 fini
1261 2962 1393 2999 ultimo

335 3028 449 3064 quam
478 3017 582 3065 quod
610 3016 829 3054 immediate
858 3016 898 3053 in
926 3017 1046 3053 finem
1074 3016 1251 3054 ultimum
1280 3016 1394 3053 intro-

336 3069 447 3106 ducit.
479 3071 565 3106 Hoc
585 3078 712 3107 autem
733 3070 820 3106 facit
839 3081 941 3106 nova
960 3070 1036 3106 lex:
1066 3070 1168 3107 unde
1187 3069 1395 3118 Apostolus

205 3135 211 3150 ¹
244 3135 254 3150 s
289 3144 294 3149 ·
337 3122 434 3169 dicit,
454 3125 505 3159 ad
526 3124 625 3160 Heb.
646 3136 669 3159 x
687 3123 725 3160 *ε
754 3124 948 3160 Habentes
972 3123 1108 3171 itaque,
1121 3124 1281 3171 fratres,
1291 3122 1396 3170 fidu-

337 3175 433 3211 ciam
463 3176 499 3212 in
529 3177 679 3212 introitu
707 3182 924 3213 sanctorum
962 3177 999 3212 in
1028 3176 1215 3226 sanguine
1247 3175 1395 3221 Christi,

374 3298 426 3357 ΙξΙ).
438 3298 518 3322 Pater
528 3315 536 3338 '.
547 3316 552 3321 .
564 3315 570 3323 .
587 3299 676 3324 Patre.
689 3312 706 3318 —
722 3299 806 3323 Filius
824 3302 863 3323 est
876 3307 893 3323 a
909 3299 989 3324 Patre
1003 3300 1034 3329 K,
1054 3300 1135 3324 Pater
1154 3303 1193 3324 est
1212 3300 1262 3331 (est
1273 3307 1328 3324 om.
1342 3298 1395 3331 EF)

337 3341 354 3358 a
398 3341 442 3358 ιιο
462 3340 546 3357 ceren.

392 3368 417 3402 β)
438 3369 587 3392 homines.-
599 3369 658 3392 Orn.
670 3369 783 3398 codices;
795 3378 841 3401 pro
852 3370 1021 3402 generationi
1036 3370 1216 3398 intendebant,
1227 3369 1398 3403 generationi

339 3404 492 3429 intendebat
508 3404 535 3433 E,
548 3404 745 3435 generationem
762 3405 932 3429 intendebant
945 3406 976 3433 H,
993 3405 1191 3437 generationem
1209 3405 1363 3430 intendebat
1378 3405 1395 3430 1.

391 3439 417 3472 γ)
439 3439 540 3464 ultimo.
553 3453 571 3457 —
589 3442 628 3463 est
648 3439 738 3463 ultimo
758 3440 785 3463 Ρ.

391 3474 416 3508 ὃ)
436 3474 600 3506 quandoque.
615 3487 632 3492 -—
650 3477 737 3498 antem
758 3475 853 3498 addunt
874 3475 919 3499 Ρα.

1445 485 1558 521 quam
1588 474 1747 510 initiavit
1772 474 1877 510 nobis
1905 473 2006 509 viam
2036 484 2187 519 novam,
2216 474 2439 511 accedamus
2457 477 2508 513 ad

1445 538 1543 563 eum.
1573 526 1684 563 Unde
1712 538 1791 563 non
1814 533 1940 574 potest
1959 537 2041 562 esse
2061 525 2196 573 aliquis
2215 526 2417 574 perfectior
2434 535 2506 565 sta—

1444 586 1504 616 tus
1540 579 1748 627 praesentis
1778 579 1880 616 vitae
1919 590 2034 627 quam
2071 586 2189 615 status
2228 590 2353 617 novae
2388 579 2505 628 legis:

1445 632 1533 679 quia
1562 639 1665 668 tanto
1694 639 1750 668 est
1776 631 2081 679 unumquodque
2110 630 2332 679 perfectius,
2363 640 2504 681 quanto

1444 685 1577 722 ultimo
1597 689 1612 712 Υ
1640 684 1706 721 fini
1736 684 1998 732 propinquius.
2490 714 2496 717 ,

1497 737 1583 774 Alio
1612 736 1732 774 modo
1761 744 1877 773 status
1906 736 2108 775 hominurn
2131 736 2268 775 variari
2296 744 2421 785 potest
2448 750 2506 775 se·

1445 790 1613 829 cundum
1634 789 1740 837 quod
1759 789 1934 827 homines
1955 789 2214 827 diversimode
2234 801 2274 826 se
2293 790 2437 829 habent
2455 791 2504 829 ad

1445 844 1608 880 eandem
1637 844 1773 890 legem,
1793 842 1856 879 vel
1875 842 2075 890 perfectius
2093 843 2155 878 vel
2175 842 2301 879 minus
2325 843 2502 891 perfecte.

1444 897 1493 932 Et
1511 897 1564 932 sic
1592 903 1708 932 status
1727 894 1865 931 veteris
1890 894 1979 941 legis
1999 895 2214 943 frequenter
2233 895 2300 931 fuit
2319 903 2502 933 mutatus:

1444 961 1532 986 cum
1549 949 1782 996 quandoque
1797 948 1898 994 leges
1918 947 2062 995 optime
2081 948 2368 995 custodirentur,
2385 961 2503 998 quan-

1444 1002 1572 1050 doque
1586 999 1599 1023 δ
1620 1000 1776 1039 omnino
1797 1000 2195 1048 praetermitterentur.
2217 1001 2280 1038 Sic
2299 1001 2413 1039 etiam
2429 1009 2502 1039 sta-

1442 1063 1501 1092 tus
1530 1066 1654 1092 novae
1683 1053 1773 1100 legis
1802 1052 2089 1100 diversificatur,
2115 1054 2330 1093 secundum
2351 1054 2502 1093 diversa

1443 1108 1526 1144 loca
1564 1115 1600 1143 et
1631 1114 1805 1156 tempora
1843 1113 1878 1142 et
1905 1117 2104 1154 personas,
2134 1106 2358 1154 inquantum
2386 1107 2503 1155 gratia

1444 1160 1603 1208 Spiritus
1633 1159 1759 1196 Sancti
1786 1158 1988 1207 perfectius
2016 1159 2079 1196 vel
2108 1158 2234 1198 minus
2252 1159 2418 1207 perfecte
2452 1161 2501 1199 ab

1443 1213 1628 1261 aliquibus
1652 1213 1824 1249 habetur.
1855 1211 1947 1248 Non
1975 1218 2032 1248 est
2058 1218 2188 1249 tamen
2221 1213 2502 1260 expectandum

1442 1266 1548 1314 quod
1577 1266 1622 1302 sit
1650 1265 1782 1313 aliquis
1811 1271 1928 1301 status
1956 1264 2102 1301 futurus
2130 1264 2170 1302 in
2197 1276 2274 1313 quo
2299 1265 2505 1313 perfectius

1441 1319 1557 1366 gratia
1574 1318 1732 1367 Spiritus
1753 1317 1879 1354 Sancti
1898 1317 2084 1354 habeatur
2098 1329 2213 1366 quam
2235 1318 2418 1357 hactenus
2436 1319 2506 1356 ha*

1442 1372 1517 1408 bita
1544 1371 1669 1418 fuerit,
1699 1370 1863 1408 maxime
1882 1375 1895 1391 ⁶
1923 1370 1971 1407 ab
2000 1370 2206 1419 Apostolis,
2227 1370 2293 1418 qui
2315 1371 2504 1419 primitias

1442 1425 1600 1473 Spiritus
1627 1430 1867 1472 acceperunt,
1895 1423 1991 1460 idest
2013 1429 2050 1460 et
2073 1429 2240 1471 tempore
2260 1424 2369 1472 prius
2392 1429 2429 1461 et
2444 1435 2505 1467 ce·

1441 1478 1527 1515 teris
1554 1477 1819 1522 abundantius,
1848 1483 1891 1514 ut
1917 1477 2054 1515 Glossa
2073 1476 2093 1498 '¹‘
2121 1476 2210 1514 dicit
2234 1477 2348 1515 Rom.
2368 1489 2430 1516 vm
2449 1476 2506 1516 *ἦ

1493 1532 1552 1567 An
1573 1542 1708 1567 prunum
1729 1541 1827 1566 ERGO
1843 1541 2027 1567 DmENDuM
2043 1531 2159 1578 quod,
2179 1530 2276 1569 sicut
2293 1529 2504 1578 Dionysius

1441 1583 1541 1631 dicit,
1560 1583 1598 1620 in
1616 1583 1718 1620 Eccl.
1737 1583 1848 1619 Hier.
1864 1582 1896 1629 ²²,
1916 1582 2048 1630 triplex
2068 1590 2124 1619 est
2141 1582 2344 1621 hominum
2364 1590 2503 1622 status:
2529 1596 2538 1606 ·

1440 1637 1586 1685 primus
1614 1636 1771 1684 quidem
1790 1634 1930 1672 veteris
1949 1635 2061 1683 legis;
2091 1635 2284 1674 secundus
2307 1637 2507 1675 novaewle-r.

1440 1690 1517 1738 gis;
1547 1689 1675 1726 tertius
1704 1696 1821 1725 status
1850 1688 2020 1726 succedit
2046 1700 2125 1726 non
2153 1687 2192 1726 in
2219 1687 2292 1726 hac
2318 1688 2408 1736 vita,
2433 1689 2505 1728 sed

1440 1743 1479 1780 in
1497 1742 1617 1791 patria
1635 1741 1658 1778 ζ.
1689 1741 1766 1778 Sed
1794 1741 1890 1778 sicut
1906 1740 2052 1790 primus
2071 1748 2188 1778 status
2208 1748 2265 1778 est
2282 1742 2450 1789 figuralis
2468 1749 2508 1781 et

1441 1796 1684 1844 imperfectus
1713 1802 1886 1843 respectu
1914 1801 2031 1832 status
2059 1794 2267 1842 evangelici
2293 1799 2334 1842 η,
2364 1794 2417 1833 ita
2443 1795 2508 1833 hic

1442 1856 1558 1887 status
1587 1855 1641 1885 est
1668 1847 1833 1895 figuralis
1863 1855 1899 1884 et
1922 1847 2166 1895 imperfectus
2186 1855 2359 1896 respectu
2387 1855 2504 1887 status

1441 1901 1600 1951 patriae3
1629 1913 1707 1949 quo
1726 1900 1916 1946 veniente,
1943 1900 2012 1938 iste
2032 1908 2150 1939 status
2169 1908 2388 1948 evacuatur,
2408 1901 2509 1940 sicut

1443 1955 1494 1992 ibi
1522 1954 1656 1992 dicitur
1685 1952 1697 1975 θ
1723 1953 1763 1990 *z
1800 1954 1974 1991 Videmus
2007 1965 2108 1990 nunc
2139 1965 2212 2002 per
2241 1954 2432 2002 speculum
2465 1954 2507 1992 in
2532 1984 2624 2007 ,Vm

1442 2008 1667 2057 aenigmate,
1697 2012 1784 2044 tunc
1811 2012 1936 2044 autem
1959 2006 2063 2053 facie
2089 2007 2141 2044 ad
2156 2007 2315 2055 faciem.
2492 2036 2509 2044 .,

1495 2062 1555 2098 Αι)
1579 2071 1768 2097 SECUNDUM
1793 2071 1977 2096 memnon
2006 2059 2122 2108 quod,
2148 2059 2244 2097 sicut
2271 2060 2506 2108 Augustinus

1443 2113 1531 2151 dicit
1551 2114 1588 2150 in
1608 2113 1703 2149 libro
1729 2114 1869 2149 Contra
1893 2114 2077 2149 Faustum
2091 2111 2122 2160 ³¹⁸,
2143 2113 2352 2151 Montanus
2372 2121 2408 2150 et
2426 2113 2512 2152 Pri-s
2531 2125 2604 2148 *ua

1443 2166 1545 2204 scilla
1572 2173 1782 2215 posuerunt
1809 2166 1915 2213 quod
1943 2165 2147 2214 promissio
2177 2166 2334 2205 Domini
2354 2166 2402 2204 de
2422 2166 2509 2215 Spim
2530 2157 2616 2206 ῗιῖῗιί.

2530 2210 2585 2227 ns!
2592 2212 2598 2218 '

1443 2273 1511 2310 sed
1531 2272 1569 2310 in
1590 2272 1653 2309 eis.
1675 2273 1724 2308 Et
1743 2272 1910 2309 similiter
1933 2272 2148 2309 Manichaei
2166 2279 2377 2321 posuerunt
2399 2271 2509 2321 quod
2536 2291 2542 2295 ·

1442 2326 1512 2363 fuit
1540 2326 1728 2374 completa
1756 2325 1794 2362 in
1822 2325 2063 2372 Manichaeo,
2084 2336 2202 2373 quem
2226 2325 2403 2364 dicebant
2422 2337 2512 2366 esse»

1445 2378 1624 2428 Spiritum
1653 2379 1903 2415 Paracletum.
1938 2379 1987 2415 Et
2013 2378 2101 2416 ideo
2129 2377 2278 2427 utrique
2307 2390 2387 2416 non
2413 2378 2508 2416 reei-

1442 2432 1599 2481 piebant
1625 2432 1740 2468 Actus
1767 2431 2046 2479 Apostolorum,
2075 2430 2113 2467 in
2142 2430 2280 2479 quibus
2309 2431 2507 2469 manifeste

1445 2485 1655 2522 ostenditur
1687 2485 1793 2532 quod
1826 2485 1887 2521 illa
1914 2484 2116 2533 promissio
2145 2484 2214 2521 fuit
2247 2484 2286 2522 in
2313 2484 2508 2534 Apostolis

1446 2538 1656 2586 completa:
1694 2538 1790 2574 sicut
1826 2537 2018 2575 Dominus
2054 2537 2188 2574 iterato
2227 2537 2279 2575 eis
2311 2537 2507 2586 promisit,

1445 2592 1527 2628 Act.
1550 2603 1559 2627 1
1580 2592 1611 2637 ⁴⁸,
1641 2591 1933 2639 Baptizabimini
1953 2590 1991 2627 in
2017 2590 2156 2638 Spiritu
2176 2591 2313 2629 Sancto
2332 2602 2408 2628 non
2422 2596 2510 2639 post

1445 2644 1580 2681 multos
1611 2645 1678 2680 hos
1706 2644 1783 2680 dies
1792 2657 1806 2687 ,·
1839 2643 1945 2692 quod
1973 2643 2172 2692 impletum
2201 2643 2333 2691 legitur
2362 2644 2446 2681 Act.
2472 2655 2507 2681 11.

1448 2697 1524 2734 Sed
1556 2697 1648 2733 istae
1675 2697 1862 2734 vanitates
1886 2703 1893 2717 ²
1922 2696 2172 2734 excluduntur
2205 2709 2274 2745 per
2301 2697 2376 2733 hoc
2403 2696 2510 2745 quod

1448 2750 1581 2787 dicitur
1610 2751 1712 2787 loan.
1733 2749 1837 2786 V11*:
1866 2750 2050 2787 Nondum
2084 2755 2166 2786 erat
2193 2750 2352 2798 Spiritus
2379 2750 2508 2796 datus,

1447 2803 1535 2852 quia
1554 2804 1659 2839 Iesus
1679 2803 1844 2840 nondum
1861 2808 1944 2839 erat
1959 2803 2213 2852 glorificatus:
2239 2814 2283 2840 ex
2302 2814 2380 2851 quo
2401 2803 2510 2840 datur

1447 2855 1598 2903 intelligi
1627 2856 1730 2904 quod
1760 2856 1884 2892 statim
1913 2856 2122 2903 glorificato
2152 2856 2301 2893 Christo
2325 2856 2364 2892 in
2387 2868 2510 2893 resur-

1448 2909 1614 2946 rectione
1630 2916 1665 2945 et
1685 2909 1917 2956 ascensione,
1940 2909 2007 2945 fuit
2027 2909 2187 2958 Spiritus
2207 2910 2368 2946 Sanctus
2389 2909 2509 2958 datus.

1449 2963 1498 2999 Et
1524 2974 1594 3011 per
1620 2962 1695 2998 hoc
1724 2961 1838 2998 etiam
1863 2962 2071 2999 excluditur
2090 2974 2424 3012 quorumcumque
2443 2974 2511 3001 va·

1449 3015 1545 3052 nitas
1574 3014 1638 3063 qui
1667 3014 1834 3052 dicerent
1863 3027 1944 3052 esse
1974 3015 2251 3064 expectandum
2289 3014 2391 3054 aliud
2418 3022 2511 3053 tem-

1449 3081 1521 3118 pus
1546 3074 1562 3089 ²
1591 3067 1751 3117 Spiritus
1781 3068 1920 3105 Sancti.

1503 3121 1644 3158 Docuit
1676 3129 1803 3158 autem
1839 3121 1999 3170 Spiritus
2034 3122 2194 3158 Sanctus
2229 3121 2436 3170 Apostolos
2469 3132 2513 3157 o-'

1451 3187 1582 3211 mnem
1601 3174 1800 3211 veritatem
1826 3175 1873 3212 de
1894 3174 1951 3211 his
1980 3186 2078 3224 quae
2097 3174 2285 3224 pertinent
2310 3174 2359 3212 ad
2382 3185 2511 3213 neces-

1503 3297 1525 3331 ε)
1546 3298 1673 3323 maxime.
1687 3312 1706 3316 -
1724 3301 1750 3322 et
1769 3298 1888 3322 maxime
1907 3298 1953 3324 Pa.

1503 3333 1527 3366 ζ)
1544 3334 1645 3365 patria.
1659 3334 1789 3367 —futura
1807 3333 1906 3358 scilicet
1925 3333 1951 3357 in
1968 3333 2062 3365 patria
2081 3333 2126 3358 Pa.

1502 3368 1529 3402 η)
1550 3369 1702 3401 evangelici.
1716 3382 1734 3387 -—
1754 3368 1894 3401 Evangelii
1912 3369 1958 3394 Pa.

1504 3403 1528 3438 0)
1549 3404 1585 3428 ibi
1603 3404 1710 3429 dicitur.
1723 3419 1740 3422 -
1759 3404 1858 3428 dicitur
1877 3411 1884 3428 1
1904 3404 1940 3428 ad
1963 3404 2022 3428 Cor.
2036 3411 2080 3428 xm
2099 3403 2147 3429 Pa.

1505 3439 1523 3473 ι)
1544 3440 1685 3464 vanitates.
1697 3453 1715 3458 —
1734 3439 1858 3464 veritates
1878 3437 1982 3471 A(pss?)‚
2003 3439 2145 3464 varietates
2165 3438 2234 3462 ΡΚα.

1505 3476 1529 3509 κ)
1551 3479 1661 3507 tempus.
1675 3489 1693 3494 —
1711 3475 1809 3499 scilicet
1833 3474 1929 3499 addunt
1948 3474 1994 3498 Ρα.

2593 2124 2744 2174 «Pare

2617 2184 2742 2204 cremavi,

1443 2220 1514 2257 ritu
1534 2220 1674 2256 Sancto
1695 2219 1821 2256 dando
1842 2231 1921 2255 non
1943 2219 2010 2256 fuit
2029 2219 2218 2268 completa
2237 2218 2276 2257 in
2298 2219 2510 2268 Apostolis,
2532 2204 2749 2258 creden‘35‚ss'''i¹'1{r

2535 2603 2543 2611 ·
2559 2601 2626 2623 vm.
2641 2617 2660 2629 ,.

2537 2766 2545 2776 ·
2562 2765 2629 2787 vm.
2643 2770 2678 2793 39.
