2840 4010
0 1811 4 1845 v-v<
0 1682 7 1798 -v-rssv
5 1659 7 1662 Α
4 1635 5 1638 Α

88 529 99 539 ⁸
114 528 181 549 Vers.
195 533 228 549 22.

80 2013 92 2024 ·
106 2013 173 2036 Vere.
188 2019 218 2036 τι.

81 2171 92 2182 ·
107 2171 173 2194 vers.
189 2171 221 2194 16.

77 2490 91 2502 ⁸
106 2489 175 2513 ven.
189 2491 211 2513 8.

75 2649 89 2660 ⁴
104 2647 170 2671 Vm.
186 2654 217 2677 ¹9·

79 2913 88 2922 ·
115 2911 182 2934 Vers.
198 2912 220 2934 8.

78 3176 88 3186 ·
103 3175 171 3198 vm.
183 3182 215 3199 ιι.
226 3188 236 3193 -
252 3177 287 3199 cf.

79 3206 132 3230 οιρ.
142 3209 177 3230 ιιι,
188 3209 246 3225 vers.
258 3210 287 3225 21.

1020 179 1286 224 QUAESTIO
1317 180 1419 225 Clll,

382 259 440 294 An
468 268 627 293 τεκτιυινι
655 268 840 294 DICENDUM
874 257 979 305 quod
1014 266 1293 294 sacramentum
1323 257 1391 293 cir-

330 309 570 347 cumcisionis
603 317 807 358 praecepto
841 310 972 347 divino
1001 311 1068 347 fuit
1096 317 1275 347 statutum
1304 317 1390 346 ante

327 363 462 410 legem.
493 362 604 399 Unde
634 375 712 399 non
740 370 866 412 potest
893 363 965 400 dici
993 369 1274 399 sacramentum
1299 361 1389 409 legis

328 414 435 464 quasi
462 414 499 451 in
529 416 611 463 lege
639 415 862 462 institutum,
893 416 959 452 sed
980 416 1105 452 solum
1126 414 1233 463 quasi
1252 414 1290 450 in
1309 415 1390 461 lege

328 468 586 505 observatum.
632 469 681 505 Et
716 469 790 505 hoc
829 475 884 504 est
911 468 1014 516 quod
1047 466 1239 503 Dominus
1281 466 1388 513 dicit,

329 521 433 557 Ioan.
454 532 502 558 vn
522 521 557 557 *z
592 521 835 558 Circumcisio
854 532 929 557 non
945 531 999 555 *ex
1016 519 1158 566 Moyse
1175 524 1238 564 est,
1258 519 1324 554 sed
1340 530 1390 554 ex

327 574 501 610 Patribus
515 574 638 610 eius.-
655 573 917 611 Sacerdotium
933 571 1046 608 etiam
1069 579 1147 608 erat
1165 579 1252 608 ante
1267 572 1389 619 legem

329 627 431 675 apud
455 627 621 664 colentes
641 628 780 670 Deum,
805 625 1016 661 secundum
1037 624 1247 661 humanam
1269 623 1389 660 deter-

328 679 596 716 minationem:
627 679 715 727 quia
729 683 742 698 ⁸
764 679 863 714 hanc
887 676 1108 725 dignitatem
1128 676 1388 725 primogenitis

328 732 591 769 attribuebant.
861 771 864 775 ⁴

379 786 438 822 An
467 795 639 827 QUARTUM
667 794 851 820 mcENDUM
880 782 985 831 quod
1015 782 1202 819 distinctio
1223 781 1388 818 mundo-

327 849 412 874 rum
446 836 665 874 animalium
702 843 740 872 et
775 835 1066 872 immundorum
1101 847 1178 872 non
1206 834 1274 871 fuit
1301 842 1388 871 ante

379 959 400 991 ε)
420 958 491 991 quia.
507 971 526 976 -
544 957 590 990 qm*
608 957 653 981 Pa.
1411 950 1414 989 Ι

1450 179 1744 217 ARTICULUS
1776 180 1805 215 11
2432 182 2506 218 253

1445 259 1568 306 legem
1583 267 1767 307 quantum
1788 259 1836 295 ad
1851 270 1972 305 esum,
1990 270 2077 295 cum
2094 257 2236 295 dictum
2252 259 2298 295 sit
2321 259 2412 296 Gen.
2426 260 2506 296 1x*:

1450 311 1568 347 Omne
1594 312 1696 359 quod
1721 317 1892 348 movetur
1918 317 1955 348 et
1970 311 2072 357 vivit,
2093 311 2164 348 erit
2179 311 2284 348 vobis
2303 312 2340 348 in
2361 312 2507 349 cibum:

1444 363 1511 399 sed
1541 365 1665 400 solum
1690 372 1874 412 quantum
1895 364 1943 401 ad
1963 363 2236 401 sacrificiorum
2261 364 2506 413 oblationem,

1444 415 1534 462 quia
1563 416 1609 453 de
1639 417 1868 464 quibusdam
1904 417 2161 454 determinatis
2194 417 2422 454 animalibus
2450 429 2507 454 sa-

1445 467 1585 504 crificia
1614 469 1836 506 offerebant.
1868 469 1906 506 Si
1929 469 1941 495 (
1968 478 2097 507 tamen
2121 477 2306 519 quantum
2327 470 2375 507 ad
2396 482 2505 507 esum

1446 528 1524 556 erat
1560 521 1685 568 aliqua
1718 522 1893 559 discretio
1926 522 2170 569 animalium,
2199 523 2274 559 hoc
2311 535 2389 560 non
2427 531 2507 560 erat

1443 573 1531 620 quia
1561 585 1647 609 esus
1675 573 1825 610 illorum
1852 583 2088 623 reputaretur
2116 575 2273 622 illicitus,
2295 588 2383 612 cum
2403 577 2507 613 nulla

1443 625 1524 671 lege
1551 634 1649 662 esset
1675 627 1896 674 prohibitus,
1918 628 1986 664 sed
2004 636 2160 677 propter
2179 628 2505 666 abominationem

1442 678 1503 713 vel
1533 679 1870 716 consuetudinem:
1900 680 1995 717 sicut
2024 688 2060 717 et
2083 693 2184 718 nunc
2202 681 2380 718 videmus
2399 682 2505 731 quod

1443 729 1569 777 aliqua
1598 731 1737 767 cibaria
1770 739 1856 768 sunt
1883 733 1921 769 in
1950 734 2137 781 aliquibus
2173 734 2279 770 terris
2307 735 2506 772 abomina-

1443 782 1542 830 bilia,
1573 795 1671 832 quae
1700 784 1737 820 in
1766 784 1847 820 aliis
1876 786 2140 823 comeduntur.

1492 956 1517 988 ζ)
1538 957 1576 981 Si.
1593 970 1613 976 ·—
1632 957 1687 981 Sed
1705 957 1973 988 ABCDEFGIKLpH.

1000 1035 1332 1068 commentaria
1353 1033 1604 1066 Cardinalis·
1625 1035 1826 1068 Caietam

354 1126 375 1146 N
398 1115 530 1146 articulo
550 1115 655 1155 primo
679 1114 872 1155 quaestionis
890 1113 1193 1150 centesimaetertiae,
1213 1119 1289 1143 nota
1309 1112 1384 1142 duo.

329 1127 517 1194 IPrimum,
541 1159 573 1188 in
597 1158 805 1199 responsione
828 1159 867 1189 ad
891 1158 1036 1189 tertium:
1062 1157 1151 1198 quod
1173 1156 1386 1187 sacerdotium

324 1210 396 1234 ante
418 1203 523 1243 legem
545 1213 611 1236 non
636 1203 750 1239 divina,
771 1203 827 1233 sed
845 1203 985 1233 humana
1001 1201 1260 1233 determinatione
1285 1200 1385 1240 digni-

324 1254 460 1279 ωτι-ετ
481 1247 700 1288 primogeniti;
727 1254 762 1278 ut
785 1247 857 1278 hinc
881 1247 996 1278 habeas
1019 1256 1116 1287 quam
1139 1255 1264 1276 sacrum
1281 1244 1383 1275 fuerit.

380 1291 578 1328 Secundum,
603 1292 636 1322 in
660 1291 867 1332 responsione
895 1292 935 1321 ad
963 1297 1128 1332 quartum:
1153 1289 1242 1331 quod
1264 1291 1385 1319 Auctor

325 1345 391 1366 non
408 1336 482 1367 dicit
507 1336 595 1377 quod
619 1335 696 1366 nihil
720 1335 813 1366 fuerit
836 1342 907 1365 ante
922 1335 1024 1375 legem
1039 1334 1244 1364 immundum
1266 1333 1384 1363 iudica-

1093 1469 1417 1538 ARTICULUS

1441 1119 1510 1143 tum
1527 1123 1544 1142 a
1561 1113 1630 1143 Deo
1646 1120 1803 1154 quantum
1818 1114 1856 1144 ad
1873 1123 1981 1150 esum;
2007 1115 2061 1145 sed
2085 1115 2160 1146 dicit
2179 1116 2267 1156 quod
2282 1126 2346 1146 non
2365 1116 2425 1147 fuit
2441 1117 2502 1147 dis-

1441 1157 1549 1188 tinctio
1567 1157 1752 1188 animalium
1766 1158 2010 1189 immundorum
2026 1169 2044 1189 a
2060 1159 2187 1189 mundis
2207 1166 2282 1190 tunc
2297 1170 2314 1190 a
2329 1161 2410 1191 Deo.
2428 1161 2500 1192 Hoc

1440 1201 1526 1231 enim
1549 1208 1596 1232 est
1618 1211 1747 1232 verum:
1773 1203 1913 1242 primum
1935 1210 2043 1233 autem
2066 1203 2192 1240 falsum,
2209 1204 2284 1244 quia
2307 1205 2346 1235 ad
2369 1206 2440 1235 Noe
2459 1205 2504 1235 di-

1440 1252 1527 1276 ctum
1540 1253 1595 1281 est,
1611 1246 1689 1277 Gen.
1700 1245 1768 1276 1x*:
1787 1246 1889 1284 Quasi
1900 1247 1990 1278 olera
2003 1249 2140 1278 virentia
2153 1249 2273 1279 tradidi
2285 1249 2371 1280 vobis
2381 1251 2501 1287 omnia,

1440 1295 1569 1329 excepto
1598 1290 1683 1330 quod
1710 1300 1840 1321 carnem
1871 1301 1943 1321 cum
1972 1293 2132 1332 sanguine
2160 1303 2223 1323 non
2254 1293 2432 1324 comedetis.
2461 1294 2503 1324 Et

1440 1334 1544 1373 coepit
1567 1333 1643 1364 haec
1668 1335 1864 1365 observantia
1888 1342 1959 1366 ante
1983 1335 2095 1375 legem,
2116 1336 2196 1367 sicut
2220 1337 2425 1368 circumcisio.

1439 1496 1736 1538 SECUNDUS

389 1589 545 1620 UTRUM
569 1588 880 1620 CAEREMONIAE
904 1588 1087 1619 VETERIS
1110 1587 1231 1619 LEGIS
1254 1588 1505 1618 HABUERINT
1522 1589 1749 1620 VIRTUTEM
1775 1589 2060 1620 IUSTIFICANDI
2085 1591 2291 1622 TEMPORE
2316 1592 2437 1623 LEGIS

570 1669 662 1700 Supra,
681 1676 724 1700 qu.
741 1675 764 1698 c,
785 1673 831 1693 art.
852 1675 896 1696 12;
916 1675 958 1700 qu.
973 1675 1016 1698 cn,
1037 1673 1083 1692 art.
1105 1667 1127 1698 5,
1147 1667 1178 1692 ad
1197 1674 1226 1698 4;
1246 1667 1312 1692 Part.
1328 1667 1367 1697 ΙΙΙ,
1387 1675 1431 1700 qu.
1447 1676 1504 1696 an.
1525 1674 1571 1693 art.
1586 1667 1614 1698 6;
1635 1669 1669 1693 lV
1682 1669 1764 1695 Sent„
1786 1669 1843 1694 dist.
1864 1677 1880 1698 ι,
1900 1677 1944 1702 qu.
1963 1678 1980 1701 1,
2001 1676 2046 1695 art.
2062 1670 2085 1700 5,
2105 1672 2153 1703 qu‘·
2178 1680 2197 1700 ι,
2216 1672 2243 1702 3;

854 1703 903 1727 Ad·
919 1703 1018 1731 Galat„
1039 1710 1095 1735 cap.
1113 1710 1140 1734 n,
1160 1703 1218 1727 lect.
1237 1710 1274 1734 1v;
1295 1710 1349 1735 cap.
1369 1710 1410 1734 tn,
1430 1704 1488 1728 lect.
1507 1711 1544 1734 ιη
1564 1704 1607 1728 Ad
1626 1704 1709 1732 Heb.,
1731 1712 1786 1738 cap.
1806 1712 1838 1735 rx,
1858 1705 1916 1729 lect.
1935 1713 1963 1729 u.

355 1806 416 1835 ’φη
437 1813 509 1856 372«
532 1803 555 1828 D
572 1803 761 1828 SECUNDUM
776 1803 829 1828 SIC
845 1802 1084 1828 Pnocemrua.
1101 1791 1258 1828 Videtur
1276 1792 1382 1839 quod
1407 1791 1411 1845 Ι

350 1836 376 1863 '·
454 1844 508 1905 ξ’
533 1844 797 1882 caeremoniae
819 1844 958 1881 veteris
978 1844 1068 1892 legis
1091 1843 1290 1881 habuerint
1308 1844 1382 1881 vir-

478 1904 651 1934 tutem
671 1897 897 1934 iustificandi
919 1905 1091 1946 tempore
1119 1897 1220 1945 legis.
1244 1897 1380 1947 Expia-

435 1994 439 1998 ι
489 1943 584 1987 &tio
614 1950 716 1987 enim
745 1963 766 1987 a
795 1957 965 1998 peccato,
987 1959 1023 1987 et
1051 1950 1284 1987 consecratio
1313 1951 1381 1987 ho-

322 2002 447 2050 minis,
459 2003 507 2039 ad
518 2002 820 2040 iustificationem
831 2003 1031 2052 pertinent.
1045 2003 1123 2040 Sed
1131 2004 1254 2040 Exod.
1265 2015 1349 2040 xinx
1361 2005 1380 2024 *

323 2055 456 2092 dicitur
476 2057 580 2104 quod
605 2068 674 2105 per
703 2056 962 2105 aspersionem
992 2056 1181 2104 sanguinis
1210 2064 1245 2093 et
1273 2057 1380 2094 inun-

322 2109 486 2145 ctionem
507 2109 580 2145 olei
600 2111 920 2146 consecrabantur
944 2110 1159 2147 sacerdotes
1192 2117 1228 2146 et
1254 2117 1380 2147 vestes

321 2174 474 2208 eorum3
496 2170 533 2198 et
552 2163 668 2199 Levit.
690 2174 749 2199 Χνι
768 2162 788 2183 *
812 2162 946 2199 dicitur
974 2163 1080 2210 quod
1108 2162 1284 2200 sacerdos
1312 2176 1381 2212 per

321 2215 580 2264 aspersionem
600 2215 790 2263 sanguinis
808 2216 915 2252 vituli
930 2216 1108 2264 expiabat
1122 2217 1379 2254 sanctuarium

320 2270 369 2305 ab
397 2268 639 2305 immunditiis
655 2269 831 2316 filiorum
859 2269 1000 2315 Israel,
1028 2274 1062 2305 et
1088 2280 1112 2305 a
1134 2270 1380 2318 praevarica-

319 2322 478 2359 tionibus
507 2333 638 2358 eorum
657 2327 768 2370 atque
789 2322 964 2370 peccatis.
986 2322 1087 2370 Ergo
1117 2323 1379 2360 caeremoniae

319 2375 457 2412 veteris
485 2375 576 2422 legis
603 2375 796 2412 habebant
823 2375 1000 2411 virtutem
1029 2374 1265 2413 iustificandi.

374 2440 409 2464 2.
430 2429 664 2474 Pmsrnnm,
685 2427 723 2465 id
752 2440 820 2477 per
849 2428 952 2476 quod
980 2428 1098 2464 homo
1131 2428 1252 2477 placet
1279 2429 1377 2476 Deo,

319 2480 368 2518 ad
388 2480 564 2517 iustitiam
585 2480 760 2529 pertinet3
791 2481 1003 2517 secundum
1024 2481 1114 2518 illud
1134 2481 1271 2518 Psalmi
1293 2494 1316 2518 x
1336 2483 1376 2518 *ε

318 2535 443 2570 Iustus
471 2534 669 2579 Dominus,
690 2540 727 2570 et
753 2534 908 2570 iustitias
935 2534 1074 2570 dilexit.
1096 2534 1173 2571 Sed
1201 2547 1269 2583 per
1296 2547 1380 2572 cae-

320 2587 512 2624 remonias
540 2587 654 2635 aliqui
683 2588 767 2624 Deo
797 2588 1017 2636 placebant;
1048 2588 1258 2625 secundum
1287 2588 1378 2626 illud

319 2640 436 2676 Levit.
453 2652 476 2675 x
490 2639 524 2676 *ε
550 2640 746 2681 Quomodo
760 2641 870 2688 potui
881 2640 1035 2688 placere
1056 2641 1219 2678 Domino
1239 2642 1275 2678 in
1296 2654 1378 2679 cae-

319 2693 496 2728 remoniis
524 2698 646 2729 mente
673 2692 855 2742 lugubri?
883 2694 985 2740 Ergo
1022 2694 1286 2731 caeremoniae
1312 2707 1379 2732 ve-

318 2745 406 2781 teris
436 2745 527 2792 legis
555 2746 748 2781 habebant
774 2745 953 2782 virtutem
981 2745 1218 2784 iustificandi.

375 2799 408 2834 3.
430 2798 663 2843 PRAETEREA,
686 2809 730 2834 ea
751 2810 848 2846 quae
869 2806 955 2835 sunt
983 2798 1099 2836 divini
1120 2801 1239 2837 cultus
1258 2801 1378 2849 magis

318 2851 506 2898 pertinent
525 2850 573 2886 ad
593 2850 760 2887 animam
781 2863 896 2899 quam
917 2852 966 2888 ad
987 2864 1141 2901 corpus3
1167 2854 1378 2891 secundum

319 2903 410 2939 illud
446 2903 586 2939 Psalmi
622 2915 706 2940 xvm
734 2903 775 2939 *ε
809 2905 894 2941 Lex
925 2905 1083 2942 Domini
1113 2906 1376 2954 immaculata,

318 2961 537 2992 convertens
563 2956 722 2992 animas.
746 2957 822 2993 Sed
850 2969 918 3005 per
946 2960 1206 2996 caeremonias
1239 2961 1378 2998 veteris

318 3009 408 3056 legis
436 3009 694 3045 mundabatur
721 3010 904 3058 leprosus,
932 3018 974 3047 ut
1002 3011 1135 3048 dicitur
1162 3013 1280 3050 Levit.
1305 3025 1376 3051 inv.

318 3062 420 3109 Ergo
450 3062 570 3098 multo
599 3062 719 3109 magis
747 3063 1010 3100 caeremoniae
1029 3065 1167 3101 veteris
1194 3065 1286 3113 >legis
1310 3078 1378 3114 po-

317 3122 439 3152 terant
467 3114 653 3151 mundare
682 3114 863 3162 animam,
893 3116 1145 3154 iustificando.

371 3168 446 3205 SED
466 3179 611 3205 CONTRA
627 3179 692 3204 EST
711 3169 816 3215 quod
832 3170 1039 3217 Apostolus
1054 3169 1153 3216 dicit,
1173 3171 1296 3208 Galat.
1308 3171 1375 3209 11²⁸:

317 3221 359 3257 Si
384 3222 472 3258 data
500 3227 594 3257 esset
618 3221 682 3257 lex
707 3233 804 3269 quae
821 3227 947 3270 posset
973 3222 1185 3270 iustificare,
1211 3224 1377 3262 Christus

314 3275 436 3323 gratis
455 3279 624 3311 mortuus
643 3280 745 3320 esset,
766 3274 862 3312 idest
880 3274 960 3311 sine
980 3287 1105 3312 causa.
1128 3275 1204 3313 Sed
1227 3277 1302 3314 hoc
1322 3286 1378 3315 est

316 3326 602 3364 inconveniens,
623 3328 726 3375 Ergo
747 3327 1010 3364 caeremoniae
1029 3328 1169 3365 veteris
1188 3329 1279 3377 legis
1298 3342 1375 3367 non

316 3379 578 3417 iustificabant.

369 3502 396 3537 α)
417 3505 533 3530 realiter.
551 3518 570 3523 -
589 3504 649 3529 Om.
670 3504 722 3528 ΕΚ.
740 3518 758 3522 -
778 3504 838 3529 illae
856 3512 909 3528 om.
930 3504 958 3528 P.

1492 1793 1716 1829 Rssspomo
1737 1804 1920 1830 DICENDUM
1940 1794 2056 1842 quod,
2079 1794 2172 1831 sicut
2187 1808 2301 1844 supra
2315 1796 2335 1817 ‘¹‘
2355 1796 2498 1833 dictum

1439 1852 1504 1891 est,
1525 1845 1563 1881 in
1591 1845 1710 1882 veteri
1730 1847 1812 1893 lege
1841 1846 1979 1895 duplex
1999 1847 2240 1885 immunditia
2269 1850 2499 1887 observaba-

1437 1905 1507 1934 tur.
1531 1898 1613 1935 Una
1638 1899 1792 1947 quidem
1823 1899 2035 1948 spiritualis,
2056 1912 2154 1948 quae
2185 1909 2241 1938 est
2258 1901 2499 1940 immunditia

1438 1951 1582 1999 culpae.
1612 1952 1696 1988 Alia
1724 1964 1818 1988 vero
1852 1953 2077 2001 corporalis,
2109 1966 2207 2002 quae
2236 1956 2390 1992 tollebat
2417 1956 2498 1993 ido-

1437 2004 1615 2041 neitatem
1645 2005 1693 2042 ad
1723 2006 1865 2042 cultum
1900 2006 2084 2053 divinum,
2120 2007 2214 2044 sicut
2242 2009 2414 2057 leprosus
2444 2009 2498 2046 di-

1438 2058 1591 2094 cebatur
1619 2058 1853 2106 immundus,
1874 2060 1936 2096 vel
1964 2059 2023 2096 ille
2053 2059 2117 2108 qui
2140 2062 2316 2108 tangebat
2344 2062 2498 2111 aliquod

1437 2111 1699 2147 morticinum:
1731 2119 1767 2148 et
1795 2111 1847 2148 sic
1881 2112 2122 2149 immunditia
2155 2113 2244 2150 nihil
2284 2114 2384 2151 aliud
2420 2122 2499 2152 erat

1436 2176 1552 2211 quam
1581 2164 1831 2212 irregularitas
1869 2165 2071 2214 quaedam.
2102 2167 2162 2202 Ab
2191 2167 2263 2203 hac
2294 2167 2404 2214 igitur
2431 2168 2499 2204 irn-

1436 2217 1621 2253 munditia
1641 2218 1905 2254 caeremoniae
1934 2219 2070 2255 veteris
2090 2219 2180 2266 legis
2209 2221 2402 2257 habebant
2419 2221 2497 2258 vir-

1435 2277 1554 2306 tutem
1585 2270 1839 2307 emundandi:
1870 2271 1958 2318 quia
1983 2272 2203 2309 huiusmodi
2233 2274 2498 2311 caeremoniae

1436 2331 1541 2359 erant
1573 2323 1762 2371 quaedam
1795 2324 1964 2361 remedia
1992 2325 2159 2362 adhibita
2189 2338 2232 2362 ex
2262 2326 2497 2363 ordinatione

1434 2376 1525 2423 legis
1550 2376 1599 2412 ad
1622 2377 1808 2414 tollendas
1834 2377 2044 2425 praedictas
2073 2378 2332 2416 ifnmunditias
2361 2392 2405 2416 ex
2426 2388 2498 2417 sta-

1434 2437 1514 2466 tuto
1551 2429 1642 2477 legis
1670 2429 1852 2466 inductas.
1884 2431 1932 2467 Et
1960 2431 2046 2467 ideo
2076 2433 2284 2480 Apostolus
2313 2433 2410 2479 dicit,
2448 2434 2500 2470 ad

1434 2483 1532 2518 Heb.
1556 2494 1590 2518 ix
1608 2482 1639 2529 ²¹⁶,
1671 2483 1775 2530 quod
1803 2484 1960 2533 sanguis
1993 2484 2185 2521 hircorum
2215 2491 2250 2521 et
2277 2491 2495 2533 taurorum,

1434 2541 1469 2572 et
1496 2536 1588 2572 cinis
1615 2535 1754 2572 vitulae
1772 2547 1957 2584 aspersus,
1978 2537 2190 2585 inquinatos
2213 2539 2422 2586 sanctificat
2447 2540 2499 2575 ad

1434 2589 1736 2625 emundationem
1773 2590 1909 2626 carnis.
1938 2591 1987 2627 Et
2024 2590 2118 2627 sicut
2154 2591 2222 2627 ista
2255 2591 2496 2628 immunditia

1435 2642 1533 2689 quae
1561 2654 1629 2690 per
1656 2642 1875 2679 huiusmodi
1905 2644 2164 2680 caeremonias
2198 2645 2493 2691 emundabatur,

1435 2690 1518 2731 erat'
1541 2695 1661 2742 magis
1690 2695 1811 2732 carnis
1840 2708 1957 2744 quam
1983 2697 2142 2741 mentis;
2172 2697 2221 2733 ita
2251 2698 2361 2734 etiam
2390 2698 2494 2746 ipsae

1435 2748 1699 2785 caeremoniae
1721 2749 1880 2785 iustitiae
1898 2750 2023 2786 carnis
2039 2750 2212 2786 dicuntur
2227 2751 2275 2786 ab
2291 2750 2374 2799 ipso
2390 2753 2493 2799 Apo-

1434 2802 1543 2848 stolo,
1561 2813 1696 2850 parum
1717 2813 1832 2850 supra
1846 2801 1881 2838 *ε
1903 2802 2056 2849 iustitiis,
2080 2803 2208 2852 inquit,
2230 2803 2356 2840 carnis
2380 2815 2495 2852 usque

1434 2856 1485 2891 ad
1510 2861 1653 2902 tempus
1681 2855 1921 2892 correctionis
1950 2856 2138 2904 impositis.

1487 2908 1548 2944 Ab
1576 2907 1817 2944 immunditia
1845 2920 1938 2944 vero
1959 2909 2107 2954 mentis,
2129 2920 2226 2957 quae
2256 2917 2310 2945 est
2328 2909 2494 2946 immun-

1435 2961 1522 2998 ditia
1551 2962 1696 3009 culpae,
1718 2973 1796 2997 non
1820 2962 2013 2998 habebant
2031 2962 2208 2998 virtutem
2235 2962 2422 3010 expiandi.
2445 2963 2494 2999 Et

1433 3015 1507 3051 hoc
1535 3014 1622 3051 ideo
1652 3014 1739 3062 quia
1759 3014 1921 3062 expiatio
1951 3026 1972 3050 a
1996 3014 2159 3062 peccatis
2183 3026 2380 3062 nunquam
2410 3015 2492 3052 fieri

1432 3067 1555 3115 potuit
1575 3067 1645 3103 nisi
1664 3079 1732 3115 per
1752 3067 1957 3113 Christum,
1980 3068 2046 3115 qui
2062 3067 2153 3103 tollit
2174 3073 2330 3115 peccata
2350 3069 2491 3114 mundi,

1432 3128 1474 3156 ut
1502 3120 1636 3156 dicitur
1665 3121 1768 3155 Ioan.
1791 3120 1849 3156 1*.
1876 3120 1923 3156 Et
1951 3120 2041 3167 quia
2070 3120 2294 3168 mysterium
2322 3121 2492 3158 incarna-

1431 3173 1543 3209 tionis
1573 3180 1608 3208 et
1626 3171 1813 3220 passionis
1843 3172 1979 3208 Christi
1998 3173 2172 3209 nondum
2202 3181 2281 3210 erat
2309 3174 2456 3211 realiter
2475 3180 2493 3196 ²

1431 3233 1640 3274 peractum,
1662 3224 1746 3261 illae
1765 3224 1904 3261 veteris
1932 3225 2022 3272 legis
2043 3227 2306 3263 caeremoniae
2325 3239 2404 3264 non
2423 3240 2492 3277 po-

1431 3286 1551 3314 terant
1580 3278 1617 3314 in
1637 3289 1676 3313 se
1706 3277 1898 3314 continere
1928 3278 2077 3315 realiter
2093 3279 2274 3316 virtutem
2297 3280 2493 3328 profluen-

1431 3339 1507 3367 tem
1528 3342 1550 3367 a
1570 3330 1720 3366 Christo
1749 3330 1942 3368 incarnato
1968 3339 2004 3368 et
2031 3344 2157 3380 paSSO,
2179 3332 2273 3370 sicut
2301 3334 2494 3371 continent

1432 3391 1670 3420 sacramenta
1698 3395 1823 3420 novae
1851 3384 1953 3432 legis.
1985 3385 2034 3422 Et
2061 3385 2147 3422 ideo
2177 3398 2255 3423 non
2278 3394 2453 3435 poterant
2471 3400 2493 3424 a

2535 269 2544 279 '
2561 269 2626 291 Vers.
2640 276 2660 298 3.

2531 1254 2539 1262 ·
2556 1253 2623 1274 Vers.
2640 1260 2652 1282 3
2667 1260 2694 1281 sq

2527 1807 2535 1815 ·
2552 1805 2599 1832 Qu.
2615 1811 2654 1833 cn,
2665 1810 2706 1827 art.
2718 1813 2737 1834 5,

2526 1832 2554 1853 ad
2568 1839 2592 1859 4.

2525 2500 2533 2507 ·
2550 2498 2614 2520 Vers.
2630 2506 2659 2527 13.

2522 2816 2529 2824 ·
2547 2814 2613 2836 Vei-s.
2628 2821 2660 2836 ιο.

2521 3137 2529 3144 ·
2545 3134 2612 3156 Vers.
2627 3141 2663 3163 29.
2712 3153 2715 3155 .
