2840 4010
0 2356 18 2399 ἓ·

80 1238 95 1251 ’
107 1237 175 1260 Vm.
189 1245 213 1265 4.

85 1459 96 1469 ·
109 1451 147 1480 Cf.
161 1456 231 1479 Deut.
245 1462 295 1485 cap.

74 1559 94 1593 ,⁹¹
109 1557 174 1580 Ven-
188 1565 209 1588 3-

105 2293 134 2324 4

128 2295 230 2329 'usn-am
245 2300 275 2323 cs.

185 2333 278 2356 o-xu.

81 2303 142 2377 ΞΕ

155 2302 184 2382 *8

82 2681 92 2689 ·
107 2679 174 2702 vern.
190 2685 222 2706 ¹9·

84 2838 92 2846 ·
102 2836 179 2859 Exod.
188 2841 294 2864 cupam.

83 2890 94 2901 ⁸
107 2888 174 2912 Vere.
189 2895 222 2918 ²3-

83 3255 94 3268 ·
107 3255 176 3277 Vm.
190 3261 223 3282 ¹9.

83 3310 93 3319 ·
108 3307 176 3330 Vm.
189 3313 210 3335 5.

1021 135 1286 182 QUAESTIO
1316 135 1398 181 CII,

326 215 416 251 bent
438 219 602 261 quatuor
629 213 782 250 habere.
812 212 942 250 Primo
967 213 1135 261 quidem,
1156 213 1282 260 iugem
1312 212 1383 248 Dei

325 265 551 302 memoriam
579 265 617 302 in
653 266 995 315 contemplatione:
1026 274 1062 302 et
1091 266 1167 302 hoc
1201 264 1384 311 significat

324 317 464 355 lamina
491 330 606 355 aurea
633 319 791 357 habens.
807 330 950 356 nomen
973 318 1061 364 Dei,
1091 317 1128 354 in
1154 317 1286 353 fronte.
1318 317 1383 352 Se-

325 370 464 417 cundo,
485 371 590 420 quod
609 379 834 420 supportent
852 370 1086 407 infirmitates
1104 369 1253 418 populi:
1279 368 1383 416 quod

325 423 510 471 significat
546 424 866 472 superhumerale.
898 422 1049 468 Tertio,
1077 421 1183 470 quod
1220 421 1384 456 habeant

324 477 511 525 populum
533 476 572 513 in
591 477 705 514 corde
735 484 770 513 et
797 476 834 512 in
867 474 1076 511 visceribus
1108 485 1177 521 per
1208 472 1383 508 sollicitu-

326 528 454 566 dinem
487 529 673 566 caritatis:
703 528 808 576 quod
836 527 1066 574 significatur
1092 537 1161 574 per
1189 525 1382 562 rationale.

326 582 485 629 Quarto,
507 582 612 631 quod
635 582 801 618 habeant
826 578 1157 616 conversationem
1181 578 1382 614 caelestem

325 646 393 683 per
411 646 528 683 opera
553 633 812 683 perfectionis:
841 632 946 680 quod
975 631 1205 678 significatur
1232 642 1301 679 per
1327 637 1382 666 tu-

736 720 766 750 Χ

1429 133 1723 171 ARTICULUS
1751 133 1801 170 Vl
2420 142 2495 179 247

1437 211 1562 248 nicam
1590 211 1883 260 hyacinthinam.
1905 211 2015 248 Unde
2045 217 2080 247 et
2107 210 2255 247 tunicae
2283 209 2493 257 hyacinthi-

1438 277 1509 301 nae
1528 265 1782 312 adiunguntur
1800 264 1838 301 in
1862 263 2094 301 extremitate
2123 262 2344 300 tintinabula
2363 274 2493 299 aurea:

1437 329 1504 364 per
1532 329 1630 364 quae
1659 317 1890 365 significatur
1922 316 2092 353 doctrina
2130 315 2366 353 divinorum.
2396 327 2494 362 quae

1438 369 1550 405 debet
1585 370 1760 417 coniungi
1793 369 1941 406 caelesti
1979 368 2257 406 conversationi
2293 354 2493 416 pontificis.

1437 422 1702 469 Adiunguntur
1720 430 1847 459 autem
1867 423 1967 459 mala
1994 422 2144 471 punica,
2165 433 2234 480 per
2256 432 2355 469 quae
2383 420 2496 468 signi-

1438 473 1572 510 ficatur
1598 475 1721 511 unitas
1760 475 1849 511 fidei
1880 482 1915 511 et
1943 475 2147 512 concordia
2175 474 2213 510 in
2241 473 2352 510 bonis
2379 473 2494 509 mori-

1438 526 1529 562 bus·
1559 526 1648 573 quia
1676 527 1729 563 sic
1757 528 1957 564 coniuncta
1985 528 2099 565 debet
2132 539 2214 564 esse
2243 526 2323 563 eius
2357 526 2495 563 doctri-

1438 589 1497 624 na,
1526 586 1568 614 ut
1594 591 1663 626 per
1695 591 1780 616 eam
1810 580 1899 617 fidei
1934 588 1970 617 et
1998 580 2101 628 pacis
2128 580 2251 616 unitas
2285 591 2362 616 non
2391 591 2495 615 rum—

1408 653 1411 680 ,
1437 638 1558 677 patur.
2227 649 2229 654 ν

1130 791 1446 834 ARTICULUS
1476 792 1682 834 SEXTUS

482 885 637 918 UTRUM
660 885 820 916 FUERIT
843 885 1008 922 ALIQUA
1032 882 1332 915 RATIONABILIS
1356 882 1497 913 CAUSA
1521 883 1916 914 OBSERVANTIARUM
1941 884 2331 916 CAEREMONIALIUM

685 962 719 986 11·
738 962 794 992 11⁸0,
814 970 858 994 qu.
878 969 974 991 Lxxxvr,
994 966 1040 987 art.
1061 961 1083 991 3,
1103 961 1135 986 ad
1157 968 1178 992 1,
1200 959 1342 1025 2:1331451'
1351 960 1442 989 Rom„
1463 968 1585 1020 captxiv,
1605 961 1662 985 lect.
1687 969 1707 991 1,
1726 968 1766 991 ως
1783 961 1791 985 1
1806 960 1880 989 Tim„
1901 969 1955 994 cap.
1975 969 2007 990 w.
2027 962 2084 986 lect.
2108 970 2131 991 ις

1362 1003 1419 1028 cap.
1442 1003 1463 1026 1,
1492 1003 1541 1020 ec.
1559 1003 1592 1020 tv.

441 1125 445 1131 ,
476 1114 479 1116 >
503 1108 509 1119 ι
534 1098 557 1124 D
576 1098 718 1123 SEXTUM
746 1098 799 1123 sm
827 1097 1066 1123 PROCEDITUR.
1091 1084 1249 1123 Videtur
1277 1083 1381 1132 quod

363 1117 503 1191 *sffffiii
536 1138 863 1176 observantiarum
905 1137 1237 1175 caeremonialium
1281 1137 1382 1173 nulla

340 1191 421 1270 VC
400 1168 646 1231 vi'ifuerit
672 1191 902 1229 rationabilis
931 1203 1056 1228 causa.
1086 1189 1187 1238 Quia
1213 1197 1254 1226 ut
1278 1191 1382 1238 Apo—

379 1259 388 1268 *
379 1219 474 1285 <12⁴¹
491 1211 501 1256 ξ
510 1245 652 1282 stolus
679 1244 778 1292 dicit,
800 1245 886 1281 Iad
906 1244 999 1281 Tim
1017 1256 1051 1280 1v
1065 1243 1096 1291 ²¹⁸,
1125 1243 1246 1280 omnis
1279 1254 1382 1279 crea-

323 1301 408 1335 tura
432 1296 507 1334 Dei
531 1303 586 1334 est
609 1298 720 1343 bona,
750 1302 784 1333 et
811 1297 903 1333 nihil
921 1297 1160 1334 reiiciendum
1179 1295 1280 1344 quod
1296 1307 1381 1332 cum

322 1350 538 1400 gratiarum
564 1350 710 1387 actione
730 1349 948 1398 percipitur.
979 1348 1292 1388 Inconvenienter
1318 1348 1382 1396 igi-

323 1410 384 1440 tur
409 1401 588 1452 prohibiti
623 1410 709 1439 sunt
742 1403 790 1439 ab
829 1414 895 1439 esu
928 1401 1171 1450 quorundam
1207 1400 1402 1438 ciborum

323 1463 504 1504 tanquam
530 1454 834 1502 immundorum,
863 1463 904 1491 ut
930 1462 1034 1504 patet
1060 1455 1151 1492 Leu.
1169 1466 1208 1491 xi
1225 1452 1256 1490 *.

377 1519 414 1545 2.
433 1507 668 1555 PRAETEREA,
697 1507 792 1544 sicut
820 1507 997 1544 animalia
1026 1507 1160 1559 dantur
1186 1506 1225 1544 in
1253 1506 1381 1554 eibum

322 1558 499 1608 hominis,
514 1560 564 1597 ita
581 1561 694 1597 etiam
710 1568 746 1597 et
759 1561 917 1598 herbae:
935 1560 1036 1597 unde
1057 1559 1190 1599 dicitur
1203 1558 1380 1597 Gen.1x*:

326 1613 445 1656 Quasi
470 1613 574 1650 olera
600 1614 759 1651 virentia
792 1613 876 1650 dedi
901 1613 1005 1650 vobis
1038 1625 1186 1654 omnem
1214 1624 1379 1650 carnem.

323 1665 402 1703 Sed
420 1665 459 1703 in
478 1666 606 1703 herbis
624 1667 683 1703 lex
701 1679 780 1703 non
800 1665 963 1704 distinxit
982 1665 1126 1715 aliquas
1145 1665 1379 1705 immundas:

324 1730 412 1755 cum
440 1725 570 1756 tamen
606 1719 755 1767 aliquae
791 1719 943 1756 illarum
977 1718 1049 1755 sint
1085 1717 1250 1756 maxime
1278 1718 1382 1755 noci-

322 1783 409 1819 vae,
422 1778 464 1808 ut
477 1779 570 1820 puta
588 1784 820 1809 venenosae.
833 1772 934 1819 Ergo
950 1771 1100 1809 videtur
1119 1771 1224 1820 quod
1243 1783 1314 1808 nec
1334 1772 1380 1808 de

323 1823 548 1861 animalibus
576 1824 701 1872 aliqua
739 1824 938 1862 debuerint
970 1824 1164 1872 prohiberi
1196 1831 1381 1873 tanquam

322 1876 531 1914 immunda.

377 1930 411 1966 3.
432 1930 664 1977 PRAETEREA,
685 1930 715 1967 si
741 1930 898 1967 materia
926 1937 981 1966 est
1009 1929 1207 1971 immunda
1236 1942 1280 1967 ex
1305 1942 1381 1979 qua

322 1981 463 2031 aliquid
494 1990 714 2031 generatur,
741 1982 825 2032 pari
859 1982 1002 2020 ratione
1030 1981 1180 2020 videtur
1211 1982 1316 2032 quod
1344 1982 1380 2019 id

322 2035 427 2084 quod
459 2043 661 2083 generatur
693 2048 739 2072 ex
773 2048 838 2083 ea,
868 2035 913 2072 sit
942 2034 1197 2072 immundum.
1231 2035 1307 2072 Sed
1337 2047 1381 2072 ex

321 2087 505 2135 sanguine
531 2096 732 2136 generatur
761 2101 860 2125 caro.
891 2089 990 2125 Cum
1018 2087 1129 2136 igitur
1147 2100 1226 2126 non
1245 2100 1382 2125 omnes

308 2152 453 2178 -carnes
484 2141 777 2190 prohiberentur
813 2149 994 2189 tanquam
1028 2141 1271 2188 immundae,
1301 2141 1382 2190 pari

323 2193 468 2230 ratione
501 2207 573 2231 nec
605 2194 756 2242 sanguis
791 2193 920 2231 debuit
952 2193 1144 2243 prohiberi
1176 2194 1285 2242 quasi
1311 2194 1381 2230 im-

321 2246 506 2292 mundus3
535 2254 600 2284 aut
627 2247 757 2296 adeps,
787 2247 853 2295 qui
882 2259 927 2283 ex
947 2245 1129 2294 sanguine
1147 2254 1358 2295 generatur.

373 2310 411 2346 4.
442 2301 678 2346 PRAETEREA,
708 2299 899 2337 Dominus
929 2299 1028 2347 dicit,
1058 2299 1190 2337 Matth
1211 2312 1235 2336 x
1254 2299 1285 2348 *,
1315 2312 1382 2337 eos

321 2363 399 2388 non
429 2365 510 2390 esse
530 2329 721 2391 timendos
741 2352 806 2401 qui
826 2352 1003 2390 occidunt
1026 2364 1175 2407 corpus,
1196 2353 1284 2401 quia
1297 2359 1385 2401 post

321 2410 479 2442 mortem
508 2418 583 2450 non
602 2407 740 2442 habent
756 2406 847 2454 quid
860 2405 1034 2453 faciant:
1063 2402 1167 2454 quod
1185 2417 1264 2443 non
1285 2414 1382 2442 esset

321 2469 470 2505 verum,
500 2458 531 2495 si
559 2458 598 2495 in
626 2466 903 2496 nocumentum
931 2458 1079 2495 homini
1108 2457 1258 2496 cederet
1290 2459 1381 2507 quid

321 2522 368 2547 ex
396 2523 442 2547 eo
471 2511 591 2549 fieret.
622 2511 744 2549 Multo
773 2511 883 2559 igitur
910 2510 1037 2548 minus
1055 2511 1218 2559 pertinet
1235 2511 1284 2548 ad
1303 2512 1381 2548 ani-

321 2563 422 2600 mal'
412 2576 489 2601 iam
505 2565 675 2601 occisum
689 2563 846 2613 qualiter
862 2564 941 2600 eius
957 2575 1087 2601 carnes
1108 2564 1379 2613 decoquantur.

322 2610 579 2653 Irrationabile
599 2616 710 2664 igitur
724 2617 874 2654 videtur
889 2629 971 2653 esse
986 2616 1092 2665 quod
1107 2616 1239 2654 dicitur
1255 2618 1379 2654 Exod.

321 2679 405 2705 xxm
424 2668 461 2705 *ι
489 2669 580 2706 Νοη
609 2681 744 2717 coques
768 2670 929 2706 haedum
950 2670 987 2706 in
1007 2668 1101 2706 lacte
1124 2670 1255 2707 matris
1277 2682 1379 2707 suae.

379 2721 411 2758 5.
440 2721 678 2768 Pmerenm,
709 2734 754 2758 ea
782 2734 880 2770 quae
909 2730 996 2760 sunt
1029 2722 1220 2770 primitiva
1248 2722 1286 2760 in
1314 2724 1383 2760 ho—

322 2771 488 2811 minibus
509 2781 544 2810 et
567 2773 804 2820 animalibus,
824 2782 1004 2823 tanquam
1023 2775 1259 2824 perfectiora,
1274 2788 1383 2825 prae-

322 2825 511 2875 cipiuntur
534 2826 702 2864 Domino
733 2827 860 2864 offerri
878 2826 909 2864 ²¹².
940 2827 1254 2866 Inconvenienter
1273 2828 1382 2876 igitur

321 2878 549 2928 praecipitur
585 2880 674 2916 Lev.
694 2891 755 2918 Xix
773 2879 810 2917 *t
849 2880 1007 2922 Quando
1044 2881 1204 2931 ingressi
1227 2882 1383 2930 fueritis

322 2937 476 2978 terram,
504 2937 541 2968 et
559 2932 819 2980 plantaveritis
846 2933 883 2970 in
909 2945 954 2970 ea
973 2933 1078 2983 ligna
1092 2934 1295 2982 pomifera,
1315 2947 1382 2972 au-

315 2985 447 3032 feretis
468 2985 668 3033 praeputia
697 2997 840 3032 eorum,
869 2985 965 3023 idest
991 2985 1116 3035 prima
1141 2986 1325 3035 germina,
1350 2993 1386 3024 et

322 3037 516 3074 immunda
544 3043 655 3074 erunt
679 3038 795 3082 vobis,
825 3050 893 3074 nec
919 3038 1030 3075 edetis
1057 3040 1107 3075 ex
1133 3039 1196 3075 eis.

376 3091 411 3127 6.
441 3091 685 3137 PRAETEREA,
715 3090 988 3128 vestimentum
1018 3098 1120 3128 extra
1148 3103 1286 3140 corpus
1314 3092 1383 3128 ho-

323 3143 433 3180 minis
463 3150 528 3181 est.
565 3144 656 3180 Non
690 3142 799 3191 igitur
816 3146 819 3149 “
837 3143 1047 3181 debuerunt
1079 3143 1270 3194 quaedam
1299 3156 1383 3192 spe-

323 3195 428 3232 cialia
454 3196 683 3233 vestimenta
703 3196 852 3233 Iudaeis
880 3195 1069 3234 interdici:
1095 3203 1187 3245 puta
1206 3196 1310 3245 quod
1330 3196 1382 3235 di-

323 3248 417 3285 citur
444 3249 534 3287 Lev.
563 3260 623 3286 X1x
641 3249 676 3285 *ε
718 3250 860 3286 Vestem
894 3260 991 3297 quae
1021 3261 1071 3285 ex
1108 3249 1252 3286 duobus
1283 3255 1383 3286 texta

323 3307 390 3349 est,
420 3313 495 3339 non
524 3302 709 3345 indueris,·
738 3309 774 3339 et
800 3303 912 3339 Deut.
931 3313 1003 3338 xxu
1028 3301 1063 3338 *ε
1091 3301 1183 3338 Non
1211 3302 1384 3338 induetur

322 3354 458 3392 mulier
484 3361 582 3392 veste
608 3355 719 3400 virili,
749 3360 784 3391 et
810 3355 870 3391 vir
897 3366 971 3391 non
1001 3354 1174 3391 induetur
1203 3359 1302 3391 veste
1317 3355 1380 3402 fe-

321 3460 325 3465 ’
356 3489 358 3491 ,
376 3465 404 3499 α)
423 3466 550 3491 videmus.
568 3479 587 3484 -
605 3465 729 3489 videntur
749 3465 793 3488 Ρα.

1434 1084 1581 1128 minea,·
1610 1092 1646 1121 et
1673 1084 1767 1121 infra
1788 1085 1822 1121 *z
1852 1085 1943 1122 Non
1972 1086 2135 1122 indueris
2162 1086 2376 1124 vestimento
2395 1089 2496 1136 quod

1435 1149 1483 1172 ex
1510 1137 1599 1174 lana
1628 1137 1776 1186 linoque
1803 1144 2015 1175 contextum
2044 1144 2106 1175 est.

1489 1202 1524 1237 7.
1546 1190 1779 1237 PRAETEREA,
1803 1191 1991 1228 memoria
2019 1191 2286 1228 mandatorum
2313 1193 2385 1229 Dei
2414 1205 2492 1229 non

1434 1242 1594 1290 pertinet
1621 1243 1669 1280 ad
1703 1255 1855 1292 coerS,
1885 1244 1953 1280 sed
1985 1245 2032 1281 ad
2066 1256 2141 1280 cor.
2178 1245 2494 1282 Inconvenienter

1435 1294 1545 1342 igitur
1572 1295 1802 1344 praecipitur
1828 1297 1938 1332 Deut.
1959 1308 1994 1333 VI
2013 1296 2044 1343 ²¹²,
2068 1297 2178 1345 ,quod
2201 1297 2365 1346 ligarent
2381 1309 2495 1346 prae-

1436 1353 1539 1395 cepta
1571 1349 1646 1384 Dei
1671 1347 1785 1396 'quasi
1813 1349 1965 1398 signum
1993 1349 2030 1385 in
2064 1361 2180 1386 manu
2207 1362 2295 1395 sua,
2326 1358 2362 1387 et
2388 1351 2493 1399 quod

1434 1401 1685 1437 scriberentur
1713 1402 1749 1438 in
1779 1401 1905 1438 limine
1923 1402 2119 1446 ostiorum;
2149 1409 2184 1438 et
2212 1403 2317 1450 quod
2334 1415 2406 1451 per
2423 1415 2492 1440 an—

1434 1453 1544 1502 gulos
1564 1454 1770 1501 palliorum
1797 1455 1967 1498 facerent
1981 1455 2172 1502 fimbrias,
2202 1455 2238 1490 in
2268 1456 2399 1502 quibus
2421 1468 2492 1503 po—

1436 1512 1566 1542 nerent
1591 1506 1699 1543 vittds
1725 1507 1998 1555 hyacinthinas,
2029 1507 2065 1544 in
2095 1507 2318 1544 memoriam
2337 1509 2495 1545 manda-

1435 1564 1557 1595 torum
1585 1559 1669 1604 Dei,
1699 1567 1740 1596 ut
1766 1560 1927 1596 habetur
1953 1560 2072 1596 Num.
2092 1572 2141 1596 xv
2159 1559 2191 1597 ³¹⁶.

2521 1102 2529 1110 ”
2545 1100 2611 1121 Vers.
2626 1106 2652 1121 11.

2521 1310 2529 1318 ·
2545 1308 2612 1330 vers.
2627 1308 2640 1330 8
2655 1314 2690 1336 sq.

1489 1612 1523 1648 8.
1540 1613 1772 1658 PRAETEREA,
1801 1613 2008 1661 Apostolus
2041 1612 2140 1659 dicit,
2170 1614 2183 1649 1
2212 1614 2263 1649 aa'
2294 1614 2380 1650 Cor.
2402 1626 2437 1650 1x
2454 1613 2494 1660 ²⁸,
2524 1631 2531 1638 ·
2582 1635 2604 1650 rs

1435 1664 1539 1713 quod
1568 1677 1642 1701 non
1671 1671 1726 1701 est
1751 1677 1844 1702 cura
1871 1666 1954 1702 Deo
1982 1666 2028 1702 de
2046 1666 2178 1702 bobus:
2203 1673 2240 1702 et
2266 1678 2335 1714 per
2363 1678 2495 1703 conse-

1435 1729 1554 1765 quens
1591 1729 1716 1766 neque
1747 1717 1794 1754 de
1827 1717 1908 1754 aliis
1945 1714 2170 1754 animalibus
2204 1718 2493 1755 irrationalibus.

1436 1770 1751 1807 Inconvenienter
1779 1770 1889 1818 igitur
1915 1770 2143 1819 praecipitur
2168 1772 2279 1807 Deut.
2298 1771 2424 1808 xx11*:
2456 1772 2498 1808 Si

1434 1823 1686 1860 ambulaveris
1708 1835 1780 1872 per
1805 1824 1929 1869 viam,
1957 1829 1993 1860 et
2018 1824 2203 1860 inveneris
2236 1824 2365 1860 nidum
2393 1825 2494 1870 avis,

1435 1887 1508 1912 non
1547 1876 1684 1912 tenebis
1711 1882 1870 1913 matrem
1903 1888 1989 1912 cum
2011 1876 2128 1924 filiis,·
2155 1883 2190 1912 et
2215 1877 2327 1914 Deut.
2356 1889 2429 1913 xxv
2455 1878 2493 1912 *ς

1434 1929 1524 1965 Νοη
1553 1928 1727 1978 alligabis
1755 1941 1796 1965 os
1824 1929 1927 1965 bovis
1956 1929 2183 1973 triturantis;
2208 1936 2244 1965 et
2263 1930 2352 1966 Lev.
2373 1942 2433 1966 X1x
2451 1930 2491 1966 *ε

1434 1982 1606 2018 Iumenta
1635 1987 1699 2018 tua
1723 1994 1797 2018 non
1815 1982 1942 2030 facies
1960 1982 2062 2019 coire
2089 1994 2174 2018 cum
2203 1981 2355 2019 alterius
2382 1994 2495 2032 gene-

1435 2035 1486 2070 ris
1513 2034 1776 2071 animantibus.

1488 2099 1522 2134 9.
1544 2088 1777 2134 PRAETEREA,
1798 2086 1894 2124 inter
1911 2087 2059 2136 plantas
2087 2099 2165 2124 non
2184 2087 2300 2124 fiebat
2320 2087 2494 2124 discretio

1435 2140 1668 2177 mundorum
1684 2140 1732 2176 ab
1752 2139 1971 2177 immundis.
1989 2140 2090 2187 Ergo
2111 2140 2230 2176 multo
2252 2140 2377 2177 minus
2397 2140 2494 2177 circa

1436 2194 1617 2229 culturam
1635 2193 1853 2241 plantarum
1883 2192 2013 2229 debuit
2033 2192 2158 2240 aliqua
2187 2193 2360 2229 discretio
2389 2193 2494 2230 adhi-

1435 2245 1525 2282 beri.
1554 2246 1654 2293 Ergo
1681 2244 1991 2283 inconvenienter
2013 2245 2240 2294 praecipitur
2266 2247 2357 2282 Lev.
2377 2258 2437 2283 xlx
2454 2245 2494 2282 *ι

1434 2299 1584 2347 Agrum
1605 2310 1679 2334 non
1707 2310 1808 2335 seres
1826 2299 1972 2335 diverso
1995 2299 2136 2335 semine
2144 2312 2157 2343 ,·
2177 2307 2214 2335 et
2237 2300 2347 2335 Deut.
2367 2311 2438 2335 xxn
2457 2298 2492 2334 *ε

1434 2352 1524 2387 Non
1552 2363 1652 2388 seres
1678 2351 1828 2388 vineam
1857 2357 1960 2388 tuam
1988 2351 2106 2396 alterp
2133 2351 2296 2396 semine‚·
2322 2359 2375 2398 et,
2404 2352 2494 2388 Non

1435 2404 1562 2440 arabis
1590 2404 1627 2440 in
1657 2404 1751 2440 bove
1777 2404 1889 2440 simul
1915 2409 1951 2440 et
1976 2405 2094 2440 asino.

1494 2469 1551 2493 10.
1586 2457 1823 2503 PRAETEREA,
1849 2469 1894 2493 ea
1923 2469 2020 2505 quae
2049 2464 2134 2493 sunt
2162 2456 2384 2503 inanimata,
2412 2468 2494 2492 ma-

1434 2509 1534 2546 xime
1555 2509 1732 2547 videmus
1752 2515 1769 2530 ‘²
1793 2510 1996 2546 hominum
2015 2509 2189 2558 potestati
2210 2521 2292 2545 esse
2312 2509 2491 2545 subiecta.

1437 2562 1750 2599 Inconvenienter
1785 2562 1894 2610 igitur
1922 2570 2069 2599 arcetur
2105 2563 2223 2598 homo
2253 2562 2300 2598 ab
2339 2569 2493 2608 argento

1437 2623 1471 2652 et
1500 2627 1591 2651 auro
1614 2627 1658 2652 ex
1678 2614 1815 2663 quibus
1844 2615 2023 2652 fabricata
2043 2623 2130 2652 sunt
2155 2615 2266 2661 idola,
2288 2621 2323 2650 et
2347 2615 2394 2650 ab
2415 2614 2495 2650 aliis

1436 2680 1534 2717 quae
1565 2668 1603 2704 in
1630 2667 1822 2704 idolorum
1851 2668 2028 2705 domibus
2056 2667 2314 2712 inveniuntur,
2341 2679 2501 2715 praece-

1435 2729 1500 2769 pto
1530 2720 1620 2768 legis
1649 2721 1754 2769 quod
1781 2721 1942 2758 habetur
1969 2722 2079 2757 Deut.
2110 2732 2156 2756 vn
2176 2719 2206 2755 ²¹³.
2228 2739 2251 2746 -
2277 2719 2494 2756 Ridiculum

1437 2774 1547 2810 etiarn
1589 2773 1738 2810 videtur
1781 2785 1862 2810 esse
1905 2780 2150 2822 praeceptum
2188 2772 2292 2820 quod
2333 2772 2493 2809 habetur

1436 2828 1545 2863 Deut.
1577 2838 1660 2863 xxm
1679 2825 1718 2872 ²¹²,
1748 2834 1790 2862 ut
1817 2827 2022 2876 egestiones
2054 2827 2167 2862 humo
2200 2825 2407 2873 operirent,
2425 2826 2493 2873 fo-

1435 2880 1572 2916 dientes
1600 2879 1637 2915 in
1666 2885 1778 2916 terra.

1495 2944 1552 2968 11.
1574 2933 1808 2978 PRAETEREA,
1829 2931 1948 2980 pietas
1977 2930 2140 2967 maxime
2169 2930 2206 2967 in
2235 2929 2494 2967 sacerdotibus

1437 2984 1648 3032 requiritur.
1666 2984 1743 3021 Sed
1763 2984 1812 3021 ad
1829 2984 2007 3032 pietatem
2023 2983 2210 3032 pertinere
2226 2982 2375 3019 videtur
2389 2982 2495 3032 quod

1438 3037 1571 3086 aliquis
1599 3036 1794 3074 funeribus
1822 3036 2035 3073 amicorum
2063 3035 2225 3072 intersit:
2255 3035 2359 3072 unde
2380 3035 2492 3072 etiam

1438 3091 1484 3128 de
1513 3088 1614 3126 hacss
1642 3089 1788 3126 Tobias
1816 3089 2009 3135 laudatur,
2043 3096 2084 3124 ut
2111 3088 2272 3125 habetur
2310 3089 2346 3124 T
2342 3089 2399 3124 ob.
2428 3100 2438 3125 1
2461 3088 2494 3125 ²¹².

1438 3142 1616 3180 Similiter
1644 3141 1758 3178 etiam
1784 3141 2016 3190 quandoque
2047 3140 2095 3178 ad
2127 3140 2307 3190 pietatem
2335 3141 2497 3189 pertinet

1438 3195 1542 3244 quod
1562 3193 1694 3242 aliquis
1713 3194 1753 3231 in
1771 3206 1931 3231 uxorem
1951 3193 2107 3242 accipiat
2126 3193 2385 3231 meretricem:
2407 3193 2497 3242 quia

1437 3260 1505 3297 per
1532 3248 1607 3284 hoc
1635 3258 1721 3283 eam
1751 3259 1773 3283 a
1800 3254 1956 3295 peccato
1986 3254 2023 3283 et
2045 3245 2199 3283 infamia
2226 3245 2371 3283 liberat.
2392 3247 2495 3294 Ergo

1437 3300 1589 3337 videtur
1616 3299 1722 3347 quod
1749 3300 1844 3336 haec
1880 3299 2191 3336 inconvenienter
2222 3299 2496 3348 prohibeantur

1439 3352 1711 3399 sacerdotibus,
1733 3353 1822 3389 Lev.
1843 3364 1914 3389 xxt.

1406 3457 1411 3495 1
1490 3461 1515 3494 β)
1535 3462 1591 3487 hac.
1609 3475 1628 3481 -
1646 3462 1694 3487 hoc
1713 3461 1783 3486 PKa.

2524 1784 2531 1791 ·
2547 1782 2612 1804 Vers.
2630 1783 2652 1804 6.

2524 1889 2532 1897 '¹
2547 1888 2615 1909 Vers.
2624 1895 2648 1914 4.
2657 1898 2669 1903 —
2678 1887 2713 1909 ef.
2724 1888 2734 1908 1

2524 1914 2586 1941 Cor„
2611 1920 2662 1942 cap.
2690 1920 2712 1935 tx
2726 1930 2731 1941 ,

2523 1947 2582 1963 vers.
2597 1947 2618 1967 9.

2523 1969 2530 1976 ·
2547 1967 2613 1988 Vers.
2628 1973 2635 1988 ι

2524 2259 2531 2266 ·
2548 2256 2613 2277 Vers.
2629 2262 2660 2283 ¹9·

2522 2311 2532 2321 ⁸
2546 2311 2614 2332 Vers.
2629 2317 2643 2338 9
2658 2316 2692 2337 sq.

2521 2736 2531 2746 ³
2551 2735 2616 2756 Vers.
2631 2740 2655 2762 ²5
2670 2740 2703 2761 sq.

2523 2841 2530 2847 ”
2546 2838 2613 2860 Vers.
2629 2845 2657 2866 ¹3·

2621 3085 2634 3117 β

2522 3120 2532 3130 ⁸
2543 3119 2608 3140 Vers.
2617 3125 2644 3140 20
2659 3125 2710 3146 sqq.
