2840 4010
200 199 230 233 {31³

198 622 230 647 ΥΥ

105 1260 116 1270 ⁴⁸
125 1260 182 1281 Part.
194 1259 221 1285 11,

202 2992 231 3020 ζζ

233 1265 283 1286 cap.
295 1265 315 1279 v.

348 131 423 165 244
1051 115 1316 160 QUAESTIO
1347 114 1430 160 CII,

346 197 430 234 tria:
462 197 595 233 cedrus
615 195 663 242 ββ,
693 196 798 243 quod
827 195 1010 242 significat
1038 193 1272 230 altitudinem
1301 192 1402 240 spei,

346 250 408 286 vel
429 248 771 297 contemplationis;
792 248 992 295 hyssopus,
1009 245 1112 293 quod
1132 245 1317 294 significat
1335 246 1404 282 hu-

347 302 556 348 militatem,
577 302 638 338 vel
666 301 800 344 fidem;
832 311 967 336 coccus
988 298 1044 334 bis
1063 298 1211 344 tinctus,
1232 298 1338 347 quod
1358 298 1405 335 si-

347 355 499 402 gnificat
517 354 710 401 geminam
731 352 941 395 caritatem;
966 362 1034 398 per
1051 351 1147 387 haec
1167 351 1268 388 enim
1289 351 1404 388 debe-

348 420 433 444 mus
467 407 615 443 Christo
647 417 760 452 passo
795 404 1012 440 adhaerere.
1048 404 1120 440 Iste
1154 411 1282 441 autem
1312 404 1404 442 cinis

347 458 619 496 combustionis
649 456 831 504 colligitur
855 468 877 492 a
900 456 983 492 viro
1011 456 1176 494 mundo:
1207 457 1295 505 quia
1322 457 1404 494 reli-

347 512 458 559 quiae
486 510 671 559 passionis
700 517 956 557 pervenerunt
976 509 1025 546 ad
1044 509 1213 557 gentiles,
1237 510 1302 557 qui
1326 522 1404 548 non

347 565 496 601 fuerunt
524 561 728 611 culpabiles
757 561 794 598 in
823 561 962 599 Christi
986 570 1121 600 morte.
1146 564 1405 611 Apponuntur

346 624 472 652 autem
507 615 651 651 cineres
679 619 710 642 Ἡ
744 614 782 651 in
815 626 915 662 aqua
948 615 998 653 ad
1030 615 1280 663 expiandum:
1315 616 1404 664 quia

346 681 390 705 ex
418 668 596 716 passione
627 666 763 704 Christi
797 667 1008 715 baptismus
1041 668 1192 706 sortitur
1223 669 1403 716 virtutem

346 720 578 758 emundandi
606 727 772 768 peccata.
804 720 991 758 Sacerdos
1020 729 1148 758 autem
1177 722 1242 769 qui
1266 722 1404 758 immo-

344 774 444 810 labat
474 781 510 809 et
537 773 788 811 comburebat
814 785 991 821 vaccam,
1017 782 1052 811 et
1070 774 1132 811 ille
1153 774 1217 822 qui
1245 776 1403 811 combu-

345 827 468 872 rebat,
490 834 525 862 et
543 826 609 874 qui
624 823 651 848 ὃὸ
673 825 872 873 colligebat
891 827 1049 874 cineres,
1069 827 1292 864 immundus
1313 835 1402 874 erat,

346 887 380 915 et
409 879 522 917 etiam
551 879 616 926 qui
645 879 869 927 aspergebat
892 892 1054 927 aquam:
1084 881 1146 917 vel
1166 880 1257 927 quia
1277 880 1405 917 Iudaei

343 932 430 968 facti
449 939 536 982 sunt
554 932 744 969 immundi
764 944 808 969 ex
829 932 1019 971 occisione
1036 933 1183 980 Christi,
1200 945 1268 981 per
1287 945 1402 981 quam

344 993 473 1022 nostra
500 992 656 1033 peccata
689 985 906 1033 expiantur;
940 993 976 1022 et
1003 986 1078 1022 hoc
1105 998 1228 1034 usque
1261 986 1311 1023 ad
1338 999 1404 1023 ve-

345 1050 520 1086 sperum,
550 1038 646 1076 idest
673 1050 810 1086 usque·
829 1039 877 1075 ad
910 1038 1029 1076 finem
1064 1039 1218 1085 mundi,
1249 1040 1403 1087 quando

345 1091 657 1138 reliquiae-Israel
679 1098 958 1128 convertentur,
979 1091 1049 1128 Vel
1073 1091 1163 1138 quia
1180 1091 1230 1128 illi
1250 1092 1314 1139 qui
1333 1099 1405 1128 tra-

347 1151 446 1180 ctant
474 1151 602 1180 sancta
630 1143 866 1181 intendentes
894 1144 943 1181 ad
973 1144 1284 1181 emundationem
1314 1144 1405 1181 alio·

345 1209 442 1241 rum,
472 1196 543 1244 ipsi
572 1196 687 1233 etiam
716 1196 859 1244 aliquas
887 1196 1147 1234 immunditias
1167 1197 1404 1246 contrahunt,

346 1257 385 1285 ut
413 1249 619 1296 Gregorius
649 1248 748 1295 dicit,
778 1248 816 1285 in
843 1250 1031 1287 Pastorali
1047 1249 1087 1294 *;
1118 1257 1153 1286 et
1180 1250 1255 1286 hoc
1282 1262 1404 1299 usque

345 1301 394 1339 ad
421 1313 645 1350 vesperum,
679 1301 775 1338 idest
807 1313 929 1350 usque
961 1302 1011 1339 ad
1046 1302 1165 1340 finem
1199 1303 1406 1351 praesentis

346 1362 457 1391 vitae.

397 1410 456 1444 AD
482 1419 622 1444 saxrum
652 1419 834 1445 DtCENDuM
862 1407 979 1455 quod,
1010 1407 1106 1447 sicut
1132 1407 1276 1446 dictum
1305 1416 1363 1446 est
1374 1408 1405 1456 ²¹²,

344 1460 583 1498 immunditia
612 1473 710 1509 quae
740 1473 786 1498 ex
814 1460 1057 1508 corruptione
1076 1461 1329 1509 proveniebat
1344 1462 1408 1499 vel

298 1560 302 1564 .
345 1513 482 1550 mentis
510 1514 572 1549 vel
601 1513 782 1561 corporis,
809 1513 1029 1562 expiabatur
1048 1525 1116 1561 per
1135 1513 1406 1562 sacrificiapro

345 1575 514 1614 peccato.
546 1565 818 1603 Offerebantur
854 1574 982 1604 autem
1016 1566 1192 1614 specialia
1225 1567 1408 1605 sacrificia

345 1631 414 1667 pro
443 1619 606 1667 peccatis
640 1619 895 1666 singulorum:
927 1619 995 1656 sed
1033 1619 1122 1666 quia
1150 1619 1266 1668 aliqui
1293 1620 1408 1668 negli-

345 1679 475 1719 gentes
505 1679 609 1708 erant
637 1672 735 1708 circa
763 1672 1018 1720 expiationem
1036 1672 1256 1710 huiusmodi
1275 1685 1408 1722 pecca-

346 1732 472 1761 torum
494 1732 530 1761 et
548 1724 891 1770 immunditiarum;
911 1726 974 1762 vel
995 1725 1109 1763 etiarn
1130 1733 1285 1774 propter
1303 1726 1408 1774 igno·

301 1825 315 1835 θ
346 1778 506 1815 rantiam
536 1778 583 1814 ab
613 1778 825 1826 expiatione
845 1778 1065 1824 huiusmodi
1086 1778 1334 1825 desistebant3
1354 1779 1409 1817 in·

347 1831 516 1868 stitutum
538 1830 605 1868 fuit
624 1839 666 1868 ut
684 1832 803 1869 semel
821 1831 859 1869 in
878 1844 993 1877 anno,
1010 1831 1159 1869 decima
1179 1832 1240 1869 die
1259 1832 1408 1881 septimi

348 1884 501 1930 mensis,
521 1884 629 1921 fieret
649 1884 876 1922 sacrificium
906 1884 1128 1933 expiationis
1147 1897 1218 1933 pro
1239 1891 1320 1923 toto
1339 1897 1408 1934 po-

347 1937 449 1985 pulo.
475 1938 525 1974 Et
547 1937 647 1985 quia,
673 1937 768 1974 sieut
786 1939 994 1986 Apostolus
1015 1937 1114 1984 dicit,
1136 1938 1188 1975 ad
1202 1938 1404 1985 Heb.vn*‚

346 1989 409 2026 lex
437 1990 623 2031 constituit
645 1991 814 2028 homines
837 1991 1046 2028 sacerdotes
1065 1991 1319 2038 infirmitatem
1341 1993 1407 2029 ha-

347 2044 481 2088 bentes,
505 2044 704 2091 oportebat
719 2043 824 2091 quod
844 2045 1023 2082 sacerdos
1042 2044 1145 2092 prius
1165 2043 1320 2083 offerret
1337 2057 1408 2094 pro

347 2095 472 2144 seipso
491 2096 653 2139 vitulum
672 2109 743 2145 pro
759 2104 928 2145 peccato,
946 2097 985 2134 in
1000 2097 1408 2136 commemorationem

347 2150 492 2197 peccati
522 2150 786 2197 quodgAaron
814 2151 954 2188 fecerat
981 2150 1020 2187 in
1049 2150 1279 2188 conflatione
1301 2150 1408 2188 vituli

348 2202 468 2247 aurei;
490 2209 526 2239 et
553 2202 709 2240 arietem
729 2203 767 2240 in
786 2203 1064 2251 holocaustum,
1085 2215 1154 2252 per
1175 2204 1281 2251 quod
1301 2204 1410 2252 signi·

347 2254 533 2293 ficabatur
561 2256 667 2303 quod
700 2256 906 2294 sacerdotis
921 2256 1138 2304 praelatio,
1166 2269 1283 2305 quam
1311 2257 1408 2295 aries

348 2307 532 2355 designat,
563 2308 627 2357 qui
657 2316 712 2347 est
741 2309 816 2346 dux
843 2309 979 2361 gregis,
1010 2317 1090 2347 erat
1121 2309 1333 2348 ordinanda
1360 2311 1409 2348 ad

347 2363 536 2398 honorem
556 2361 640 2398 Dei.
662 2382 685 2388 -
707 2362 855 2400 Deinde
885 2370 1014 2400 autem
1038 2362 1225 2400 offerebat
1251 2375 1320 2411 pro
1340 2375 1409 2412 po·

348 2414 438 2463 pulo
460 2415 556 2451 duos
575 2414 712 2452 hircos.
735 2415 914 2461 Quorum
933 2428 1031 2453 unus
1050 2416 1332 2463 immolabatur,
1352 2417 1407 2456 lad

349 2467 578 2516 expiandum
611 2475 812 2515 peccatum
843 2469 1104 2506 multitudinis.
1136 2469 1273 2507 Hircus
1305 2469 1408 2508 enim

349 2520 490 2557 animal
518 2520 674 2558 fetidum
706 2529 779 2568 est,
809 2528 846 2558 et
875 2522 921 2559 de
952 2522 1034 2570 pilis
1063 2522 1145 2559 eius
1175 2522 1272 2559 fiunt
1297 2522 1409 2560 veeti-

349 2580 478 2610 menta
493 2573 716 2621 pungentia:
733 2582 774 2612 ut
792 2586 860 2622 per
877 2575 952 2612 hoc
971 2575 1245 2622 significaretur
1261 2575 1361 2612 fetor
1375 2582 1411 2612 et

348 2625 590 2664 immunditia
615 2634 651 2664 et
670 2631 695 2648 ΞΕ
720 2627 839 2665 aculei
858 2635 1114 2675 peccatorum.
1137 2628 1258 2666 Huius
1281 2635 1409 2666 autem

349 2679 440 2716 hirci
455 2679 642 2717 immolati
657 2680 809 2727 sanguis
824 2680 1064 2727 inferebatur,
1075 2681 1186 2719 simul
1199 2681 1312 2718 etiam
1320 2693 1410 2718 cum

350 2732 530 2780 sanguine
550 2732 668 2779 vituli,
684 2732 723 2771 in
751 2734 891 2771 Sancta
920 2734 1160 2781 Sanctorum,
1182 2742 1219 2771 et
1237 2746 1411 2783 asperge—

350 2785 459 2823 batur
479 2798 524 2823 ex
544 2798 591 2822 eo
615 2793 736 2824 totum
756 2787 1030 2824 sanctuarium:
1047 2787 1095 2825 ad
1120 2787 1411 2835 significandum

351 2838 455 2885 quod
483 2838 770 2877 tabernaculum
799 2840 1079 2877 emundabatur
1097 2841 1145 2877 ab
1163 2839 1412 2879 immunditiis

351 2890 517 2928 filiorum
546 2892 672 2929 Israel.
703 2892 854 2941 Corpus
877 2905 971 2930 vero
1000 2893 1092 2930 hirci
1121 2901 1158 2931 et
1180 2893 1287 2931 vituli
1314 2905 1412 2941 quae

352 2943 547 2982 immolata
575 2953 662 2982 sunt
690 2957 760 2994 pro
789 2954 963 2994 peccate,
994 2946 1194 2994 oportebat
1222 2945 1412 2984 comburi:

352 2997 400 3034 ad
433 2997 714 3037 ostendendum
744 2999 1077 3047 consumptionem
1097 2998 1124 3024 (ζ
1154 3006 1412 3048 peccatorum.

352 3050 443 3087 Non
467 3059 595 3088 autem
615 3050 653 3088 in
676 3051 798 3089 altari:
820 3051 908 3101 quia
927 3052 979 3090 ibi
993 3064 1072 3090 non
1093 3052 1415 3090 comburebantur

353 3102 512 3140 totaliter
526 3103 595 3141 nisi
611 3104 843 3142 holocausta.
868 3105 979 3143 Unde
1011 3105 1236 3143 mandatum
1266 3112 1345 3142 erat
1373 3112 1415 3143 ut

355 3156 666 3194 comburerentur
689 3163 727 3184 *ιη
757 3165 860 3195 extra
889 3166 1025 3204 castra,
1059 3158 1098 3196 in
1127 3158 1413 3196 detestationem

355 3208 514 3254 peccati:
544 3210 617 3245 hoc
647 3210 748 3246 enim
777 3211 893 3247 fiebat
925 3211 1248 3260 quandocumque
1276 3211 1415 3248 immo-

409 3310 450 3344 ββ)
470 3311 573 3336 cedrus.
591 3326 607 3331 -
627 3313 725 3338 scilicet
743 3314 837 3340 cedrus
857 3315 903 3339 Pa.

407 3347 450 3378 γγ)
469 3346 576 3371 cineres.
594 3361 612 3366 -
631 3355 719 3372 om1es
738 3349 956 3381 ACDEFGleB.
976 3351 1093 3376 homines
1112 3352 1145 3376 H.

407 3379 446 3412 δδ)
460 3381 505 3413 qui
521 3382 698 3411 comburebat,
711 3387 737 3408 et
750 3384 804 3415 qui.
817 3392 895 3409 -con
881 3386 1017 3410 mburebat
1030 3390 1056 3411 et
1068 3386 1281 3418 ACDGHpBEL,
1290 3387 1336 3420 qui
1345 3394 1415 3412 com-

355 3418 404 3441 bur
405 3417 464 3441 ebat
482 3420 508 3441 et
527 3417 565 3445 ΡΙ,
585 3418 630 3448 qui
649 3418 716 3443 KsL.

409 3451 442 3485 εε)
462 3455 495 3476 et.
514 3452 613 3478 -Om.
633 3452 679 3478 Pa.

1460 114 1755 152 ARTICULUS
1783 116 1818 152 V

1459 192 1606 229 labatur
1629 192 1857 230 sacrificium
1881 206 1951 241 pro
1980 195 2108 243 aliquo
2132 197 2238 244 gravi
2265 205 2436 246 peccam,
2456 197 2518 234 vel

1458 257 1528 293 pro
1548 245 1787 282 multitudine
1806 253 2052 293 peccatorum
2066 247 2098 284 ²⁸.
2114 250 2262 287 -Alter
2279 262 2374 288 vero
2393 250 2519 287 hircus

1459 298 1700 335 emittebatur
1727 298 1765 335 in
1793 299 2008 336 desertum:
2045 311 2123 336 non
2152 301 2309 348 quidem
2338 311 2380 340 ut
2405 303 2518 340 offer-

1459 358 1560 388 retur
1588 351 1854 398 daemonibus,
1882 363 1980 399 quos
2009 352 2184 389 colebant
2210 354 2366 400 gentiles
2392 355 2432 393 in
2455 356 2518 394 de-

1459 404 1564 440 sertis
1583 402 1623 451 00,
1645 404 1732 452 quia
1752 404 1806 441 eis
1824 404 1915 441 nihil
1943 404 2079 441 licebat
2101 404 2345 452 immolari*;
2373 408 2442 445 sed
2468 409 2518 446 ad
2546 434 2555 444 .

1459 457 1735 504 designandum
1768 457 1947 494 effectum
1981 457 2077 494 illius
2115 457 2286 495 sacrificii
2320 459 2516 499 immolati.
2546 466 2585 481 Π

1459 510 1508 547 Et
1522 509 1608 547 ideo
1629 510 1807 547 sacerdos
1826 510 2050 559 imponebat
2076 522 2236 547 manum
2263 523 2380 559 super
2407 521 2519 561 caput

1460 562 1556 609 eius,
1587 563 1773 599 confitens
1801 571 1969 611 peccata.
1985 563 2152 600 filiorum
2182 564 2316 600 Israel:
2345 576 2391 601 ac
2410 564 2441 601 si
2459 565 2519 602 ille

1459 614 1585 651 hircus
1619 615 1835 662 deportaret
1862 629 1907 653 ea
1934 617 1973 653 in
2001 618 2216 662 desertum,
2244 616 2311 653 ubi
2340 617 2518 654 abestiis

1460 667 1735 714 comederetur,
1759 669 1868 716 quasi
1890 677 2046 717 portans
2069 681 2237 717 poenam
2256 681 2326 717 pro
2355 670 2519 718 peccatis

1458 720 1600 768 populi.
1630 720 1837 757 Dicebatur
1862 729 1991 758 autem
2018 730 2171 771 portare
2199 730 2356 770 peccata
2374 723 2518 771 populi,

1457 774 1520 810 vel
1549 773 1638 822 quia
1665 773 1703 810 in
1733 773 1812 810 eius
1842 774 2045 812 emissione
2074 775 2356 822 significabatur
2389 775 2519 813 remis-

1459 826 1514 862 sio
1537 833 1782 875 peccatorum
1811 827 1958 874 populi:
1983 828 2046 864 vel
2075 828 2162 876 quia
2192 829 2436 876 colligabatur
2456 840 2518 866 su-

1458 891 1526 927 per
1555 886 1666 927 caput
1695 878 1775 915 eius
1804 879 1929 927 aliqua
1953 880 2132 918 schedula
2159 881 2225 918 ubi
2249 889 2356 918 erant
2382 881 2519 930 scripta

1458 939 1625 980 peccata.

1512 984 1623 1022 Ratio
1644 991 1770 1021 autem
1790 984 1956 1031 figuralis
1974 985 2114 1022 horum
2139 993 2217 1024 erat
2240 986 2329 1034 quia
2349 986 2520 1024 Christus

1459 1037 1689 1085 significatur
1716 1045 1753 1073 et
1779 1049 1848 1085 per
1876 1036 2051 1084 vitulum,
2078 1046 2235 1087 propter
2255 1040 2454 1086 virmtem;
2483 1047 2520 1076 et

1458 1103 1527 1138 per
1554 1090 1726 1136 arietem,
1755 1089 1843 1138 quia
1871 1089 1950 1137 ipse
1980 1097 2036 1126 est
2063 1091 2141 1127 dux
2166 1091 2358 1138 fidelium3
2389 1100 2425 1130 et
2451 1104 2521 1141 per

1458 1143 1617 1189 hircum,
1638 1150 1793 1191 propter
1810 1142 2087 1180 similitudinem
2107 1144 2232 1180 carnis
2254 1145 2444 1191 peceati&
2471 1145 2557 1183 Et
2547 1177 2579 1192 v

1459 1196 1538 1244 ipse
1567 1196 1737 1233 Christus
1766 1203 1822 1232 est
1858 1195 2076 1232 immolatus
2104 1207 2173 1244 pro
2207 1197 2383 1244 peccatis.
2399 1205 2436 1235 et
2461 1210 2520 1236 sa-

1460 1249 1657 1287 cerdotum
1687 1256 1722 1285 et
1749 1248 1900 1297 populi:
1931 1248 2020 1297 quia
2046 1261 2116 1297 per
2139 1248 2220 1286 eius
2247 1249 2522 1298 passionemet

1460 1302 1626 1340 maiores
1660 1309 1695 1338 et
1721 1301 1888 1338 minores
1913 1314 1935 1338 a
1965 1309 2123 1350 peccato
2152 1301 2398 1340 mundantur.
2425 1303 2522 1340 San-

1460 1355 1541 1402 guis
1569 1362 1697 1392 autem
1725 1354 1832 1391 vituli
1860 1361 1896 1390 et
1922 1354 2016 1393 hirci
2042 1354 2199 1392 infertur
2226 1355 2266 1392 in
2294 1355 2433 1392 Sancta
2455 1366 2523 1405 pen

1460 1408 1703 1456 pontificem:
1733 1407 1822 1455 quia
1843 1419 1913 1455 per
1937 1407 2160 1455 sanguinem
2178 1408 2365 1457 passionis
2385 1408 2522 1447 Christi

1460 1468 1563 1510 patet
1590 1461 1700 1497 nobis
1729 1460 1901 1497 introitus
1925 1460 1964 1497 in
1985 1473 2144 1508 regnum
2170 1461 2375 1498 caelorum.
2405 1461 2522 1504 Come

1462 1515 1647 1551 buruntur
1666 1521 1792 1551 autem
1813 1525 1948 1550 eorum
1968 1526 2130 1562 corpora
2149 1521 2252 1551 extra
2271 1522 2409 1551 eastra:
2433 1514 2522 1563 quia

1461 1573 1570 1604 extra
1598 1572 1750 1615 portam
1787 1566 1956 1603 Christus
1982 1578 2118 1614 passus
2145 1572 2218 1612 est,
2244 1574 2288 1604 ut
2313 1568 2522 1616 Apostolus

1463 1619 1566 1666 dicit,
1586 1620 1637 1656 ad
1662 1620 1761 1656 Heb.
1783 1620 1846 1656 ult.
1863 1619 1883 1641 ’¹'
1911 1620 1984 1656 Per
2007 1619 2155 1656 hircum
2184 1627 2312 1656 autem
2331 1620 2396 1668 qui
2416 1619 2523 1658 emit-

2547 263 2622 285 ·Vide
2630 260 2692 292 resp.
2699 264 2726 286 ad
2737 271 2756 292 5.

2571 1145 2609 1167 Aa
2617 1145 2691 1172 Rom„
2706 1151 2757 1173 enp-

2550 1629 2558 1637 ·
2572 1627 2640 1651 Vm·
2653 1633 2684 1650 u.

1461 1673 1620 1719 tebatur‚
1641 1679 1766 1720 potest
1783 1672 1986 1719 significari
1998 1673 2062 1709 vel
2079 1672 2165 1721 ipsa
2181 1672 2361 1710 divinitas
2370 1672 2522 1722 Christi,
2572 1711 2579 1718 ,

1462 1725 1614 1774 quaein
1629 1724 1873 1762 solitudinem
1889 1725 1989 1772 abiit,
2003 1725 2160 1766 homine
2176 1725 2328 1762 Christo
2344 1725 2524 1774 patienta}

1462 1790 1541 1816 non
1556 1778 1710 1826 quidem
1724 1779 1851 1815 locum
1867 1785 2031 1825 mutans,
2046 1778 2115 1815 sed
2126 1778 2309 1816 virtutem
2323 1778 2523 1817 cohibente

1461 1832 1524 1868 vel
1552 1831 1784 1879 significatur
1803 1831 2109 1879 concupiscentia
2135 1832 2249 1878 mala,
2268 1843 2386 1880 quam
2409 1831 2523 1869 debu

1462 1896 1548 1923 mus
1566 1897 1590 1920 a
1608 1884 1718 1922 nobis
1737 1883 1912 1931 abiicere,
1931 1884 2123 1921 virtuosos
2143 1892 2286 1921 autem
2294 1893 2436 1922 ωοωε
2443 1885 2523 1922 Βω

1463 1937 1568 1975 mino
1596 1937 1807 1974 immolare.

1515 1991 1574 2028 De
1603 1989 1842 2027 immunditia
1859 2002 1954 2029 vero
1984 2002 2118 2027 eorum
2142 1990 2207 2039 qui
2224 1990 2448 2028 huiusmodi
2462 2002 2525 2029 κα

1463 2043 1602 2081 crificia
1639 2043 1936 2090 comburebant,
1965 2043 2103 2083 eadem
2132 2043 2226 2081 ratio
2258 2051 2316 2080 est
2350 2048 2450 2092 qnae
2479 2043 2530 2082 ἰἰ·

1463 2096 1648 2134 sacrificio
1676 2095 1815 2133 vitulae
1841 2097 1946 2132 rufae
1971 2096 2070 2134 dicta
2098 2104 2154 2133 est
2171 2096 2204 2134 ⁸.

1514 2150 1574 2186 An
1593 2160 1773 2187 SEPTIMUM
1792 2161 1975 2186 mensuum
2004 2149 2108 2197 quod
2131 2161 2202 2198 per
2224 2149 2339 2187 ritum
2362 2148 2454 2197 legis
2470 2112 2527 2194 Ιαῇ

1461 2214 1598 2250 prosus
1630 2214 1707 2239 non
1744 2202 2022 2239 emundabatur
2047 2215 2070 2239 a
2098 2203 2248 2239 macula
2279 2203 2428 2251 leprae,
2456 2201 2529 2241 sed

1464 2255 1691 2293 emundatus
1720 2256 2001 2292 ostendebatur.
2021 2256 2072 2292 Et
2089 2256 2165 2292 hoc
2183 2255 2417 2304 significatur
2432 2255 2524 2294 Lm.

1462 2319 1535 2355 xw,
1563 2320 1652 2345 cum
1682 2308 1816 2345 dicitur
1832 2308 1852 2330 '³‘
1881 2308 1929 2345 de
1957 2308 2176 2346 sacerdote:
2211 2309 2329 2346 Cum
2340 2307 2562 2346 inmonit·

2499 2110 2524 2133 ας
2551 2098 2753 2127 fluxo-0215·

2576 2314 2644 2337 Vero.
2655 2318 2672 2343 3
2686 2319 2722 2342 η.

1462 2361 1606 2409 lepram
1635 2373 1712 2398 esse
1738 2362 1992 2407 emundatam,
2016 2361 2224 2410 praecipiet
2247 2362 2285 2398 ei
2309 2363 2375 2409 qui
2390 2361 2525 2409 pus-fi*
2556 2360 2570 2366 x

1463 2420 1581 2452 catur.
1615 2416 1695 2451 Iam
1725 2426 1814 2462 ergo
1843 2415 1948 2473 lepra
1972 2415 2161 2452 mundata
2192 2422 2290 2451 erat·
2325 2414 2392 2451 sed
2423 2413 2526 2462 pmi-

1463 2467 1568 2506 ficari
1597 2467 1792 2505 dicebatur
1818 2473 1852 2514 ²²,
1885 2467 2112 2516 inquantum
2144 2467 2286 2504 iudicio
2318 2466 2525 2505 sacerdotis

1464 2520 1727 2558 restituebatur
1755 2520 1948 2557 consortio
1971 2521 2173 2559 hominum
2192 2528 2231 2557 et
2246 2519 2361 2557 cultui
2378 2519 2524 2558 Arvina.

1465 2573 1719 2620 Contingebat
1746 2580 1876 2611 tamen
1903 2573 2136 2623 quandoque
2175 2582 2218 2610 ut
2247 2573 2379 2610 divino
2412 2572 2526 2610 mim

1465 2627 1550 2664 culo
1579 2639 1647 2675 per
1670 2627 1783 2664 ritum
1811 2626 1903 2674 legis
1923 2626 2131 2675 corporalis
2149 2626 2396 2664 mundaretur
2410 2626 2526 2695 iepra3

1465 2680 1620 2727 quando
1650 2680 1829 2717 sacerdos
1858 2679 2116 2728 decipiebatur
2143 2679 2181 2716 in
2209 2678 2431 2716 iudicio..
2456 2704 2457 2709 ,

1520 2732 1754 2770 Huiusmodi
1781 2740 1912 2770 autem
1934 2732 2167 2781 purificatio
2172 2732 2313 2781 leprosi
2331 2731 2529 2780 dupliciter

1466 2786 1598 2823 fiebat:
1625 2798 1715 2822 nam
1740 2785 1877 2833 primo,
1897 2785 2136 2823 indicabatur
2155 2797 2241 2822 esse
2257 2785 2446 2831 mundus,
2472 2795 2528 2821 se·

1468 2838 1594 2876 cundo
1614 2846 1755 2885 autem,
1771 2839 2038 2878 restituebatur
2050 2847 2235 2887 tanquam
2254 2837 2424 2875 mundus
2438 2849 2529 2875 eun*

1467 2891 1583 2929 sortio
1620 2891 1823 2928 hominum
1861 2899 1898 2928 et
1931 2892 2045 2929 cultui
2077 2892 2236 2939 divino,
2267 2891 2530 2940 scilicet-post

1467 2952 1614 2993 septem
1643 2944 1735 2982 dies.
1765 2946 1808 2981 In
1835 2945 1959 2993 prima
1987 2952 2115 2982 autem
2143 2943 2528 2993 purificationeznffe,

1468 2999 1575 3035 rebat
1596 3009 1667 3046 pro
1696 3010 1737 3034 se
1764 2998 1938 3046 leprosus
1957 2998 2202 3036 mundandus
2222 2998 2328 3036 *duos
2355 3007 2532 3046 ramesen}⁵

1467 3051 1601 3097 vivos,
1631 3057 1669 3087 et
1699 3050 1843 3098 lignum
1875 3051 2093 3098 cedrinum,
2124 3058 2162 3088 et
2186 3051 2530 3096 vermiumm;rzn

1469 3104 1698 3152 hyssopum;
1726 3104 1802 3140 hoc
1829 3104 1948 3141 modo
1967 3112 2011 3140 ut
2027 3105 2093 3141 filo
2118 3104 2298 3141 coccineo
2325 3103 2529 3151 ligaremur

1470 3169 1600 3206 passer
1620 3164 1656 3194 et
1674 3157 1865 3205 hyssopus
1888 3157 1999 3194 simul
2028 3169 2118 3194 cum
2144 3157 2246 3205 ligno
2275 3154 2528 3202 car-inme&

1470 3210 1609 3247 scilicet
1627 3210 1732 3258 quod
1755 3210 1898 3258 lignum
1924 3210 2121 3248 cedrinum
2151 3218 2250 3247 esset
2267 3209 2375 3258 quasi
2392 3218 2527 3246 manu-

1524 3315 1564 3349 ζζ)
1583 3316 1818 3347 consumptionem.
1836 3328 1856 3336 σ-
1873 3315 2128 3340 consummationem
2142 3315 2211 3340 Pa
2257 3326 2271 3330 ⁴

1524 3351 1567 3382 ηη)
1587 3351 1814 3376 cambus-‚crentur
1832 3365 1851 3370 -
1869 3351 2069 3375 combureretur
2086 3349 2311 3375 ABCDEFGIKL.

1524 3384 1562 3418 00)
1583 3386 1703 3411 desertis.
1721 3400 1740 3405 -
1759 3386 1863 3411 deserto
1883 3387 1914 3415 H.
1935 3386 2067 3411 desertum
2086 3385 2174 3410 ceteri.

1525 3422 1551 3453 ιι)
1572 3422 1719 3447 dicebatur.
1736 3434 1756 3442 -
1774 3421 1850 3446 debet
1867 3421 1900 3451 H,
1919 3421 2020 3446 dIct'rur
2036 3421 2113 3445 oeta-i
2130 3425 2156 3445 et
2174 3427 2200 3445 a.

2644 2469 2662 2486 ss
