<?xml version="1.0" encoding="UTF-8"?>
<!DOCTYPE html PUBLIC "-//W3C//DTD XHTML 1.0 Transitional//EN"
    "http://www.w3.org/TR/xhtml1/DTD/xhtml1-transitional.dtd">
<html xmlns="http://www.w3.org/1999/xhtml" xml:lang="en" lang="en">
 <head>
  <title>
</title>
<meta http-equiv="Content-Type" content="text/html;charset=utf-8" />
  <meta name='ocr-system' content='tesseract 3.04.00' />
  <meta name='ocr-capabilities' content='ocr_page ocr_carea ocr_par ocr_line ocrx_word'/>
</head>
<body>
  <div class='ocr_page' id='page_1' title='image "./operaomniaiussui07thom_0367.png"; bbox 0 0 2840 4010; ppageno 0'>
   <div class='ocr_carea' id='block_1_1' title="bbox 299 1494 540 1521">
    <p class='ocr_par' dir='ltr' id='par_1_1' title="bbox 299 1494 540 1521">
     <span class='ocr_line' id='line_1_1' title="bbox 299 1494 540 1521; baseline -0.029 0"><span class='ocrx_word' id='word_1_1' title='bbox 299 1518 302 1521; x_wconf 91' lang='lat'>.</span> <span class='ocrx_word' id='word_1_2' title='bbox 351 1494 516 1517; x_wconf 60' lang='lat' dir='ltr'>narremus</span> <span class='ocrx_word' id='word_1_3' title='bbox 528 1494 540 1514; x_wconf 88' lang='lat'>1</span> 
     </span>
    </p>
   </div>
   <div class='ocr_carea' id='block_1_2' title="bbox 342 221 1226 258">
    <p class='ocr_par' dir='ltr' id='par_1_2' title="bbox 342 221 1226 258">
     <span class='ocr_line' id='line_1_2' title="bbox 342 221 1226 258; baseline -0.006 -4"><span class='ocrx_word' id='word_1_4' title='bbox 342 231 506 254; x_wconf 63' lang='lat' dir='ltr'>numus</span> <span class='ocrx_word' id='word_1_5' title='bbox 526 230 548 250; x_wconf 86' lang='lat'>11</span> <span class='ocrx_word' id='word_1_6' title='bbox 596 222 698 250; x_wconf 87' lang='lat' dir='ltr'>Utrum</span> <span class='ocrx_word' id='word_1_7' title='bbox 730 227 879 258; x_wconf 87' lang='lat' dir='ltr'>peccatum</span> <span class='ocrx_word' id='word_1_8' title='bbox 910 222 1031 250; x_wconf 86' lang='lat' dir='ltr'>mortale</span> <span class='ocrx_word' id='word_1_9' title='bbox 1060 228 1088 250; x_wconf 85' lang='lat' dir='ltr'>et</span> <span class='ocrx_word' id='word_1_10' title='bbox 1114 221 1226 250; x_wconf 87' lang='lat' dir='ltr'>veniale</span> 
     </span>
    </p>
   </div>
   <div class='ocr_carea' id='block_1_3' title="bbox 621 261 1324 298">
    <p class='ocr_par' dir='ltr' id='par_1_3' title="bbox 621 261 1324 298">
     <span class='ocr_line' id='line_1_3' title="bbox 621 261 1324 298; baseline 0 -10"><span class='ocrx_word' id='word_1_11' title='bbox 621 261 755 289; x_wconf 87' lang='lat' dir='ltr'>differant</span> <span class='ocrx_word' id='word_1_12' title='bbox 775 270 879 298; x_wconf 86' lang='lat' dir='ltr'>genere</span> <span class='ocrx_word' id='word_1_13' title='bbox 882 281 1223 290; x_wconf 89' lang='grc'><strong>............</strong></span> <span class='ocrx_word' id='word_1_14' title='bbox 1250 268 1324 298; x_wconf 84' lang='lat' dir='ltr'>pag.</span> 
     </span>
    </p>
   </div>
   <div class='ocr_carea' id='block_1_4' title="bbox 593 299 1228 607">
    <p class='ocr_par' dir='ltr' id='par_1_4' title="bbox 593 299 1228 607">
     <span class='ocr_line' id='line_1_4' title="bbox 595 299 1224 337; baseline -0.003 -8"><span class='ocrx_word' id='word_1_15' title='bbox 595 302 698 329; x_wconf 88' lang='lat' dir='ltr'>Utrum</span> <span class='ocrx_word' id='word_1_16' title='bbox 719 307 869 337; x_wconf 86' lang='lat' dir='ltr'>peccatum</span> <span class='ocrx_word' id='word_1_17' title='bbox 887 301 996 329; x_wconf 83' lang='lat' dir='ltr'>veniale</span> <span class='ocrx_word' id='word_1_18' title='bbox 1018 300 1053 328; x_wconf 90' lang='lat' dir='ltr'>sit</span> <span class='ocrx_word' id='word_1_19' title='bbox 1074 299 1224 337; x_wconf 82' lang='lat' dir='ltr'>dispositio</span> 
     </span>
     <span class='ocr_line' id='line_1_5' title="bbox 622 341 1225 369; baseline -0.002 -1"><span class='ocrx_word' id='word_1_20' title='bbox 622 341 660 369; x_wconf 88' lang='lat' dir='ltr'>ad</span> <span class='ocrx_word' id='word_1_21' title='bbox 681 341 803 368; x_wconf 87' lang='lat' dir='ltr'><strong>mortale</strong></span> <span class='ocrx_word' id='word_1_22' title='bbox 804 359 1225 369; x_wconf 89' lang='grc'><strong>...............</strong></span> 
     </span>
     <span class='ocr_line' id='line_1_6' title="bbox 593 378 1227 416; baseline -0.003 -8"><span class='ocrx_word' id='word_1_23' title='bbox 593 381 696 408; x_wconf 87' lang='lat' dir='ltr'>Utrum</span> <span class='ocrx_word' id='word_1_24' title='bbox 727 387 876 416; x_wconf 87' lang='lat' dir='ltr'>peccatum</span> <span class='ocrx_word' id='word_1_25' title='bbox 903 380 1013 409; x_wconf 83' lang='lat' dir='ltr'>veniale</span> <span class='ocrx_word' id='word_1_26' title='bbox 1043 379 1135 416; x_wconf 84' lang='lat' dir='ltr'><strong>possit</strong></span> <span class='ocrx_word' id='word_1_27' title='bbox 1166 378 1227 406; x_wconf 89' lang='lat' dir='ltr'>fieri</span> 
     </span>
     <span class='ocr_line' id='line_1_7' title="bbox 623 420 1226 448; baseline -0.005 0"><span class='ocrx_word' id='word_1_28' title='bbox 623 420 746 448; x_wconf 82' lang='lat' dir='ltr'>mortale</span> <span class='ocrx_word' id='word_1_29' title='bbox 748 439 1226 448; x_wconf 86' lang='grc'><strong>.................</strong></span> 
     </span>
     <span class='ocr_line' id='line_1_8' title="bbox 593 458 1228 495; baseline -0.005 -7"><span class='ocrx_word' id='word_1_30' title='bbox 593 460 696 489; x_wconf 86' lang='lat' dir='ltr'>Utrum</span> <span class='ocrx_word' id='word_1_31' title='bbox 723 459 936 488; x_wconf 77' lang='lat' dir='ltr'>circumstantia</span> <span class='ocrx_word' id='word_1_32' title='bbox 962 458 1054 495; x_wconf 84' lang='lat' dir='ltr'>possit</span> <span class='ocrx_word' id='word_1_33' title='bbox 1079 458 1172 486; x_wconf 86' lang='lat' dir='ltr'>facere</span> <span class='ocrx_word' id='word_1_34' title='bbox 1192 458 1228 485; x_wconf 93' lang='lat' dir='ltr'>de</span> 
     </span>
     <span class='ocr_line' id='line_1_9' title="bbox 623 498 1226 527; baseline -0.005 0"><span class='ocrx_word' id='word_1_35' title='bbox 623 498 727 527; x_wconf 90' lang='lat' dir='ltr'>veniali</span> <span class='ocrx_word' id='word_1_36' title='bbox 755 499 876 527; x_wconf 84' lang='lat' dir='ltr'>mortale</span> <span class='ocrx_word' id='word_1_37' title='bbox 888 518 1226 527; x_wconf 91' lang='grc'><strong>............</strong></span> 
     </span>
     <span class='ocr_line' id='line_1_10' title="bbox 593 535 1228 575; baseline -0.005 -8"><span class='ocrx_word' id='word_1_38' title='bbox 593 539 696 567; x_wconf 88' lang='lat' dir='ltr'>Utrum</span> <span class='ocrx_word' id='word_1_39' title='bbox 726 545 876 575; x_wconf 89' lang='lat' dir='ltr'>peccatum</span> <span class='ocrx_word' id='word_1_40' title='bbox 906 538 1028 566; x_wconf 84' lang='lat' dir='ltr'>mortale</span> <span class='ocrx_word' id='word_1_41' title='bbox 1055 536 1146 574; x_wconf 87' lang='lat' dir='ltr'>possit</span> <span class='ocrx_word' id='word_1_42' title='bbox 1166 535 1228 565; x_wconf 87' lang='lat' dir='ltr'>fieri</span> 
     </span>
     <span class='ocr_line' id='line_1_11' title="bbox 625 578 1227 607; baseline -0.007 0"><span class='ocrx_word' id='word_1_43' title='bbox 625 578 736 607; x_wconf 87' lang='lat' dir='ltr'>veniale</span> <span class='ocrx_word' id='word_1_44' title='bbox 739 597 1227 607; x_wconf 88' lang='grc'><strong>.................</strong></span> 
     </span>
    </p>
   </div>
   <div class='ocr_carea' id='block_1_5' title="bbox 553 651 1202 761">
    <p class='ocr_par' dir='ltr' id='par_1_5' title="bbox 553 651 1202 761">
     <span class='ocr_line' id='line_1_12' title="bbox 594 651 1167 691; baseline -0.01 -6"><span class='ocrx_word' id='word_1_45' title='bbox 594 653 786 691; x_wconf 85' lang='lat' dir='ltr'>QUAESTIO</span> <span class='ocrx_word' id='word_1_46' title='bbox 809 651 1167 682; x_wconf 84' lang='lat' dir='ltr'><strong>OCTOGESIMANONA</strong></span> 
     </span>
     <span class='ocr_line' id='line_1_13' title="bbox 553 721 1202 761; baseline -0.008 -6"><span class='ocrx_word' id='word_1_47' title='bbox 553 725 604 754; x_wconf 86' lang='lat' dir='ltr'>De</span> <span class='ocrx_word' id='word_1_48' title='bbox 623 724 768 761; x_wconf 81' lang='lat' dir='ltr'>peccato</span> <span class='ocrx_word' id='word_1_49' title='bbox 789 722 915 751; x_wconf 85' lang='lat' dir='ltr'>veniali</span> <span class='ocrx_word' id='word_1_50' title='bbox 945 721 1130 751; x_wconf 81' lang='lat' dir='ltr'>seeundum</span> <span class='ocrx_word' id='word_1_51' title='bbox 1151 728 1202 750; x_wconf 84' lang='lat' dir='ltr'>se.</span> 
     </span>
    </p>
   </div>
   <div class='ocr_carea' id='block_1_6' title="bbox 347 793 1231 952">
    <p class='ocr_par' dir='ltr' id='par_1_6' title="bbox 347 793 1230 864">
     <span class='ocr_line' id='line_1_14' title="bbox 347 793 1230 830; baseline -0.008 -2"><span class='ocrx_word' id='word_1_52' title='bbox 347 805 511 828; x_wconf 75' lang='lat' dir='ltr'>ARTICULUS</span> <span class='ocrx_word' id='word_1_53' title='bbox 524 805 536 825; x_wconf 93' lang='lat'>1</span> <span class='ocrx_word' id='word_1_54' title='bbox 595 797 699 824; x_wconf 82' lang='lat' dir='ltr'>Utrum</span> <span class='ocrx_word' id='word_1_55' title='bbox 718 800 870 830; x_wconf 84' lang='lat' dir='ltr'>peecatum</span> <span class='ocrx_word' id='word_1_56' title='bbox 890 793 999 822; x_wconf 86' lang='lat' dir='ltr'>veniale</span> <span class='ocrx_word' id='word_1_57' title='bbox 1015 800 1112 822; x_wconf 87' lang='lat' dir='ltr'>causet</span> <span class='ocrx_word' id='word_1_58' title='bbox 1132 802 1230 821; x_wconf 89' lang='lat' dir='ltr'>macu-</span> 
     </span>
     <span class='ocr_line' id='line_1_15' title="bbox 625 834 1227 864; baseline -0.003 -1"><span class='ocrx_word' id='word_1_59' title='bbox 625 835 684 863; x_wconf 87' lang='lat' dir='ltr'>lam</span> <span class='ocrx_word' id='word_1_60' title='bbox 705 834 735 862; x_wconf 90' lang='lat' dir='ltr'>in</span> <span class='ocrx_word' id='word_1_61' title='bbox 755 834 853 863; x_wconf 86' lang='lat' dir='ltr'>anima</span> <span class='ocrx_word' id='word_1_62' title='bbox 855 853 1227 864; x_wconf 88' lang='grc'><strong>.............</strong></span> 
     </span>
    </p>

    <p class='ocr_par' dir='ltr' id='par_1_7' title="bbox 429 870 1231 952">
     <span class='ocr_line' id='line_1_16' title="bbox 429 870 1231 910; baseline -0.006 -5"><span class='ocrx_word' id='word_1_63' title='bbox 429 889 444 904; x_wconf 76' lang='grc'><strong>»</strong></span> <span class='ocrx_word' id='word_1_64' title='bbox 525 884 548 904; x_wconf 83' lang='grc'>11</span> <span class='ocrx_word' id='word_1_65' title='bbox 596 875 699 904; x_wconf 91' lang='lat' dir='ltr'>Utrum</span> <span class='ocrx_word' id='word_1_66' title='bbox 730 873 934 902; x_wconf 78' lang='lat' dir='ltr'>convenienter</span> <span class='ocrx_word' id='word_1_67' title='bbox 961 879 1079 910; x_wconf 86' lang='lat' dir='ltr'>peccata</span> <span class='ocrx_word' id='word_1_68' title='bbox 1109 870 1231 900; x_wconf 87' lang='lat' dir='ltr'>venialia</span> 
     </span>
     <span class='ocr_line' id='line_1_17' title="bbox 626 912 1231 952; baseline -0.003 -11"><span class='ocrx_word' id='word_1_69' title='bbox 626 923 679 950; x_wconf 88' lang='lat' dir='ltr'>per</span> <span class='ocrx_word' id='word_1_70' title='bbox 693 914 815 952; x_wconf 81' lang='lat' dir='ltr'>lignum,</span> <span class='ocrx_word' id='word_1_71' title='bbox 830 914 955 951; x_wconf 84' lang='lat' dir='ltr'>faenum</span> <span class='ocrx_word' id='word_1_72' title='bbox 977 919 1005 941; x_wconf 89' lang='lat' dir='ltr'>et</span> <span class='ocrx_word' id='word_1_73' title='bbox 1025 912 1160 950; x_wconf 82' lang='lat' dir='ltr'>stipulam</span> <span class='ocrx_word' id='word_1_74' title='bbox 1181 912 1231 939; x_wconf 89' lang='lat' dir='ltr'>de-</span> 
     </span>
    </p>
   </div>
   <div class='ocr_carea' id='block_1_7' title="bbox 430 959 1233 1187">
    <p class='ocr_par' dir='ltr' id='par_1_8' title="bbox 430 959 1233 1187">
     <span class='ocr_line' id='line_1_18' title="bbox 627 959 1230 990; baseline -0.003 -9"><span class='ocrx_word' id='word_1_75' title='bbox 627 959 775 990; x_wconf 76' lang='lat' dir='ltr'>signentur</span> <span class='ocrx_word' id='word_1_76' title='bbox 776 972 1230 981; x_wconf 89' lang='grc'>................</span> 
     </span>
     <span class='ocr_line' id='line_1_19' title="bbox 430 991 1230 1028; baseline -0.003 -6"><span class='ocrx_word' id='word_1_77' title='bbox 430 1007 446 1022; x_wconf 80' lang='lat'><strong>»</strong></span> <span class='ocrx_word' id='word_1_78' title='bbox 527 1003 560 1024; x_wconf 86' lang='lat'>111</span> <span class='ocrx_word' id='word_1_79' title='bbox 598 995 701 1022; x_wconf 88' lang='lat' dir='ltr'>Utrum</span> <span class='ocrx_word' id='word_1_80' title='bbox 722 994 813 1021; x_wconf 86' lang='lat' dir='ltr'>homo</span> <span class='ocrx_word' id='word_1_81' title='bbox 835 992 866 1020; x_wconf 91' lang='lat' dir='ltr'>in</span> <span class='ocrx_word' id='word_1_82' title='bbox 886 999 962 1021; x_wconf 81' lang='lat' dir='ltr'>statu</span> <span class='ocrx_word' id='word_1_83' title='bbox 975 991 1157 1020; x_wconf 71' lang='lat' dir='ltr'>innocentiae</span> <span class='ocrx_word' id='word_1_84' title='bbox 1177 999 1230 1028; x_wconf 84' lang='lat' dir='ltr'>po·</span> 
     </span>
     <span class='ocr_line' id='line_1_20' title="bbox 628 1032 1231 1069; baseline -0.005 -8"><span class='ocrx_word' id='word_1_85' title='bbox 628 1033 714 1062; x_wconf 88' lang='lat' dir='ltr'>tuerit</span> <span class='ocrx_word' id='word_1_86' title='bbox 743 1041 861 1069; x_wconf 84' lang='lat' dir='ltr'>peccare</span> <span class='ocrx_word' id='word_1_87' title='bbox 891 1032 1039 1060; x_wconf 84' lang='lat' dir='ltr'>venialiter</span> <span class='ocrx_word' id='word_1_88' title='bbox 1042 1051 1231 1060; x_wconf 85' lang='grc'><em>.......</em></span> 
     </span>
     <span class='ocr_line' id='line_1_21' title="bbox 432 1068 1233 1110; baseline -0.004 -9"><span class='ocrx_word' id='word_1_89' title='bbox 432 1086 448 1101; x_wconf 64' lang='grc' dir='ltr'><strong>ι</strong></span> <span class='ocrx_word' id='word_1_90' title='bbox 529 1082 560 1103; x_wconf 75' lang='lat' dir='ltr'>tv</span> <span class='ocrx_word' id='word_1_91' title='bbox 599 1074 702 1102; x_wconf 89' lang='lat' dir='ltr'>Utrum</span> <span class='ocrx_word' id='word_1_92' title='bbox 717 1072 835 1110; x_wconf 87' lang='lat' dir='ltr'>angelus</span> <span class='ocrx_word' id='word_1_93' title='bbox 855 1073 950 1100; x_wconf 90' lang='lat' dir='ltr'>bonus</span> <span class='ocrx_word' id='word_1_94' title='bbox 970 1072 1015 1100; x_wconf 89' lang='lat' dir='ltr'>vel</span> <span class='ocrx_word' id='word_1_95' title='bbox 1029 1071 1122 1100; x_wconf 80' lang='lat' dir='ltr'>malus</span> <span class='ocrx_word' id='word_1_96' title='bbox 1141 1068 1233 1107; x_wconf 82' lang='lat' dir='ltr'>possit</span> 
     </span>
     <span class='ocr_line' id='line_1_22' title="bbox 629 1111 1230 1149; baseline -0.007 -8"><span class='ocrx_word' id='word_1_97' title='bbox 629 1121 748 1149; x_wconf 86' lang='lat' dir='ltr'>peccare</span> <span class='ocrx_word' id='word_1_98' title='bbox 773 1111 923 1140; x_wconf 87' lang='lat' dir='ltr'>venialiter</span> <span class='ocrx_word' id='word_1_99' title='bbox 924 1130 1230 1140; x_wconf 88' lang='grc'><strong>...........</strong></span> 
     </span>
     <span class='ocr_line' id='line_1_23' title="bbox 433 1148 1233 1187; baseline -0.006 -6"><span class='ocrx_word' id='word_1_100' title='bbox 433 1165 449 1180; x_wconf 71' lang='grc'><strong>»</strong></span> <span class='ocrx_word' id='word_1_101' title='bbox 530 1162 550 1181; x_wconf 91' lang='lat' dir='ltr'>v</span> <span class='ocrx_word' id='word_1_102' title='bbox 599 1154 702 1181; x_wconf 85' lang='lat' dir='ltr'>Utrum</span> <span class='ocrx_word' id='word_1_103' title='bbox 733 1151 819 1187; x_wconf 85' lang='lat' dir='ltr'>primi</span> <span class='ocrx_word' id='word_1_104' title='bbox 855 1158 952 1180; x_wconf 84' lang='lat' dir='ltr'>motus</span> <span class='ocrx_word' id='word_1_105' title='bbox 981 1149 1172 1179; x_wconf 78' lang='lat' dir='ltr'>sensualitatis</span> <span class='ocrx_word' id='word_1_106' title='bbox 1203 1148 1233 1176; x_wconf 90' lang='lat' dir='ltr'>in</span> 
     </span>
    </p>
   </div>
   <div class='ocr_carea' id='block_1_8' title="bbox 598 1189 1233 1309">
    <p class='ocr_par' dir='ltr' id='par_1_9' title="bbox 598 1189 1233 1309">
     <span class='ocr_line' id='line_1_24' title="bbox 629 1189 1230 1228; baseline -0.007 -8"><span class='ocrx_word' id='word_1_107' title='bbox 629 1191 794 1220; x_wconf 83' lang='lat' dir='ltr'>infidelibus</span> <span class='ocrx_word' id='word_1_108' title='bbox 814 1191 871 1219; x_wconf 90' lang='lat' dir='ltr'>sint</span> <span class='ocrx_word' id='word_1_109' title='bbox 891 1197 1008 1228; x_wconf 88' lang='lat' dir='ltr'>peccata</span> <span class='ocrx_word' id='word_1_110' title='bbox 1028 1189 1199 1218; x_wconf 85' lang='lat' dir='ltr'>mortalia..</span> <span class='ocrx_word' id='word_1_111' title='bbox 1222 1209 1230 1215; x_wconf 85' lang='lat'>.</span> 
     </span>
     <span class='ocr_line' id='line_1_25' title="bbox 598 1227 1233 1268; baseline -0.008 -7"><span class='ocrx_word' id='word_1_112' title='bbox 598 1233 702 1261; x_wconf 88' lang='lat' dir='ltr'>Utrum</span> <span class='ocrx_word' id='word_1_113' title='bbox 716 1237 866 1268; x_wconf 77' lang='lat' dir='ltr'>peccatum</span> <span class='ocrx_word' id='word_1_114' title='bbox 886 1230 996 1259; x_wconf 88' lang='lat' dir='ltr'>veniale</span> <span class='ocrx_word' id='word_1_115' title='bbox 1009 1229 1101 1266; x_wconf 79' lang='lat' dir='ltr'>possit</span> <span class='ocrx_word' id='word_1_116' title='bbox 1120 1237 1183 1257; x_wconf 84' lang='lat' dir='ltr'>esse</span> <span class='ocrx_word' id='word_1_117' title='bbox 1202 1227 1233 1256; x_wconf 89' lang='lat' dir='ltr'>in</span> 
     </span>
     <span class='ocr_line' id='line_1_26' title="bbox 629 1270 1232 1309; baseline -0.008 -7"><span class='ocrx_word' id='word_1_118' title='bbox 629 1271 728 1309; x_wconf 84' lang='lat' dir='ltr'>aliquo</span> <span class='ocrx_word' id='word_1_119' title='bbox 743 1280 810 1300; x_wconf 84' lang='lat' dir='ltr'>cum</span> <span class='ocrx_word' id='word_1_120' title='bbox 831 1271 896 1299; x_wconf 92' lang='lat' dir='ltr'>solo</span> <span class='ocrx_word' id='word_1_121' title='bbox 911 1270 1041 1307; x_wconf 82' lang='lat' dir='ltr'>originali</span> <span class='ocrx_word' id='word_1_122' title='bbox 1044 1289 1232 1298; x_wconf 81' lang='lat'><strong>.......</strong></span> 
     </span>
    </p>
   </div>
   <div class='ocr_carea' id='block_1_9' title="bbox 650 1331 1114 1447">
    <p class='ocr_par' dir='ltr' id='par_1_10' title="bbox 650 1331 1114 1447">
     <span class='ocr_line' id='line_1_27' title="bbox 650 1331 1114 1380; baseline -0.004 -5"><span class='ocrx_word' id='word_1_123' title='bbox 650 1345 842 1380; x_wconf 85' lang='lat' dir='ltr'>QUAESTIO</span> <span class='ocrx_word' id='word_1_124' title='bbox 864 1331 1114 1373; x_wconf 79' lang='lat' dir='ltr'><strong>NONAGESIMA</strong></span> 
     </span>
     <span class='ocr_line' id='line_1_28' title="bbox 699 1411 1043 1447; baseline -0.003 -6"><span class='ocrx_word' id='word_1_125' title='bbox 699 1412 750 1441; x_wconf 88' lang='lat' dir='ltr'>De</span> <span class='ocrx_word' id='word_1_126' title='bbox 771 1412 927 1441; x_wconf 83' lang='lat' dir='ltr'>essentia</span> <span class='ocrx_word' id='word_1_127' title='bbox 946 1411 1043 1447; x_wconf 81' lang='lat' dir='ltr'>legis.</span> 
     </span>
    </p>
   </div>
   <div class='ocr_carea' id='block_1_10' title="bbox 432 1241 560 1262">
    <p class='ocr_par' dir='ltr' id='par_1_11' title="bbox 432 1241 560 1262">
     <span class='ocr_line' id='line_1_29' title="bbox 432 1241 560 1262; baseline 0 0"><span class='ocrx_word' id='word_1_128' title='bbox 432 1245 448 1260; x_wconf 73' lang='lat'><strong>»</strong></span> <span class='ocrx_word' id='word_1_129' title='bbox 529 1241 560 1262; x_wconf 69' lang='lat' dir='ltr'>Vt</span> 
     </span>
    </p>
   </div>
   <div class='ocr_carea' id='block_1_11' title="bbox 599 1483 1235 1593">
    <p class='ocr_par' dir='ltr' id='par_1_12' title="bbox 599 1483 1235 1593">
     <span class='ocr_line' id='line_1_30' title="bbox 599 1483 1232 1521; baseline -0.003 -7"><span class='ocrx_word' id='word_1_130' title='bbox 599 1486 703 1514; x_wconf 87' lang='lat' dir='ltr'>Utrum</span> <span class='ocrx_word' id='word_1_131' title='bbox 725 1485 769 1512; x_wconf 89' lang='lat' dir='ltr'>lex</span> <span class='ocrx_word' id='word_1_132' title='bbox 790 1484 826 1512; x_wconf 90' lang='lat' dir='ltr'>sit</span> <span class='ocrx_word' id='word_1_133' title='bbox 846 1483 955 1521; x_wconf 89' lang='lat' dir='ltr'>aliquid</span> <span class='ocrx_word' id='word_1_134' title='bbox 982 1483 1102 1512; x_wconf 88' lang='lat' dir='ltr'>rationis</span> <span class='ocrx_word' id='word_1_135' title='bbox 1105 1505 1232 1512; x_wconf 91' lang='lat'>.....</span> 
     </span>
     <span class='ocr_line' id='line_1_31' title="bbox 601 1523 1235 1560; baseline -0.003 -7"><span class='ocrx_word' id='word_1_136' title='bbox 601 1526 705 1553; x_wconf 89' lang='lat' dir='ltr'>Utrum</span> <span class='ocrx_word' id='word_1_137' title='bbox 720 1524 764 1552; x_wconf 84' lang='lat' dir='ltr'>lex</span> <span class='ocrx_word' id='word_1_138' title='bbox 778 1523 928 1552; x_wconf 87' lang='lat' dir='ltr'>ordinetur</span> <span class='ocrx_word' id='word_1_139' title='bbox 942 1533 1056 1560; x_wconf 87' lang='lat' dir='ltr'>semper</span> <span class='ocrx_word' id='word_1_140' title='bbox 1072 1524 1108 1552; x_wconf 89' lang='lat' dir='ltr'>ad</span> <span class='ocrx_word' id='word_1_141' title='bbox 1122 1523 1235 1552; x_wconf 85' lang='lat' dir='ltr'>bonum</span> 
     </span>
     <span class='ocr_line' id='line_1_32' title="bbox 632 1573 1230 1593; baseline -0.005 0"><span class='ocrx_word' id='word_1_142' title='bbox 632 1573 788 1593; x_wconf 89' lang='lat' dir='ltr'>commune</span> <span class='ocrx_word' id='word_1_143' title='bbox 800 1584 1230 1592; x_wconf 85' lang='grc'>...............</span> 
     </span>
    </p>
   </div>
   <div class='ocr_carea' id='block_1_12' title="bbox 434 1533 553 1554">
    <p class='ocr_par' dir='ltr' id='par_1_13' title="bbox 434 1533 553 1554">
     <span class='ocr_line' id='line_1_33' title="bbox 434 1533 553 1554; baseline 0 0"><span class='ocrx_word' id='word_1_144' title='bbox 434 1538 449 1554; x_wconf 75' lang='grc'><strong>»</strong></span> <span class='ocrx_word' id='word_1_145' title='bbox 530 1533 553 1554; x_wconf 85' lang='lat'>11</span> 
     </span>
    </p>
   </div>
   <div class='ocr_carea' id='block_1_13' title="bbox 435 1602 1236 1680">
    <p class='ocr_par' dir='ltr' id='par_1_14' title="bbox 435 1602 1236 1680">
     <span class='ocr_line' id='line_1_34' title="bbox 435 1602 1234 1640; baseline -0.004 -7"><span class='ocrx_word' id='word_1_146' title='bbox 435 1618 450 1633; x_wconf 81' lang='grc'><strong>»</strong></span> <span class='ocrx_word' id='word_1_147' title='bbox 531 1613 564 1633; x_wconf 88' lang='grc'>111</span> <span class='ocrx_word' id='word_1_148' title='bbox 602 1605 707 1632; x_wconf 88' lang='lat' dir='ltr'>Utrum</span> <span class='ocrx_word' id='word_1_149' title='bbox 727 1603 800 1632; x_wconf 88' lang='lat' dir='ltr'>ratio</span> <span class='ocrx_word' id='word_1_150' title='bbox 822 1603 972 1631; x_wconf 89' lang='lat' dir='ltr'>cuiuslibet</span> <span class='ocrx_word' id='word_1_151' title='bbox 985 1603 1021 1631; x_wconf 84' lang='lat' dir='ltr'>sit</span> <span class='ocrx_word' id='word_1_152' title='bbox 1041 1603 1143 1631; x_wconf 83' lang='lat' dir='ltr'>factiva</span> <span class='ocrx_word' id='word_1_153' title='bbox 1155 1602 1234 1640; x_wconf 86' lang='lat' dir='ltr'>leg-is.</span> 
     </span>
     <span class='ocr_line' id='line_1_35' title="bbox 435 1641 1236 1680; baseline -0.001 -8"><span class='ocrx_word' id='word_1_154' title='bbox 435 1657 451 1672; x_wconf 73' lang='lat'>1»</span> <span class='ocrx_word' id='word_1_155' title='bbox 532 1653 563 1676; x_wconf 74' lang='lat' dir='ltr'>tv</span> <span class='ocrx_word' id='word_1_156' title='bbox 602 1645 706 1675; x_wconf 89' lang='lat' dir='ltr'>Utrum</span> <span class='ocrx_word' id='word_1_157' title='bbox 721 1643 917 1680; x_wconf 80' lang='lat' dir='ltr'>promulgatio</span> <span class='ocrx_word' id='word_1_158' title='bbox 931 1643 967 1672; x_wconf 88' lang='lat' dir='ltr'>sit</span> <span class='ocrx_word' id='word_1_159' title='bbox 980 1644 1017 1671; x_wconf 91' lang='lat' dir='ltr'>de</span> <span class='ocrx_word' id='word_1_160' title='bbox 1030 1643 1143 1672; x_wconf 79' lang='lat' dir='ltr'>ratione</span> <span class='ocrx_word' id='word_1_161' title='bbox 1155 1641 1236 1680; x_wconf 73' lang='lat' dir='ltr'>legia.</span> 
     </span>
    </p>
   </div>
   <div class='ocr_carea' id='block_1_14' title="bbox 595 1715 1177 1814">
    <p class='ocr_par' dir='ltr' id='par_1_15' title="bbox 595 1715 1177 1814">
     <span class='ocr_line' id='line_1_36' title="bbox 595 1715 1177 1752; baseline -0.005 -6"><span class='ocrx_word' id='word_1_162' title='bbox 595 1716 788 1752; x_wconf 85' lang='lat' dir='ltr'>QUAESTIO</span> <span class='ocrx_word' id='word_1_163' title='bbox 808 1715 1177 1744; x_wconf 82' lang='lat' dir='ltr'>NONAGESIMAPRIMA</span> 
     </span>
     <span class='ocr_line' id='line_1_37' title="bbox 659 1775 1083 1814; baseline -0.005 -7"><span class='ocrx_word' id='word_1_164' title='bbox 659 1778 710 1807; x_wconf 88' lang='lat' dir='ltr'>De</span> <span class='ocrx_word' id='word_1_165' title='bbox 731 1777 843 1814; x_wconf 81' lang='lat' dir='ltr'>legum</span> <span class='ocrx_word' id='word_1_166' title='bbox 869 1775 1083 1806; x_wconf 82' lang='lat' dir='ltr'>diversitate.</span> 
     </span>
    </p>
   </div>
   <div class='ocr_carea' id='block_1_15' title="bbox 339 1841 1235 1880">
    <p class='ocr_par' dir='ltr' id='par_1_16' title="bbox 339 1841 1235 1880">
     <span class='ocr_line' id='line_1_38' title="bbox 339 1841 1235 1880; baseline -0.003 -9"><span class='ocrx_word' id='word_1_167' title='bbox 339 1853 517 1880; x_wconf 59' lang='lat' dir='ltr'>‚uncums</span> <span class='ocrx_word' id='word_1_168' title='bbox 530 1853 543 1873; x_wconf 86' lang='lat'>1</span> <span class='ocrx_word' id='word_1_169' title='bbox 601 1844 705 1872; x_wconf 89' lang='lat' dir='ltr'>Utrum</span> <span class='ocrx_word' id='word_1_170' title='bbox 734 1842 771 1870; x_wconf 87' lang='lat' dir='ltr'>sit</span> <span class='ocrx_word' id='word_1_171' title='bbox 797 1841 894 1878; x_wconf 88' lang='lat' dir='ltr'>aliqua</span> <span class='ocrx_word' id='word_1_172' title='bbox 920 1841 965 1870; x_wconf 82' lang='lat' dir='ltr'>lex</span> <span class='ocrx_word' id='word_1_173' title='bbox 991 1847 1108 1869; x_wconf 88' lang='lat' dir='ltr'>aeterna</span> <span class='ocrx_word' id='word_1_174' title='bbox 1110 1862 1235 1869; x_wconf 91' lang='grc'><em>.....</em></span> 
     </span>
    </p>
   </div>
   <div class='ocr_carea' id='block_1_16' title="bbox 437 1881 1238 2157">
    <p class='ocr_par' dir='ltr' id='par_1_17' title="bbox 437 1881 1237 1918">
     <span class='ocr_line' id='line_1_39' title="bbox 437 1881 1237 1918; baseline -0.005 -5"><span class='ocrx_word' id='word_1_175' title='bbox 437 1897 453 1912; x_wconf 79' lang='lat'><strong>»</strong></span> <span class='ocrx_word' id='word_1_176' title='bbox 535 1893 557 1913; x_wconf 86' lang='grc'>11</span> <span class='ocrx_word' id='word_1_177' title='bbox 606 1884 708 1912; x_wconf 89' lang='lat' dir='ltr'>Utrum</span> <span class='ocrx_word' id='word_1_178' title='bbox 735 1882 771 1910; x_wconf 89' lang='lat' dir='ltr'>sit</span> <span class='ocrx_word' id='word_1_179' title='bbox 795 1881 825 1909; x_wconf 89' lang='lat' dir='ltr'>in</span> <span class='ocrx_word' id='word_1_180' title='bbox 850 1881 936 1910; x_wconf 91' lang='lat' dir='ltr'>nobis</span> <span class='ocrx_word' id='word_1_181' title='bbox 962 1881 1060 1918; x_wconf 89' lang='lat' dir='ltr'>aliqua</span> <span class='ocrx_word' id='word_1_182' title='bbox 1085 1881 1130 1909; x_wconf 87' lang='lat' dir='ltr'>lex</span> <span class='ocrx_word' id='word_1_183' title='bbox 1154 1886 1237 1909; x_wconf 86' lang='lat' dir='ltr'>natu-</span> 
     </span>
    </p>

    <p class='ocr_par' dir='ltr' id='par_1_18' title="bbox 438 1922 1237 2037">
     <span class='ocr_line' id='line_1_40' title="bbox 635 1922 1237 1951; baseline -0.005 0"><span class='ocrx_word' id='word_1_184' title='bbox 635 1922 703 1951; x_wconf 85' lang='lat' dir='ltr'>ralis</span> <span class='ocrx_word' id='word_1_185' title='bbox 718 1940 1237 1950; x_wconf 90' lang='grc'>..................</span> 
     </span>
     <span class='ocr_line' id='line_1_41' title="bbox 439 1961 1236 1998; baseline -0.005 -6"><span class='ocrx_word' id='word_1_186' title='bbox 439 1976 454 1992; x_wconf 72' lang='grc'>»</span> <span class='ocrx_word' id='word_1_187' title='bbox 536 1972 569 1992; x_wconf 85' lang='lat' dir='ltr'>m</span> <span class='ocrx_word' id='word_1_188' title='bbox 608 1963 711 1991; x_wconf 89' lang='lat' dir='ltr'>Utrum</span> <span class='ocrx_word' id='word_1_189' title='bbox 732 1961 769 1990; x_wconf 92' lang='lat' dir='ltr'>sit</span> <span class='ocrx_word' id='word_1_190' title='bbox 789 1961 886 1998; x_wconf 86' lang='lat' dir='ltr'>aliqua</span> <span class='ocrx_word' id='word_1_191' title='bbox 906 1961 950 1989; x_wconf 82' lang='lat' dir='ltr'>lex</span> <span class='ocrx_word' id='word_1_192' title='bbox 971 1961 1107 1988; x_wconf 88' lang='lat' dir='ltr'>humana.</span> <span class='ocrx_word' id='word_1_193' title='bbox 1140 1982 1147 1988; x_wconf 91' lang='lat'><strong>.</strong></span> <span class='ocrx_word' id='word_1_194' title='bbox 1170 1982 1176 1988; x_wconf 92' lang='lat'><em>.</em></span> <span class='ocrx_word' id='word_1_195' title='bbox 1199 1981 1206 1988; x_wconf 89' lang='lat'><strong><em>.</em></strong></span> <span class='ocrx_word' id='word_1_196' title='bbox 1229 1981 1236 1988; x_wconf 94' lang='lat'><strong>.</strong></span> 
     </span>
     <span class='ocr_line' id='line_1_42' title="bbox 438 1999 1237 2037; baseline -0.006 -5"><span class='ocrx_word' id='word_1_197' title='bbox 438 2016 454 2031; x_wconf 58' lang='lat' dir='ltr'>s</span> <span class='ocrx_word' id='word_1_198' title='bbox 534 2012 566 2032; x_wconf 78' lang='lat' dir='ltr'>tv</span> <span class='ocrx_word' id='word_1_199' title='bbox 605 2003 709 2031; x_wconf 87' lang='lat' dir='ltr'>Utrum</span> <span class='ocrx_word' id='word_1_200' title='bbox 723 2001 808 2030; x_wconf 85' lang='lat' dir='ltr'>fuerit</span> <span class='ocrx_word' id='word_1_201' title='bbox 827 2000 1019 2029; x_wconf 81' lang='lat' dir='ltr'>necessarium</span> <span class='ocrx_word' id='word_1_202' title='bbox 1035 2009 1097 2028; x_wconf 91' lang='lat' dir='ltr'>esse</span> <span class='ocrx_word' id='word_1_203' title='bbox 1111 1999 1237 2037; x_wconf 88' lang='lat' dir='ltr'>aliquam</span> 
     </span>
    </p>

    <p class='ocr_par' dir='ltr' id='par_1_19' title="bbox 439 2041 1238 2157">
     <span class='ocr_line' id='line_1_43' title="bbox 636 2041 1237 2079; baseline -0.005 -9"><span class='ocrx_word' id='word_1_204' title='bbox 636 2042 728 2079; x_wconf 85' lang='lat' dir='ltr'>legem</span> <span class='ocrx_word' id='word_1_205' title='bbox 746 2041 872 2069; x_wconf 91' lang='lat' dir='ltr'>divinam</span> <span class='ocrx_word' id='word_1_206' title='bbox 876 2061 1237 2071; x_wconf 87' lang='grc'><strong>.............</strong></span> 
     </span>
     <span class='ocr_line' id='line_1_44' title="bbox 439 2080 1238 2111; baseline -0.005 0"><span class='ocrx_word' id='word_1_207' title='bbox 439 2096 454 2111; x_wconf 76' lang='lat' dir='ltr'>x»</span> <span class='ocrx_word' id='word_1_208' title='bbox 536 2091 557 2111; x_wconf 88' lang='lat' dir='ltr'>v</span> <span class='ocrx_word' id='word_1_209' title='bbox 606 2083 709 2110; x_wconf 87' lang='lat' dir='ltr'>Utrum</span> <span class='ocrx_word' id='word_1_210' title='bbox 731 2081 776 2109; x_wconf 87' lang='lat' dir='ltr'>lex</span> <span class='ocrx_word' id='word_1_211' title='bbox 798 2080 894 2108; x_wconf 90' lang='lat' dir='ltr'>divina</span> <span class='ocrx_word' id='word_1_212' title='bbox 920 2080 956 2108; x_wconf 92' lang='lat' dir='ltr'>sit</span> <span class='ocrx_word' id='word_1_213' title='bbox 975 2089 1035 2108; x_wconf 91' lang='lat' dir='ltr'>una</span> <span class='ocrx_word' id='word_1_214' title='bbox 1055 2085 1178 2108; x_wconf 87' lang='lat' dir='ltr'>tantum.</span> <span class='ocrx_word' id='word_1_215' title='bbox 1202 2101 1208 2107; x_wconf 92' lang='lat'><em>.</em></span> <span class='ocrx_word' id='word_1_216' title='bbox 1231 2101 1238 2107; x_wconf 90' lang='lat'>.</span> 
     </span>
     <span class='ocr_line' id='line_1_45' title="bbox 440 2119 1238 2157; baseline -0.006 -6"><span class='ocrx_word' id='word_1_217' title='bbox 440 2135 455 2151; x_wconf 82' lang='lat'><strong>»</strong></span> <span class='ocrx_word' id='word_1_218' title='bbox 486 2136 489 2138; x_wconf 83' lang='lat'><em>-</em></span> <span class='ocrx_word' id='word_1_219' title='bbox 536 2131 568 2151; x_wconf 79' lang='lat' dir='ltr'>Vt</span> <span class='ocrx_word' id='word_1_220' title='bbox 606 2123 710 2150; x_wconf 85' lang='lat' dir='ltr'>Utrum</span> <span class='ocrx_word' id='word_1_221' title='bbox 732 2121 768 2149; x_wconf 88' lang='lat' dir='ltr'>sit</span> <span class='ocrx_word' id='word_1_222' title='bbox 789 2120 885 2157; x_wconf 90' lang='lat' dir='ltr'>aliqua</span> <span class='ocrx_word' id='word_1_223' title='bbox 905 2120 948 2148; x_wconf 84' lang='lat' dir='ltr'>lex</span> <span class='ocrx_word' id='word_1_224' title='bbox 969 2119 1076 2148; x_wconf 84' lang='lat' dir='ltr'>fomitis</span> <span class='ocrx_word' id='word_1_225' title='bbox 1079 2140 1238 2147; x_wconf 89' lang='grc'><strong>......</strong></span> 
     </span>
    </p>
   </div>
   <div class='ocr_carea' id='block_1_17' title="bbox 565 2192 1209 2292">
    <p class='ocr_par' dir='ltr' id='par_1_20' title="bbox 565 2192 1209 2292">
     <span class='ocr_line' id='line_1_46' title="bbox 565 2192 1209 2231; baseline -0.008 -7"><span class='ocrx_word' id='word_1_226' title='bbox 565 2194 759 2231; x_wconf 87' lang='lat' dir='ltr'>QUAESTIO</span> <span class='ocrx_word' id='word_1_227' title='bbox 780 2192 1209 2221; x_wconf 85' lang='lat' dir='ltr'>NONAGESIMASECUNDA</span> 
     </span>
     <span class='ocr_line' id='line_1_47' title="bbox 704 2255 1071 2292; baseline -0.008 -5"><span class='ocrx_word' id='word_1_228' title='bbox 704 2258 755 2287; x_wconf 89' lang='lat' dir='ltr'>De</span> <span class='ocrx_word' id='word_1_229' title='bbox 776 2257 954 2287; x_wconf 80' lang='lat' dir='ltr'>effectibus</span> <span class='ocrx_word' id='word_1_230' title='bbox 973 2255 1071 2292; x_wconf 86' lang='lat' dir='ltr'>legis.</span> 
     </span>
    </p>
   </div>
   <div class='ocr_carea' id='block_1_18' title="bbox 358 2320 1241 2480">
    <p class='ocr_par' dir='ltr' id='par_1_21' title="bbox 358 2320 1240 2391">
     <span class='ocr_line' id='line_1_48' title="bbox 358 2320 1240 2358; baseline -0.011 -1"><span class='ocrx_word' id='word_1_231' title='bbox 358 2334 521 2357; x_wconf 55' lang='lat' dir='ltr'>summus</span> <span class='ocrx_word' id='word_1_232' title='bbox 537 2334 549 2354; x_wconf 91' lang='lat'>1</span> <span class='ocrx_word' id='word_1_233' title='bbox 607 2324 710 2352; x_wconf 84' lang='lat' dir='ltr'>Utrum</span> <span class='ocrx_word' id='word_1_234' title='bbox 732 2322 850 2350; x_wconf 83' lang='lat' dir='ltr'>effectus</span> <span class='ocrx_word' id='word_1_235' title='bbox 877 2321 946 2358; x_wconf 84' lang='lat' dir='ltr'>legis</span> <span class='ocrx_word' id='word_1_236' title='bbox 967 2320 1004 2348; x_wconf 89' lang='lat' dir='ltr'>sit</span> <span class='ocrx_word' id='word_1_237' title='bbox 1027 2320 1120 2348; x_wconf 84' lang='lat' dir='ltr'>facere</span> <span class='ocrx_word' id='word_1_238' title='bbox 1144 2320 1240 2348; x_wconf 84' lang='lat' dir='ltr'>homi·</span> 
     </span>
     <span class='ocr_line' id='line_1_49' title="bbox 637 2363 1237 2391; baseline -0.005 0"><span class='ocrx_word' id='word_1_239' title='bbox 637 2373 689 2391; x_wconf 91' lang='lat' dir='ltr'>nes</span> <span class='ocrx_word' id='word_1_240' title='bbox 713 2363 809 2390; x_wconf 92' lang='lat' dir='ltr'>bonos</span> <span class='ocrx_word' id='word_1_241' title='bbox 812 2381 1237 2389; x_wconf 89' lang='grc'><strong>...............</strong></span> 
     </span>
    </p>

    <p class='ocr_par' dir='ltr' id='par_1_22' title="bbox 441 2399 1241 2480">
     <span class='ocr_line' id='line_1_50' title="bbox 441 2399 1241 2439; baseline -0.009 -5"><span class='ocrx_word' id='word_1_242' title='bbox 441 2418 456 2433; x_wconf 78' lang='lat'><strong>»</strong></span> <span class='ocrx_word' id='word_1_243' title='bbox 538 2413 561 2433; x_wconf 90' lang='lat'>11</span> <span class='ocrx_word' id='word_1_244' title='bbox 609 2405 713 2432; x_wconf 89' lang='lat' dir='ltr'>Utrum</span> <span class='ocrx_word' id='word_1_245' title='bbox 741 2401 812 2439; x_wconf 82' lang='lat' dir='ltr'>legis</span> <span class='ocrx_word' id='word_1_246' title='bbox 838 2406 919 2429; x_wconf 87' lang='lat' dir='ltr'>actus</span> <span class='ocrx_word' id='word_1_247' title='bbox 947 2399 1151 2428; x_wconf 87' lang='lat' dir='ltr'>convenienter</span> <span class='ocrx_word' id='word_1_248' title='bbox 1170 2399 1241 2428; x_wconf 79' lang='lat' dir='ltr'>assi-</span> 
     </span>
     <span class='ocr_line' id='line_1_51' title="bbox 639 2448 1239 2480; baseline -0.003 -10"><span class='ocrx_word' id='word_1_249' title='bbox 639 2448 763 2480; x_wconf 87' lang='lat' dir='ltr'>gnentur</span> <span class='ocrx_word' id='word_1_250' title='bbox 778 2461 1239 2469; x_wconf 89' lang='grc'><strong>................</strong></span> 
     </span>
    </p>
   </div>
   <div class='ocr_carea' id='block_1_19' title="bbox 587 2514 1193 2611">
    <p class='ocr_par' dir='ltr' id='par_1_23' title="bbox 587 2514 1193 2611">
     <span class='ocr_line' id='line_1_52' title="bbox 587 2514 1193 2553; baseline -0.008 -6"><span class='ocrx_word' id='word_1_251' title='bbox 587 2516 780 2553; x_wconf 81' lang='lat' dir='ltr'>QUAESTIO</span> <span class='ocrx_word' id='word_1_252' title='bbox 801 2514 1193 2544; x_wconf 85' lang='lat' dir='ltr'><strong>NONAGESIMATERTIA</strong></span> 
     </span>
     <span class='ocr_line' id='line_1_53' title="bbox 731 2576 1050 2611; baseline -0.009 -5"><span class='ocrx_word' id='word_1_253' title='bbox 731 2577 780 2606; x_wconf 89' lang='lat' dir='ltr'>De</span> <span class='ocrx_word' id='word_1_254' title='bbox 801 2577 876 2611; x_wconf 85' lang='lat' dir='ltr'>lege</span> <span class='ocrx_word' id='word_1_255' title='bbox 896 2576 1050 2604; x_wconf 87' lang='lat' dir='ltr'>aeterua.</span> 
     </span>
    </p>
   </div>
   <div class='ocr_carea' id='block_1_20' title="bbox 609 2638 1245 3076">
    <p class='ocr_par' dir='ltr' id='par_1_24' title="bbox 609 2638 1245 3076">
     <span class='ocr_line' id='line_1_54' title="bbox 609 2638 1242 2672; baseline -0.008 -1"><span class='ocrx_word' id='word_1_256' title='bbox 609 2644 712 2672; x_wconf 85' lang='lat' dir='ltr'>Utrum</span> <span class='ocrx_word' id='word_1_257' title='bbox 733 2642 777 2669; x_wconf 86' lang='lat' dir='ltr'>lex</span> <span class='ocrx_word' id='word_1_258' title='bbox 798 2647 914 2668; x_wconf 87' lang='lat' dir='ltr'>aeterna</span> <span class='ocrx_word' id='word_1_259' title='bbox 927 2639 964 2667; x_wconf 91' lang='lat' dir='ltr'>sit</span> <span class='ocrx_word' id='word_1_260' title='bbox 983 2647 1097 2667; x_wconf 87' lang='lat' dir='ltr'>summa</span> <span class='ocrx_word' id='word_1_261' title='bbox 1117 2638 1190 2667; x_wconf 83' lang='lat' dir='ltr'>ratio</span> <span class='ocrx_word' id='word_1_262' title='bbox 1211 2638 1242 2667; x_wconf 90' lang='lat' dir='ltr'>in</span> 
     </span>
     <span class='ocr_line' id='line_1_55' title="bbox 641 2681 1239 2710; baseline -0.008 1"><span class='ocrx_word' id='word_1_263' title='bbox 641 2684 704 2710; x_wconf 92' lang='lat' dir='ltr'>Deo</span> <span class='ocrx_word' id='word_1_264' title='bbox 719 2681 842 2710; x_wconf 87' lang='lat' dir='ltr'>existens</span> <span class='ocrx_word' id='word_1_265' title='bbox 844 2699 1239 2708; x_wconf 87' lang='grc'><strong><em>..............</em></strong></span> 
     </span>
     <span class='ocr_line' id='line_1_56' title="bbox 611 2718 1241 2751; baseline -0.01 0"><span class='ocrx_word' id='word_1_266' title='bbox 611 2723 716 2751; x_wconf 87' lang='lat' dir='ltr'>Utrum</span> <span class='ocrx_word' id='word_1_267' title='bbox 736 2721 781 2749; x_wconf 88' lang='lat' dir='ltr'>lex</span> <span class='ocrx_word' id='word_1_268' title='bbox 805 2726 922 2748; x_wconf 85' lang='lat' dir='ltr'>aeterna</span> <span class='ocrx_word' id='word_1_269' title='bbox 942 2719 978 2747; x_wconf 90' lang='lat' dir='ltr'>sit</span> <span class='ocrx_word' id='word_1_270' title='bbox 999 2718 1135 2746; x_wconf 90' lang='lat' dir='ltr'>omnibus</span> <span class='ocrx_word' id='word_1_271' title='bbox 1162 2724 1241 2746; x_wconf 90' lang='lat' dir='ltr'>nota.</span> 
     </span>
     <span class='ocr_line' id='line_1_57' title="bbox 613 2757 1243 2795; baseline -0.01 -4"><span class='ocrx_word' id='word_1_272' title='bbox 613 2763 716 2791; x_wconf 88' lang='lat' dir='ltr'>Utrum</span> <span class='ocrx_word' id='word_1_273' title='bbox 738 2759 834 2789; x_wconf 89' lang='lat' dir='ltr'>omnis</span> <span class='ocrx_word' id='word_1_274' title='bbox 847 2760 891 2787; x_wconf 86' lang='lat' dir='ltr'>lex</span> <span class='ocrx_word' id='word_1_275' title='bbox 912 2768 929 2787; x_wconf 89' lang='lat' dir='ltr'>a</span> <span class='ocrx_word' id='word_1_276' title='bbox 949 2759 1011 2795; x_wconf 87' lang='lat' dir='ltr'>lege</span> <span class='ocrx_word' id='word_1_277' title='bbox 1031 2765 1148 2786; x_wconf 84' lang='lat' dir='ltr'>aeterna</span> <span class='ocrx_word' id='word_1_278' title='bbox 1169 2757 1243 2786; x_wconf 87' lang='lat' dir='ltr'>deri-</span> 
     </span>
     <span class='ocr_line' id='line_1_58' title="bbox 642 2807 1240 2831; baseline -0.008 -1"><span class='ocrx_word' id='word_1_279' title='bbox 642 2807 725 2831; x_wconf 89' lang='lat' dir='ltr'>vetur</span> <span class='ocrx_word' id='word_1_280' title='bbox 726 2818 1240 2829; x_wconf 89' lang='grc'><strong>.................</strong></span> 
     </span>
     <span class='ocr_line' id='line_1_59' title="bbox 611 2837 1242 2870; baseline -0.008 0"><span class='ocrx_word' id='word_1_281' title='bbox 611 2843 715 2870; x_wconf 90' lang='lat' dir='ltr'>Utrum</span> <span class='ocrx_word' id='word_1_282' title='bbox 730 2838 890 2868; x_wconf 85' lang='lat' dir='ltr'>necessaria</span> <span class='ocrx_word' id='word_1_283' title='bbox 910 2844 938 2867; x_wconf 87' lang='lat' dir='ltr'>et</span> <span class='ocrx_word' id='word_1_284' title='bbox 952 2844 1068 2866; x_wconf 84' lang='lat' dir='ltr'>aeterna</span> <span class='ocrx_word' id='word_1_285' title='bbox 1089 2837 1242 2865; x_wconf 82' lang='lat' dir='ltr'>subiician-</span> 
     </span>
     <span class='ocr_line' id='line_1_60' title="bbox 641 2879 1242 2916; baseline -0.008 -7"><span class='ocrx_word' id='word_1_286' title='bbox 641 2888 688 2909; x_wconf 85' lang='lat' dir='ltr'>tur</span> <span class='ocrx_word' id='word_1_287' title='bbox 717 2879 772 2916; x_wconf 87' lang='lat' dir='ltr'>legi</span> <span class='ocrx_word' id='word_1_288' title='bbox 802 2885 934 2907; x_wconf 86' lang='lat' dir='ltr'>aeternae</span> <span class='ocrx_word' id='word_1_289' title='bbox 937 2898 1242 2906; x_wconf 90' lang='grc'>...........</span> 
     </span>
     <span class='ocr_line' id='line_1_61' title="bbox 612 2916 1245 2954; baseline -0.009 -4"><span class='ocrx_word' id='word_1_290' title='bbox 612 2923 715 2950; x_wconf 89' lang='lat' dir='ltr'>Utrum</span> <span class='ocrx_word' id='word_1_291' title='bbox 743 2918 885 2947; x_wconf 88' lang='lat' dir='ltr'>naturalia</span> <span class='ocrx_word' id='word_1_292' title='bbox 912 2917 1107 2954; x_wconf 84' lang='lat' dir='ltr'>contingentia</span> <span class='ocrx_word' id='word_1_293' title='bbox 1133 2916 1245 2946; x_wconf 89' lang='lat' dir='ltr'>subsint</span> 
     </span>
     <span class='ocr_line' id='line_1_62' title="bbox 643 2960 1242 2997; baseline -0.008 -8"><span class='ocrx_word' id='word_1_294' title='bbox 643 2960 698 2997; x_wconf 89' lang='lat' dir='ltr'>legi</span> <span class='ocrx_word' id='word_1_295' title='bbox 712 2966 845 2988; x_wconf 79' lang='lat' dir='ltr'>aeternae</span> <span class='ocrx_word' id='word_1_296' title='bbox 848 2977 1242 2986; x_wconf 83' lang='grc'><strong>..............</strong></span> 
     </span>
     <span class='ocr_line' id='line_1_63' title="bbox 610 2995 1244 3030; baseline -0.011 0"><span class='ocrx_word' id='word_1_297' title='bbox 610 3001 714 3030; x_wconf 85' lang='lat' dir='ltr'>Utrum</span> <span class='ocrx_word' id='word_1_298' title='bbox 735 3008 838 3027; x_wconf 89' lang='lat' dir='ltr'>ornnes</span> <span class='ocrx_word' id='word_1_299' title='bbox 857 3007 903 3025; x_wconf 86' lang='lat' dir='ltr'>res</span> <span class='ocrx_word' id='word_1_300' title='bbox 923 2998 1068 3025; x_wconf 80' lang='lat' dir='ltr'>humanae</span> <span class='ocrx_word' id='word_1_301' title='bbox 1093 2995 1244 3024; x_wconf 90' lang='lat' dir='ltr'>subiician-</span> 
     </span>
     <span class='ocr_line' id='line_1_64' title="bbox 641 3039 1243 3076; baseline -0.01 -7"><span class='ocrx_word' id='word_1_302' title='bbox 641 3047 689 3069; x_wconf 85' lang='lat' dir='ltr'>tur</span> <span class='ocrx_word' id='word_1_303' title='bbox 718 3039 773 3076; x_wconf 88' lang='lat' dir='ltr'>legi</span> <span class='ocrx_word' id='word_1_304' title='bbox 802 3044 935 3066; x_wconf 89' lang='lat' dir='ltr'>aeternae</span> <span class='ocrx_word' id='word_1_305' title='bbox 937 3057 1243 3065; x_wconf 89' lang='grc'><strong>...........</strong></span> 
     </span>
    </p>
   </div>
   <div class='ocr_carea' id='block_1_21' title="bbox 360 2653 550 2678">
    <p class='ocr_par' dir='ltr' id='par_1_25' title="bbox 360 2653 550 2678">
     <span class='ocr_line' id='line_1_65' title="bbox 360 2653 550 2678; baseline -0.026 0"><span class='ocrx_word' id='word_1_306' title='bbox 360 2654 525 2678; x_wconf 64' lang='lat' dir='ltr'>nummus</span> <span class='ocrx_word' id='word_1_307' title='bbox 539 2653 550 2673; x_wconf 90' lang='lat'>1</span> 
     </span>
    </p>
   </div>
   <div class='ocr_carea' id='block_1_22' title="bbox 539 2733 573 3030">
    <p class='ocr_par' dir='ltr' id='par_1_26' title="bbox 539 2733 573 3030">
     <span class='ocr_line' id='line_1_66' title="bbox 539 2733 573 3030; textangle 90"><span class='ocrx_word' id='word_1_308' title='bbox 539 2733 573 3030; x_wconf 64' lang='lat' dir='ltr'>s&lt;ae=</span> 
     </span>
    </p>
   </div>
   <div class='ocr_carea' id='block_1_23' title="bbox 583 3102 1210 3200">
    <p class='ocr_par' dir='ltr' id='par_1_27' title="bbox 583 3102 1210 3200">
     <span class='ocr_line' id='line_1_67' title="bbox 583 3102 1210 3142; baseline -0.01 -6"><span class='ocrx_word' id='word_1_309' title='bbox 583 3105 776 3142; x_wconf 86' lang='lat' dir='ltr'>QUAESTIO</span> <span class='ocrx_word' id='word_1_310' title='bbox 799 3102 1210 3138; x_wconf 82' lang='lat' dir='ltr'>NONAGESIMAQUARTA</span> 
     </span>
     <span class='ocr_line' id='line_1_68' title="bbox 732 3163 1057 3200; baseline -0.012 -5"><span class='ocrx_word' id='word_1_311' title='bbox 732 3166 783 3195; x_wconf 89' lang='lat' dir='ltr'>De</span> <span class='ocrx_word' id='word_1_312' title='bbox 802 3166 878 3200; x_wconf 84' lang='lat' dir='ltr'>lege</span> <span class='ocrx_word' id='word_1_313' title='bbox 898 3163 1057 3193; x_wconf 82' lang='lat' dir='ltr'>naturali.</span> 
     </span>
    </p>
   </div>
   <div class='ocr_carea' id='block_1_24' title="bbox 361 3226 1183 3262">
    <p class='ocr_par' dir='ltr' id='par_1_28' title="bbox 361 3226 1183 3262">
     <span class='ocr_line' id='line_1_69' title="bbox 361 3226 1183 3262; baseline -0.012 1"><span class='ocrx_word' id='word_1_314' title='bbox 361 3241 526 3262; x_wconf 79' lang='lat' dir='ltr'>ARthuws</span> <span class='ocrx_word' id='word_1_315' title='bbox 539 3240 551 3260; x_wconf 94' lang='lat'>1</span> <span class='ocrx_word' id='word_1_316' title='bbox 610 3231 714 3259; x_wconf 88' lang='lat' dir='ltr'>Utrum</span> <span class='ocrx_word' id='word_1_317' title='bbox 741 3230 785 3257; x_wconf 88' lang='lat' dir='ltr'>lex</span> <span class='ocrx_word' id='word_1_318' title='bbox 812 3227 948 3256; x_wconf 83' lang='lat' dir='ltr'>naturalis</span> <span class='ocrx_word' id='word_1_319' title='bbox 976 3227 1011 3255; x_wconf 90' lang='lat' dir='ltr'>sit</span> <span class='ocrx_word' id='word_1_320' title='bbox 1031 3226 1183 3254; x_wconf 85' lang='lat' dir='ltr'>habitus..</span> 
     </span>
    </p>
   </div>
   <div class='ocr_carea' id='block_1_25' title="bbox 445 3265 1247 3502">
    <p class='ocr_par' dir='ltr' id='par_1_29' title="bbox 445 3265 1247 3502">
     <span class='ocr_line' id='line_1_70' title="bbox 445 3265 1246 3302; baseline -0.01 -1"><span class='ocrx_word' id='word_1_321' title='bbox 445 3285 460 3300; x_wconf 79' lang='lat'><strong>»</strong></span> <span class='ocrx_word' id='word_1_322' title='bbox 542 3280 564 3300; x_wconf 89' lang='lat'>11</span> <span class='ocrx_word' id='word_1_323' title='bbox 614 3271 718 3299; x_wconf 88' lang='lat' dir='ltr'>Utrum</span> <span class='ocrx_word' id='word_1_324' title='bbox 746 3270 791 3297; x_wconf 86' lang='lat' dir='ltr'>lex</span> <span class='ocrx_word' id='word_1_325' title='bbox 821 3267 959 3296; x_wconf 79' lang='lat' dir='ltr'>naturalis</span> <span class='ocrx_word' id='word_1_326' title='bbox 988 3266 1134 3295; x_wconf 86' lang='lat' dir='ltr'>contineat</span> <span class='ocrx_word' id='word_1_327' title='bbox 1163 3265 1246 3302; x_wconf 90' lang='lat' dir='ltr'>plura</span> 
     </span>
     <span class='ocr_line' id='line_1_71' title="bbox 643 3309 1244 3347; baseline -0.008 -9"><span class='ocrx_word' id='word_1_328' title='bbox 643 3315 807 3347; x_wconf 85' lang='lat' dir='ltr'>praecepta,</span> <span class='ocrx_word' id='word_1_329' title='bbox 825 3309 869 3336; x_wconf 87' lang='lat' dir='ltr'>vel</span> <span class='ocrx_word' id='word_1_330' title='bbox 890 3317 980 3336; x_wconf 90' lang='lat' dir='ltr'>unum</span> <span class='ocrx_word' id='word_1_331' title='bbox 1002 3313 1113 3334; x_wconf 89' lang='lat' dir='ltr'>tanturn</span> <span class='ocrx_word' id='word_1_332' title='bbox 1118 3326 1244 3334; x_wconf 87' lang='grc'><strong>.....</strong></span> 
     </span>
     <span class='ocr_line' id='line_1_72' title="bbox 446 3344 1246 3379; baseline -0.01 1"><span class='ocrx_word' id='word_1_333' title='bbox 446 3363 462 3379; x_wconf 61' lang='lat' dir='ltr'><em>x</em></span> <span class='ocrx_word' id='word_1_334' title='bbox 483 3357 487 3360; x_wconf 82' lang='lat'><em>&#39;</em></span> <span class='ocrx_word' id='word_1_335' title='bbox 542 3359 577 3379; x_wconf 85' lang='lat'>111</span> <span class='ocrx_word' id='word_1_336' title='bbox 614 3350 718 3378; x_wconf 91' lang='lat' dir='ltr'>Utrum</span> <span class='ocrx_word' id='word_1_337' title='bbox 740 3357 842 3377; x_wconf 91' lang='lat' dir='ltr'>omnes</span> <span class='ocrx_word' id='word_1_338' title='bbox 869 3353 949 3375; x_wconf 89' lang='lat' dir='ltr'>actus</span> <span class='ocrx_word' id='word_1_339' title='bbox 969 3346 1105 3374; x_wconf 90' lang='lat' dir='ltr'>virtutum</span> <span class='ocrx_word' id='word_1_340' title='bbox 1133 3344 1190 3373; x_wconf 88' lang='lat' dir='ltr'>sint</span> <span class='ocrx_word' id='word_1_341' title='bbox 1210 3345 1246 3372; x_wconf 85' lang='lat' dir='ltr'>de</span> 
     </span>
     <span class='ocr_line' id='line_1_73' title="bbox 643 3390 1244 3426; baseline -0.01 -8"><span class='ocrx_word' id='word_1_342' title='bbox 643 3390 706 3426; x_wconf 82' lang='lat' dir='ltr'>lege</span> <span class='ocrx_word' id='word_1_343' title='bbox 737 3395 856 3417; x_wconf 82' lang='lat' dir='ltr'>naturae</span> <span class='ocrx_word' id='word_1_344' title='bbox 872 3405 1244 3416; x_wconf 87' lang='grc'><strong><em>.............</em></strong></span> 
     </span>
     <span class='ocr_line' id='line_1_74' title="bbox 446 3426 1247 3462; baseline -0.007 -4"><span class='ocrx_word' id='word_1_345' title='bbox 446 3442 462 3458; x_wconf 65' lang='grc' dir='ltr'><strong>ι</strong></span> <span class='ocrx_word' id='word_1_346' title='bbox 542 3438 574 3458; x_wconf 83' lang='lat' dir='ltr'>tv</span> <span class='ocrx_word' id='word_1_347' title='bbox 613 3430 717 3459; x_wconf 88' lang='lat' dir='ltr'>Utrum</span> <span class='ocrx_word' id='word_1_348' title='bbox 730 3429 775 3458; x_wconf 89' lang='lat' dir='ltr'>lex</span> <span class='ocrx_word' id='word_1_349' title='bbox 789 3434 910 3456; x_wconf 85' lang='lat' dir='ltr'>naturae</span> <span class='ocrx_word' id='word_1_350' title='bbox 919 3426 955 3455; x_wconf 89' lang='lat' dir='ltr'>sit</span> <span class='ocrx_word' id='word_1_351' title='bbox 968 3435 1027 3454; x_wconf 89' lang='lat' dir='ltr'>una</span> <span class='ocrx_word' id='word_1_352' title='bbox 1040 3426 1118 3462; x_wconf 88' lang='lat' dir='ltr'>apud</span> <span class='ocrx_word' id='word_1_353' title='bbox 1132 3433 1247 3453; x_wconf 84' lang='lat' dir='ltr'>omnes.</span> 
     </span>
     <span class='ocr_line' id='line_1_75' title="bbox 446 3464 1247 3502; baseline -0.01 -2"><span class='ocrx_word' id='word_1_354' title='bbox 446 3481 462 3497; x_wconf 63' lang='lat' dir='ltr'><em>w</em></span> <span class='ocrx_word' id='word_1_355' title='bbox 543 3478 564 3498; x_wconf 82' lang='lat' dir='ltr'>v</span> <span class='ocrx_word' id='word_1_356' title='bbox 613 3470 716 3499; x_wconf 88' lang='lat' dir='ltr'>Utrum</span> <span class='ocrx_word' id='word_1_357' title='bbox 747 3469 791 3497; x_wconf 88' lang='lat' dir='ltr'>lex</span> <span class='ocrx_word' id='word_1_358' title='bbox 811 3474 930 3497; x_wconf 81' lang='lat' dir='ltr'>naturae</span> <span class='ocrx_word' id='word_1_359' title='bbox 961 3465 1063 3495; x_wconf 88' lang='lat' dir='ltr'>mutari</span> <span class='ocrx_word' id='word_1_360' title='bbox 1085 3464 1184 3502; x_wconf 82' lang='lat' dir='ltr'>possit.</span> <span class='ocrx_word' id='word_1_361' title='bbox 1208 3485 1215 3492; x_wconf 86' lang='lat'><strong>.</strong></span> <span class='ocrx_word' id='word_1_362' title='bbox 1239 3485 1247 3492; x_wconf 89' lang='lat'><em>.</em></span> 
     </span>
    </p>
   </div>
   <div class='ocr_carea' id='block_1_26' title="bbox 1289 349 1304 364">
    <p class='ocr_par' dir='ltr' id='par_1_30' title="bbox 1289 349 1304 364">
     <span class='ocr_line' id='line_1_76' title="bbox 1289 349 1304 364; baseline 0 0"><span class='ocrx_word' id='word_1_363' title='bbox 1289 349 1304 364; x_wconf 60' lang='lat' dir='ltr'>D</span> 
     </span>
    </p>
   </div>
   <div class='ocr_carea' id='block_1_27' title="bbox 1350 142 1516 181">
    <p class='ocr_par' dir='ltr' id='par_1_31' title="bbox 1350 142 1516 181">
     <span class='ocr_line' id='line_1_77' title="bbox 1350 142 1516 181; baseline 0 -1"><span class='ocrx_word' id='word_1_364' title='bbox 1350 142 1516 181; x_wconf 88' lang='lat' dir='ltr'>INDEX</span> 
     </span>
    </p>
   </div>
   <div class='ocr_carea' id='block_1_28' title="bbox 1350 260 1405 367">
    <p class='ocr_par' dir='ltr' id='par_1_32' title="bbox 1350 260 1405 367">
     <span class='ocr_line' id='line_1_78' title="bbox 1350 260 1405 294; baseline 0 -7"><span class='ocrx_word' id='word_1_365' title='bbox 1350 260 1405 294; x_wconf 84' lang='lat'>134</span> 
     </span>
     <span class='ocr_line' id='line_1_79' title="bbox 1350 338 1402 367; baseline 0.019 -1"><span class='ocrx_word' id='word_1_366' title='bbox 1350 338 1402 367; x_wconf 86' lang='grc'>135</span> 
     </span>
    </p>
   </div>
   <div class='ocr_carea' id='block_1_29' title="bbox 1291 418 1404 454">
    <p class='ocr_par' dir='ltr' id='par_1_33' title="bbox 1291 418 1404 454">
     <span class='ocr_line' id='line_1_80' title="bbox 1291 418 1404 454; baseline 0.018 -12"><span class='ocrx_word' id='word_1_367' title='bbox 1291 428 1305 442; x_wconf 84' lang='grc'>»</span> <span class='ocrx_word' id='word_1_368' title='bbox 1352 418 1404 454; x_wconf 87' lang='lat'>137</span> 
     </span>
    </p>
   </div>
   <div class='ocr_carea' id='block_1_30' title="bbox 1353 496 1406 523">
    <p class='ocr_par' dir='ltr' id='par_1_34' title="bbox 1353 496 1406 523">
     <span class='ocr_line' id='line_1_81' title="bbox 1353 496 1406 523; baseline 0 0"><span class='ocrx_word' id='word_1_369' title='bbox 1353 496 1406 523; x_wconf 83' lang='lat'>138</span> 
     </span>
    </p>
   </div>
   <div class='ocr_carea' id='block_1_31' title="bbox 1292 575 1406 611">
    <p class='ocr_par' dir='ltr' id='par_1_35' title="bbox 1292 575 1406 611">
     <span class='ocr_line' id='line_1_82' title="bbox 1292 575 1406 611; baseline 0.018 -11"><span class='ocrx_word' id='word_1_370' title='bbox 1292 586 1306 600; x_wconf 80' lang='grc'>»</span> <span class='ocrx_word' id='word_1_371' title='bbox 1354 575 1406 611; x_wconf 82' lang='grc'>139</span> 
     </span>
    </p>
   </div>
   <div class='ocr_carea' id='block_1_32' title="bbox 1354 841 1403 867">
    <p class='ocr_par' dir='ltr' id='par_1_36' title="bbox 1354 841 1403 867">
     <span class='ocr_line' id='line_1_83' title="bbox 1354 841 1403 867; baseline 0 -7"><span class='ocrx_word' id='word_1_372' title='bbox 1354 841 1403 867; x_wconf 88' lang='grc'>141</span> 
     </span>
    </p>
   </div>
   <div class='ocr_carea' id='block_1_33' title="bbox 1354 957 1410 1222">
    <p class='ocr_par' dir='ltr' id='par_1_37' title="bbox 1354 957 1410 1222">
     <span class='ocr_line' id='line_1_84' title="bbox 1354 957 1408 985; baseline 0 0"><span class='ocrx_word' id='word_1_373' title='bbox 1354 957 1408 985; x_wconf 79' lang='lat'>¹42</span> 
     </span>
     <span class='ocr_line' id='line_1_85' title="bbox 1355 1029 1407 1064; baseline 0.019 -8"><span class='ocrx_word' id='word_1_374' title='bbox 1355 1029 1407 1064; x_wconf 91' lang='lat'>143</span> 
     </span>
     <span class='ocr_line' id='line_1_86' title="bbox 1356 1117 1410 1143; baseline 0 0"><span class='ocrx_word' id='word_1_375' title='bbox 1356 1117 1410 1143; x_wconf 85' lang='lat'>¹44</span> 
     </span>
     <span class='ocr_line' id='line_1_87' title="bbox 1356 1187 1407 1222; baseline 0 -8"><span class='ocrx_word' id='word_1_376' title='bbox 1356 1187 1407 1222; x_wconf 84' lang='lat'>145</span> 
     </span>
    </p>
   </div>
   <div class='ocr_carea' id='block_1_34' title="bbox 1357 1267 1410 1301">
    <p class='ocr_par' dir='ltr' id='par_1_38' title="bbox 1357 1267 1410 1301">
     <span class='ocr_line' id='line_1_88' title="bbox 1357 1267 1410 1301; baseline 0 -7"><span class='ocrx_word' id='word_1_377' title='bbox 1357 1267 1410 1301; x_wconf 88' lang='lat'>146</span> 
     </span>
    </p>
   </div>
   <div class='ocr_carea' id='block_1_35' title="bbox 1357 1492 1410 1518">
    <p class='ocr_par' dir='ltr' id='par_1_39' title="bbox 1357 1492 1410 1518">
     <span class='ocr_line' id='line_1_89' title="bbox 1357 1492 1410 1518; baseline 0 0"><span class='ocrx_word' id='word_1_378' title='bbox 1357 1492 1410 1518; x_wconf 86' lang='lat'>149</span> 
     </span>
    </p>
   </div>
   <div class='ocr_carea' id='block_1_36' title="bbox 1358 1561 1412 1669">
    <p class='ocr_par' dir='ltr' id='par_1_40' title="bbox 1358 1561 1412 1669">
     <span class='ocr_line' id='line_1_90' title="bbox 1358 1561 1412 1589; baseline 0 0"><span class='ocrx_word' id='word_1_379' title='bbox 1358 1561 1412 1589; x_wconf 87' lang='lat'>150</span> 
     </span>
     <span class='ocr_line' id='line_1_91' title="bbox 1358 1601 1408 1629; baseline 0 0"><span class='ocrx_word' id='word_1_380' title='bbox 1358 1601 1408 1629; x_wconf 86' lang='lat'>151</span> 
     </span>
     <span class='ocr_line' id='line_1_92' title="bbox 1359 1641 1412 1669; baseline 0.019 -1"><span class='ocrx_word' id='word_1_381' title='bbox 1359 1641 1412 1669; x_wconf 88' lang='lat'>152</span> 
     </span>
    </p>
   </div>
   <div class='ocr_carea' id='block_1_37' title="bbox 1362 1841 1413 1869">
    <p class='ocr_par' dir='ltr' id='par_1_41' title="bbox 1362 1841 1413 1869">
     <span class='ocr_line' id='line_1_93' title="bbox 1362 1841 1413 1869; baseline 0 -1"><span class='ocrx_word' id='word_1_382' title='bbox 1362 1841 1413 1869; x_wconf 84' lang='grc'>153</span> 
     </span>
    </p>
   </div>
   <div class='ocr_carea' id='block_1_38' title="bbox 1363 1920 1416 1987">
    <p class='ocr_par' dir='ltr' id='par_1_42' title="bbox 1363 1920 1416 1987">
     <span class='ocr_line' id='line_1_94' title="bbox 1363 1920 1416 1954; baseline 0 -7"><span class='ocrx_word' id='word_1_383' title='bbox 1363 1929 1372 1947; x_wconf 91' lang='grc'>1</span> <span class='ocrx_word' id='word_1_384' title='bbox 1380 1920 1416 1954; x_wconf 87' lang='grc'>54</span> 
     </span>
     <span class='ocr_line' id='line_1_95' title="bbox 1378 1959 1415 1987; baseline 0.027 -1"><span class='ocrx_word' id='word_1_385' title='bbox 1378 1959 1415 1987; x_wconf 95' lang='lat' dir='ltr'>ib.</span> 
     </span>
    </p>
   </div>
   <div class='ocr_carea' id='block_1_39' title="bbox 1363 2038 1416 2155">
    <p class='ocr_par' dir='ltr' id='par_1_43' title="bbox 1363 2038 1416 2155">
     <span class='ocr_line' id='line_1_96' title="bbox 1363 2038 1414 2066; baseline 0 0"><span class='ocrx_word' id='word_1_386' title='bbox 1363 2038 1414 2066; x_wconf 89' lang='grc'>155</span> 
     </span>
     <span class='ocr_line' id='line_1_97' title="bbox 1364 2079 1416 2106; baseline 0 0"><span class='ocrx_word' id='word_1_387' title='bbox 1364 2079 1416 2106; x_wconf 88' lang='lat'>156</span> 
     </span>
     <span class='ocr_line' id='line_1_98' title="bbox 1364 2118 1416 2155; baseline 0 -9"><span class='ocrx_word' id='word_1_388' title='bbox 1364 2118 1416 2155; x_wconf 85' lang='lat'>157</span> 
     </span>
    </p>
   </div>
   <div class='ocr_carea' id='block_1_40' title="bbox 1364 2359 1417 2466">
    <p class='ocr_par' dir='ltr' id='par_1_44' title="bbox 1364 2359 1417 2466">
     <span class='ocr_line' id='line_1_99' title="bbox 1364 2359 1417 2395; baseline 0 -8"><span class='ocrx_word' id='word_1_389' title='bbox 1364 2359 1417 2395; x_wconf 89' lang='grc'>159</span> 
     </span>
     <span class='ocr_line' id='line_1_100' title="bbox 1364 2439 1413 2466; baseline 0 0"><span class='ocrx_word' id='word_1_390' title='bbox 1364 2439 1413 2466; x_wconf 89' lang='grc'>161</span> 
     </span>
    </p>
   </div>
   <div class='ocr_carea' id='block_1_41' title="bbox 1366 2679 1419 2746">
    <p class='ocr_par' dir='ltr' id='par_1_45' title="bbox 1366 2679 1419 2746">
     <span class='ocr_line' id='line_1_101' title="bbox 1366 2679 1419 2706; baseline -0.019 0"><span class='ocrx_word' id='word_1_391' title='bbox 1366 2679 1419 2706; x_wconf 86' lang='lat'>162</span> 
     </span>
     <span class='ocr_line' id='line_1_102' title="bbox 1367 2718 1418 2746; baseline -0.02 0"><span class='ocrx_word' id='word_1_392' title='bbox 1367 2718 1418 2746; x_wconf 84' lang='lat'>163</span> 
     </span>
    </p>
   </div>
   <div class='ocr_carea' id='block_1_42' title="bbox 1368 2797 1421 2984">
    <p class='ocr_par' dir='ltr' id='par_1_46' title="bbox 1368 2797 1421 2984">
     <span class='ocr_line' id='line_1_103' title="bbox 1382 2797 1420 2825; baseline -0.026 0"><span class='ocrx_word' id='word_1_393' title='bbox 1382 2797 1420 2825; x_wconf 92' lang='lat' dir='ltr'>ib.</span> 
     </span>
     <span class='ocr_line' id='line_1_104' title="bbox 1368 2876 1419 2904; baseline 0 0"><span class='ocrx_word' id='word_1_394' title='bbox 1368 2876 1419 2904; x_wconf 89' lang='grc'>165</span> 
     </span>
     <span class='ocr_line' id='line_1_105' title="bbox 1384 2955 1421 2984; baseline 0.027 -1"><span class='ocrx_word' id='word_1_395' title='bbox 1384 2955 1421 2984; x_wconf 88' lang='lat' dir='ltr'>ib.</span> 
     </span>
    </p>
   </div>
   <div class='ocr_carea' id='block_1_43' title="bbox 1369 3036 1422 3063">
    <p class='ocr_par' dir='ltr' id='par_1_47' title="bbox 1369 3036 1422 3063">
     <span class='ocr_line' id='line_1_106' title="bbox 1369 3036 1422 3063; baseline 0 0"><span class='ocrx_word' id='word_1_396' title='bbox 1369 3036 1422 3063; x_wconf 88' lang='grc'>166</span> 
     </span>
    </p>
   </div>
   <div class='ocr_carea' id='block_1_44' title="bbox 1369 3224 1421 3252">
    <p class='ocr_par' dir='ltr' id='par_1_48' title="bbox 1369 3224 1421 3252">
     <span class='ocr_line' id='line_1_107' title="bbox 1369 3224 1421 3252; baseline 0 0"><span class='ocrx_word' id='word_1_397' title='bbox 1369 3224 1421 3252; x_wconf 89' lang='grc'>168</span> 
     </span>
    </p>
   </div>
   <div class='ocr_carea' id='block_1_45' title="bbox 1370 3304 1422 3339">
    <p class='ocr_par' dir='ltr' id='par_1_49' title="bbox 1370 3304 1422 3339">
     <span class='ocr_line' id='line_1_108' title="bbox 1370 3304 1422 3339; baseline 0 -8"><span class='ocrx_word' id='word_1_398' title='bbox 1370 3304 1422 3339; x_wconf 86' lang='grc'>169</span> 
     </span>
    </p>
   </div>
   <div class='ocr_carea' id='block_1_46' title="bbox 1370 3391 1424 3498">
    <p class='ocr_par' dir='ltr' id='par_1_50' title="bbox 1370 3391 1424 3498">
     <span class='ocr_line' id='line_1_109' title="bbox 1370 3391 1424 3418; baseline 0 0"><span class='ocrx_word' id='word_1_399' title='bbox 1370 3391 1424 3418; x_wconf 87' lang='lat'>¹70</span> 
     </span>
     <span class='ocr_line' id='line_1_110' title="bbox 1370 3431 1419 3458; baseline -0.02 -8"><span class='ocrx_word' id='word_1_400' title='bbox 1370 3431 1419 3458; x_wconf 91' lang='lat'>171</span> 
     </span>
     <span class='ocr_line' id='line_1_111' title="bbox 1370 3468 1424 3498; baseline 0 -9"><span class='ocrx_word' id='word_1_401' title='bbox 1370 3468 1424 3498; x_wconf 81' lang='lat'>172</span> 
     </span>
    </p>
   </div>
   <div class='ocr_carea' id='block_1_47' title="bbox 1458 218 2338 255">
    <p class='ocr_par' dir='ltr' id='par_1_51' title="bbox 1458 218 2338 255">
     <span class='ocr_line' id='line_1_112' title="bbox 1458 218 2338 255; baseline -0.001 -7"><span class='ocrx_word' id='word_1_402' title='bbox 1458 227 1621 248; x_wconf 74' lang='lat' dir='ltr'>ARthtJLus</span> <span class='ocrx_word' id='word_1_403' title='bbox 1640 227 1671 249; x_wconf 78' lang='lat' dir='ltr'>vx</span> <span class='ocrx_word' id='word_1_404' title='bbox 1711 220 1814 248; x_wconf 87' lang='lat' dir='ltr'>Utrum</span> <span class='ocrx_word' id='word_1_405' title='bbox 1834 219 1878 247; x_wconf 86' lang='lat' dir='ltr'>lex</span> <span class='ocrx_word' id='word_1_406' title='bbox 1898 225 2017 248; x_wconf 85' lang='lat' dir='ltr'>naturae</span> <span class='ocrx_word' id='word_1_407' title='bbox 2031 218 2122 255; x_wconf 88' lang='lat' dir='ltr'>possit</span> <span class='ocrx_word' id='word_1_408' title='bbox 2142 228 2159 248; x_wconf 87' lang='lat' dir='ltr'>a</span> <span class='ocrx_word' id='word_1_409' title='bbox 2177 220 2263 247; x_wconf 85' lang='lat' dir='ltr'>corde</span> <span class='ocrx_word' id='word_1_410' title='bbox 2284 219 2338 248; x_wconf 87' lang='lat' dir='ltr'>ho-</span> 
     </span>
    </p>
   </div>
   <div class='ocr_carea' id='block_1_48' title="bbox 2437 144 2517 192">
    <p class='ocr_par' dir='ltr' id='par_1_52' title="bbox 2437 144 2517 192">
     <span class='ocr_line' id='line_1_113' title="bbox 2437 144 2517 192; baseline -0.013 -10"><span class='ocrx_word' id='word_1_411' title='bbox 2437 144 2517 192; x_wconf 82' lang='lat'>359</span> 
     </span>
    </p>
   </div>
   <div class='ocr_carea' id='block_1_49' title="bbox 1737 258 2512 298">
    <p class='ocr_par' dir='ltr' id='par_1_53' title="bbox 1737 258 2512 298">
     <span class='ocr_line' id='line_1_114' title="bbox 1737 258 2512 298; baseline 0 -11"><span class='ocrx_word' id='word_1_412' title='bbox 1737 258 1823 287; x_wconf 89' lang='lat' dir='ltr'>minis</span> <span class='ocrx_word' id='word_1_413' title='bbox 1852 258 1962 287; x_wconf 87' lang='lat' dir='ltr'>aboleri</span> <span class='ocrx_word' id='word_1_414' title='bbox 1964 279 2334 287; x_wconf 90' lang='grc'><em>.............</em></span> <span class='ocrx_word' id='word_1_415' title='bbox 2359 268 2434 298; x_wconf 81' lang='lat' dir='ltr'>pag.</span> <span class='ocrx_word' id='word_1_416' title='bbox 2461 269 2470 287; x_wconf 89' lang='lat'>1</span> <span class='ocrx_word' id='word_1_417' title='bbox 2477 260 2512 296; x_wconf 88' lang='lat'>73</span> 
     </span>
    </p>
   </div>
   <div class='ocr_carea' id='block_1_50' title="bbox 1685 325 2294 421">
    <p class='ocr_par' dir='ltr' id='par_1_54' title="bbox 1685 325 2294 421">
     <span class='ocr_line' id='line_1_115' title="bbox 1685 325 2294 360; baseline 0 -7"><span class='ocrx_word' id='word_1_418' title='bbox 1685 325 1877 360; x_wconf 85' lang='lat' dir='ltr'>QUAESTIO</span> <span class='ocrx_word' id='word_1_419' title='bbox 1898 325 2294 360; x_wconf 83' lang='lat' dir='ltr'>NONAGESIMAQUINTA</span> 
     </span>
     <span class='ocr_line' id='line_1_116' title="bbox 1823 385 2150 421; baseline 0.003 -7"><span class='ocrx_word' id='word_1_420' title='bbox 1823 386 1872 415; x_wconf 89' lang='lat' dir='ltr'>De</span> <span class='ocrx_word' id='word_1_421' title='bbox 1893 386 1968 421; x_wconf 82' lang='lat' dir='ltr'>lege</span> <span class='ocrx_word' id='word_1_422' title='bbox 1988 385 2150 415; x_wconf 82' lang='lat' dir='ltr'>humana.</span> 
     </span>
    </p>
   </div>
   <div class='ocr_carea' id='block_1_51' title="bbox 1459 451 2341 724">
    <p class='ocr_par' dir='ltr' id='par_1_55' title="bbox 1459 451 2341 606">
     <span class='ocr_line' id='line_1_117' title="bbox 1459 451 2341 488; baseline 0 -8"><span class='ocrx_word' id='word_1_423' title='bbox 1459 459 1647 480; x_wconf 65' lang='grc' dir='ltr'>ωτι-1111111151</span> <span class='ocrx_word' id='word_1_424' title='bbox 1707 452 1810 479; x_wconf 89' lang='lat' dir='ltr'>Utrum</span> <span class='ocrx_word' id='word_1_425' title='bbox 1829 451 1914 479; x_wconf 84' lang='lat' dir='ltr'>fuerit</span> <span class='ocrx_word' id='word_1_426' title='bbox 1941 451 2009 479; x_wconf 86' lang='lat' dir='ltr'>utile</span> <span class='ocrx_word' id='word_1_427' title='bbox 2035 451 2146 488; x_wconf 86' lang='lat' dir='ltr'>aliquas</span> <span class='ocrx_word' id='word_1_428' title='bbox 2173 451 2250 488; x_wconf 84' lang='lat' dir='ltr'>leges</span> <span class='ocrx_word' id='word_1_429' title='bbox 2270 451 2341 488; x_wconf 87' lang='lat' dir='ltr'>poni</span> 
     </span>
     <span class='ocr_line' id='line_1_118' title="bbox 1739 490 2334 519; baseline 0.002 -1"><span class='ocrx_word' id='word_1_430' title='bbox 1739 491 1775 518; x_wconf 87' lang='lat' dir='ltr'>ab</span> <span class='ocrx_word' id='word_1_431' title='bbox 1797 490 1962 519; x_wconf 88' lang='lat' dir='ltr'>hominibus</span> <span class='ocrx_word' id='word_1_432' title='bbox 1964 511 2334 519; x_wconf 89' lang='grc'><em>.............</em></span> 
     </span>
     <span class='ocr_line' id='line_1_119' title="bbox 1543 529 2338 566; baseline 0.004 -10"><span class='ocrx_word' id='word_1_433' title='bbox 1543 541 1558 556; x_wconf 88' lang='lat'><strong>›</strong></span> <span class='ocrx_word' id='word_1_434' title='bbox 1639 538 1662 558; x_wconf 91' lang='lat'>11</span> <span class='ocrx_word' id='word_1_435' title='bbox 1710 531 1813 558; x_wconf 90' lang='lat' dir='ltr'>Utrum</span> <span class='ocrx_word' id='word_1_436' title='bbox 1834 530 1930 559; x_wconf 89' lang='lat' dir='ltr'>omnis</span> <span class='ocrx_word' id='word_1_437' title='bbox 1950 530 1994 558; x_wconf 88' lang='lat' dir='ltr'>lex</span> <span class='ocrx_word' id='word_1_438' title='bbox 2015 529 2180 558; x_wconf 87' lang='lat' dir='ltr'>humanitus</span> <span class='ocrx_word' id='word_1_439' title='bbox 2205 530 2300 566; x_wconf 89' lang='lat' dir='ltr'>posita</span> <span class='ocrx_word' id='word_1_440' title='bbox 2320 540 2338 559; x_wconf 86' lang='lat' dir='ltr'>a</span> 
     </span>
     <span class='ocr_line' id='line_1_120' title="bbox 1738 569 2339 606; baseline 0.002 -9"><span class='ocrx_word' id='word_1_441' title='bbox 1738 570 1799 606; x_wconf 89' lang='lat' dir='ltr'>lege</span> <span class='ocrx_word' id='word_1_442' title='bbox 1819 569 1944 598; x_wconf 80' lang='lat' dir='ltr'>naturali</span> <span class='ocrx_word' id='word_1_443' title='bbox 1965 569 2108 597; x_wconf 89' lang='lat' dir='ltr'>derivetur</span> <span class='ocrx_word' id='word_1_444' title='bbox 2122 591 2339 598; x_wconf 85' lang='grc'><strong>........</strong></span> 
     </span>
    </p>

    <p class='ocr_par' dir='ltr' id='par_1_56' title="bbox 1639 608 2340 646">
     <span class='ocr_line' id='line_1_121' title="bbox 1639 608 2340 646; baseline 0 -9"><span class='ocrx_word' id='word_1_445' title='bbox 1639 617 1672 637; x_wconf 88' lang='lat' dir='ltr'>m</span> <span class='ocrx_word' id='word_1_446' title='bbox 1711 609 1814 637; x_wconf 86' lang='lat' dir='ltr'>Utrum</span> <span class='ocrx_word' id='word_1_447' title='bbox 1825 608 1950 637; x_wconf 87' lang='lat' dir='ltr'>Isidorus</span> <span class='ocrx_word' id='word_1_448' title='bbox 1961 609 2164 637; x_wconf 89' lang='lat' dir='ltr'>convenienter</span> <span class='ocrx_word' id='word_1_449' title='bbox 2174 609 2340 646; x_wconf 84' lang='lat' dir='ltr'>qualitatem</span> 
     </span>
    </p>

    <p class='ocr_par' dir='ltr' id='par_1_57' title="bbox 1740 648 2336 685">
     <span class='ocr_line' id='line_1_122' title="bbox 1740 648 2336 685; baseline 0.002 -9"><span class='ocrx_word' id='word_1_450' title='bbox 1740 648 1809 685; x_wconf 89' lang='lat' dir='ltr'>legis</span> <span class='ocrx_word' id='word_1_451' title='bbox 1839 648 1977 685; x_wconf 88' lang='lat' dir='ltr'>positivae</span> <span class='ocrx_word' id='word_1_452' title='bbox 2007 649 2147 677; x_wconf 87' lang='lat' dir='ltr'>describat</span> <span class='ocrx_word' id='word_1_453' title='bbox 2150 670 2336 677; x_wconf 90' lang='grc'><strong><em>.......</em></strong></span> 
     </span>
    </p>

    <p class='ocr_par' dir='ltr' id='par_1_58' title="bbox 1544 687 2339 724">
     <span class='ocr_line' id='line_1_123' title="bbox 1544 687 2339 724; baseline 0.004 -11"><span class='ocrx_word' id='word_1_454' title='bbox 1544 698 1559 713; x_wconf 80' lang='lat'><strong>»</strong></span> <span class='ocrx_word' id='word_1_455' title='bbox 1640 696 1671 716; x_wconf 89' lang='lat' dir='ltr'>1v</span> <span class='ocrx_word' id='word_1_456' title='bbox 1710 689 1813 716; x_wconf 88' lang='lat' dir='ltr'>Utrum</span> <span class='ocrx_word' id='word_1_457' title='bbox 1827 687 1953 716; x_wconf 89' lang='lat' dir='ltr'>Isidorus</span> <span class='ocrx_word' id='word_1_458' title='bbox 1967 688 2170 716; x_wconf 87' lang='lat' dir='ltr'>convenienter</span> <span class='ocrx_word' id='word_1_459' title='bbox 2186 694 2277 724; x_wconf 89' lang='lat' dir='ltr'>ponat</span> <span class='ocrx_word' id='word_1_460' title='bbox 2297 688 2339 716; x_wconf 85' lang='lat' dir='ltr'>di—</span> 
     </span>
    </p>
   </div>
   <div class='ocr_carea' id='block_1_52' title="bbox 1739 727 2338 764">
    <p class='ocr_par' dir='ltr' id='par_1_59' title="bbox 1739 727 2338 764">
     <span class='ocr_line' id='line_1_124' title="bbox 1739 727 2338 764; baseline 0.002 -9"><span class='ocrx_word' id='word_1_461' title='bbox 1739 727 1880 756; x_wconf 87' lang='lat' dir='ltr'>visionem</span> <span class='ocrx_word' id='word_1_462' title='bbox 1901 728 2093 756; x_wconf 86' lang='lat' dir='ltr'>humanarum</span> <span class='ocrx_word' id='word_1_463' title='bbox 2114 727 2208 764; x_wconf 88' lang='lat' dir='ltr'>legum</span> <span class='ocrx_word' id='word_1_464' title='bbox 2213 749 2338 756; x_wconf 91' lang='grc'><strong><em>.....</em></strong></span> 
     </span>
    </p>
   </div>
   <div class='ocr_carea' id='block_1_53' title="bbox 1694 793 2284 890">
    <p class='ocr_par' dir='ltr' id='par_1_60' title="bbox 1694 793 2284 890">
     <span class='ocr_line' id='line_1_125' title="bbox 1694 793 2284 828; baseline 0.002 -7"><span class='ocrx_word' id='word_1_465' title='bbox 1694 793 1887 828; x_wconf 86' lang='lat' dir='ltr'>QUAESTIO</span> <span class='ocrx_word' id='word_1_466' title='bbox 1908 793 2284 822; x_wconf 84' lang='lat' dir='ltr'><strong>NONAGESIMASEXTA</strong></span> 
     </span>
     <span class='ocr_line' id='line_1_126' title="bbox 1712 855 2266 890; baseline 0.002 -8"><span class='ocrx_word' id='word_1_467' title='bbox 1712 855 1762 883; x_wconf 89' lang='lat' dir='ltr'>De</span> <span class='ocrx_word' id='word_1_468' title='bbox 1781 855 1958 890; x_wconf 76' lang='lat' dir='ltr'>potestate</span> <span class='ocrx_word' id='word_1_469' title='bbox 1977 855 2064 890; x_wconf 82' lang='lat' dir='ltr'>legis</span> <span class='ocrx_word' id='word_1_470' title='bbox 2084 855 2266 884; x_wconf 79' lang='lat' dir='ltr'>humanae.</span> 
     </span>
    </p>
   </div>
   <div class='ocr_carea' id='block_1_54' title="bbox 1462 917 2344 1349">
    <p class='ocr_par' dir='ltr' id='par_1_61' title="bbox 1462 917 2344 1349">
     <span class='ocr_line' id='line_1_127' title="bbox 1462 917 2339 953; baseline -0.001 -7"><span class='ocrx_word' id='word_1_471' title='bbox 1462 925 1625 946; x_wconf 76' lang='lat' dir='ltr'>ARTICULUS</span> <span class='ocrx_word' id='word_1_472' title='bbox 1638 925 1650 945; x_wconf 93' lang='lat'>1</span> <span class='ocrx_word' id='word_1_473' title='bbox 1709 917 1812 946; x_wconf 88' lang='lat' dir='ltr'>Utrum</span> <span class='ocrx_word' id='word_1_474' title='bbox 1826 917 1871 945; x_wconf 88' lang='lat' dir='ltr'>lex</span> <span class='ocrx_word' id='word_1_475' title='bbox 1881 917 2008 945; x_wconf 89' lang='lat' dir='ltr'>humana</span> <span class='ocrx_word' id='word_1_476' title='bbox 2022 918 2124 946; x_wconf 88' lang='lat' dir='ltr'>debeat</span> <span class='ocrx_word' id='word_1_477' title='bbox 2134 917 2204 953; x_wconf 89' lang='lat' dir='ltr'>poni</span> <span class='ocrx_word' id='word_1_478' title='bbox 2218 917 2248 946; x_wconf 87' lang='lat' dir='ltr'>in</span> <span class='ocrx_word' id='word_1_479' title='bbox 2258 926 2339 946; x_wconf 85' lang='lat' dir='ltr'>com-</span> 
     </span>
     <span class='ocr_line' id='line_1_128' title="bbox 1742 956 2341 993; baseline 0.002 -9"><span class='ocrx_word' id='word_1_480' title='bbox 1742 956 1822 984; x_wconf 89' lang='lat' dir='ltr'>muni</span> <span class='ocrx_word' id='word_1_481' title='bbox 1843 956 1934 993; x_wconf 84' lang='lat' dir='ltr'>magis</span> <span class='ocrx_word' id='word_1_482' title='bbox 1955 966 2043 993; x_wconf 90' lang='lat' dir='ltr'>quam</span> <span class='ocrx_word' id='word_1_483' title='bbox 2064 956 2094 984; x_wconf 92' lang='lat' dir='ltr'>in</span> <span class='ocrx_word' id='word_1_484' title='bbox 2111 956 2282 993; x_wconf 86' lang='lat' dir='ltr'>particulari.</span> <span class='ocrx_word' id='word_1_485' title='bbox 2305 978 2311 985; x_wconf 92' lang='lat'>.</span> <span class='ocrx_word' id='word_1_486' title='bbox 2335 979 2341 985; x_wconf 92' lang='lat'><em>.</em></span> 
     </span>
     <span class='ocr_line' id='line_1_129' title="bbox 1713 996 2343 1034; baseline 0.002 -10"><span class='ocrx_word' id='word_1_487' title='bbox 1713 997 1816 1024; x_wconf 91' lang='lat' dir='ltr'>Utrum</span> <span class='ocrx_word' id='word_1_488' title='bbox 1842 996 1879 1024; x_wconf 90' lang='lat' dir='ltr'>ad</span> <span class='ocrx_word' id='word_1_489' title='bbox 1899 996 1990 1033; x_wconf 88' lang='lat' dir='ltr'>legem</span> <span class='ocrx_word' id='word_1_490' title='bbox 2018 997 2176 1024; x_wconf 87' lang='lat' dir='ltr'>humanam</span> <span class='ocrx_word' id='word_1_491' title='bbox 2202 996 2343 1034; x_wconf 81' lang='lat' dir='ltr'>pertineat</span> 
     </span>
     <span class='ocr_line' id='line_1_130' title="bbox 1743 1034 2342 1064; baseline 0.003 -2"><span class='ocrx_word' id='word_1_492' title='bbox 1743 1035 1842 1063; x_wconf 90' lang='lat' dir='ltr'>omnia</span> <span class='ocrx_word' id='word_1_493' title='bbox 1869 1034 1936 1063; x_wconf 90' lang='lat' dir='ltr'>vitia</span> <span class='ocrx_word' id='word_1_494' title='bbox 1960 1035 2094 1063; x_wconf 90' lang='lat' dir='ltr'>cohibere</span> <span class='ocrx_word' id='word_1_495' title='bbox 2097 1057 2342 1064; x_wconf 91' lang='lat'><em>.........</em></span> 
     </span>
     <span class='ocr_line' id='line_1_131' title="bbox 1713 1074 2340 1111; baseline 0.002 -9"><span class='ocrx_word' id='word_1_496' title='bbox 1713 1075 1816 1103; x_wconf 90' lang='lat' dir='ltr'>Utrum</span> <span class='ocrx_word' id='word_1_497' title='bbox 1846 1074 1890 1102; x_wconf 86' lang='lat' dir='ltr'>lex</span> <span class='ocrx_word' id='word_1_498' title='bbox 1919 1075 2046 1102; x_wconf 90' lang='lat' dir='ltr'>humana</span> <span class='ocrx_word' id='word_1_499' title='bbox 2075 1074 2230 1111; x_wconf 87' lang='lat' dir='ltr'>praecipiat</span> <span class='ocrx_word' id='word_1_500' title='bbox 2260 1081 2340 1103; x_wconf 86' lang='lat' dir='ltr'>actus</span> 
     </span>
     <span class='ocr_line' id='line_1_132' title="bbox 1742 1114 2342 1143; baseline 0 -1"><span class='ocrx_word' id='word_1_501' title='bbox 1742 1114 1875 1143; x_wconf 88' lang='lat' dir='ltr'>omnium</span> <span class='ocrx_word' id='word_1_502' title='bbox 1895 1114 2030 1143; x_wconf 88' lang='lat' dir='ltr'>virtutum</span> <span class='ocrx_word' id='word_1_503' title='bbox 2034 1135 2342 1143; x_wconf 88' lang='grc'><strong>...........</strong></span> 
     </span>
     <span class='ocr_line' id='line_1_133' title="bbox 1711 1153 2344 1190; baseline 0.002 -9"><span class='ocrx_word' id='word_1_504' title='bbox 1711 1154 1814 1182; x_wconf 90' lang='lat' dir='ltr'>Utrum</span> <span class='ocrx_word' id='word_1_505' title='bbox 1844 1153 1889 1182; x_wconf 84' lang='lat' dir='ltr'>lex</span> <span class='ocrx_word' id='word_1_506' title='bbox 1916 1153 2044 1182; x_wconf 90' lang='lat' dir='ltr'>humana</span> <span class='ocrx_word' id='word_1_507' title='bbox 2073 1153 2204 1190; x_wconf 90' lang='lat' dir='ltr'>imponat</span> <span class='ocrx_word' id='word_1_508' title='bbox 2232 1153 2344 1182; x_wconf 90' lang='lat' dir='ltr'>homini</span> 
     </span>
     <span class='ocr_line' id='line_1_134' title="bbox 1742 1193 2341 1222; baseline 0.002 -1"><span class='ocrx_word' id='word_1_509' title='bbox 1742 1193 1941 1222; x_wconf 83' lang='lat' dir='ltr'>necessitatem</span> <span class='ocrx_word' id='word_1_510' title='bbox 1967 1193 1998 1222; x_wconf 90' lang='lat' dir='ltr'>in</span> <span class='ocrx_word' id='word_1_511' title='bbox 2018 1193 2082 1222; x_wconf 85' lang='lat' dir='ltr'>foro</span> <span class='ocrx_word' id='word_1_512' title='bbox 2110 1193 2311 1222; x_wconf 80' lang='lat' dir='ltr'>conscientiae.</span> <span class='ocrx_word' id='word_1_513' title='bbox 2333 1214 2341 1222; x_wconf 91' lang='lat'>.</span> 
     </span>
     <span class='ocr_line' id='line_1_135' title="bbox 1713 1233 2342 1270; baseline 0.002 -10"><span class='ocrx_word' id='word_1_514' title='bbox 1713 1234 1814 1260; x_wconf 89' lang='lat' dir='ltr'>Utrum</span> <span class='ocrx_word' id='word_1_515' title='bbox 1830 1242 1932 1261; x_wconf 91' lang='lat' dir='ltr'>omnes</span> <span class='ocrx_word' id='word_1_516' title='bbox 1950 1233 2136 1261; x_wconf 87' lang='lat' dir='ltr'>subiiciantur</span> <span class='ocrx_word' id='word_1_517' title='bbox 2157 1233 2212 1270; x_wconf 88' lang='lat' dir='ltr'>legi</span> <span class='ocrx_word' id='word_1_518' title='bbox 2215 1254 2342 1261; x_wconf 92' lang='grc'><strong>.....</strong></span> 
     </span>
     <span class='ocr_line' id='line_1_136' title="bbox 1713 1272 2344 1309; baseline 0 -9"><span class='ocrx_word' id='word_1_519' title='bbox 1713 1273 1815 1300; x_wconf 86' lang='lat' dir='ltr'>Utrum</span> <span class='ocrx_word' id='word_1_520' title='bbox 1830 1272 1856 1300; x_wconf 92' lang='lat' dir='ltr'>ei</span> <span class='ocrx_word' id='word_1_521' title='bbox 1871 1273 1920 1309; x_wconf 91' lang='lat' dir='ltr'>qui</span> <span class='ocrx_word' id='word_1_522' title='bbox 1941 1272 2071 1300; x_wconf 87' lang='lat' dir='ltr'>subditur</span> <span class='ocrx_word' id='word_1_523' title='bbox 2088 1272 2152 1309; x_wconf 88' lang='lat' dir='ltr'>legi,</span> <span class='ocrx_word' id='word_1_524' title='bbox 2165 1273 2249 1301; x_wconf 87' lang='lat' dir='ltr'>liceat</span> <span class='ocrx_word' id='word_1_525' title='bbox 2261 1281 2344 1309; x_wconf 84' lang='lat' dir='ltr'>prae—</span> 
     </span>
     <span class='ocr_line' id='line_1_137' title="bbox 1744 1312 2341 1349; baseline 0 -9"><span class='ocrx_word' id='word_1_526' title='bbox 1744 1318 1788 1340; x_wconf 86' lang='lat' dir='ltr'>ter</span> <span class='ocrx_word' id='word_1_527' title='bbox 1806 1313 1893 1340; x_wconf 85' lang='lat' dir='ltr'>verba</span> <span class='ocrx_word' id='word_1_528' title='bbox 1912 1312 1982 1349; x_wconf 87' lang='lat' dir='ltr'>legis</span> <span class='ocrx_word' id='word_1_529' title='bbox 2008 1321 2092 1349; x_wconf 86' lang='lat' dir='ltr'>agere</span> <span class='ocrx_word' id='word_1_530' title='bbox 2095 1333 2341 1340; x_wconf 90' lang='grc'><strong>.........</strong></span> 
     </span>
    </p>
   </div>
   <div class='ocr_carea' id='block_1_55' title="bbox 1641 1005 1675 1300">
    <p class='ocr_par' dir='ltr' id='par_1_62' title="bbox 1641 1005 1675 1300">
     <span class='ocr_line' id='line_1_138' title="bbox 1641 1005 1675 1300; textangle 90"><span class='ocrx_word' id='word_1_531' title='bbox 1641 1005 1675 1300; x_wconf 63' lang='lat' dir='ltr'>a&lt;25¹=</span> 
     </span>
    </p>
   </div>
   <div class='ocr_carea' id='block_1_56' title="bbox 1684 1384 2312 1487">
    <p class='ocr_par' dir='ltr' id='par_1_63' title="bbox 1684 1384 2312 1487">
     <span class='ocr_line' id='line_1_139' title="bbox 1684 1384 2312 1419; baseline 0 -7"><span class='ocrx_word' id='word_1_532' title='bbox 1684 1384 1876 1419; x_wconf 86' lang='lat' dir='ltr'>QUAESTIO</span> <span class='ocrx_word' id='word_1_533' title='bbox 1897 1385 2312 1412; x_wconf 83' lang='lat' dir='ltr'>NONAGESIMASEPTIMA</span> 
     </span>
     <span class='ocr_line' id='line_1_140' title="bbox 1793 1451 2195 1487; baseline 0 -7"><span class='ocrx_word' id='word_1_534' title='bbox 1793 1451 1844 1480; x_wconf 89' lang='lat' dir='ltr'>De</span> <span class='ocrx_word' id='word_1_535' title='bbox 1863 1451 2054 1481; x_wconf 76' lang='lat' dir='ltr'>mutatione</span> <span class='ocrx_word' id='word_1_536' title='bbox 2073 1451 2195 1487; x_wconf 76' lang='lat' dir='ltr'>leg-um.</span> 
     </span>
    </p>
   </div>
   <div class='ocr_carea' id='block_1_57' title="bbox 1466 1521 2346 1795">
    <p class='ocr_par' dir='ltr' id='par_1_64' title="bbox 1466 1521 2346 1795">
     <span class='ocr_line' id='line_1_141' title="bbox 1466 1521 2345 1559; baseline 0 -8"><span class='ocrx_word' id='word_1_537' title='bbox 1466 1530 1630 1556; x_wconf 67' lang='lat' dir='ltr'>Ani-tentus</span> <span class='ocrx_word' id='word_1_538' title='bbox 1644 1529 1656 1550; x_wconf 91' lang='lat'>1</span> <span class='ocrx_word' id='word_1_539' title='bbox 1715 1522 1818 1550; x_wconf 87' lang='lat' dir='ltr'>Utrum</span> <span class='ocrx_word' id='word_1_540' title='bbox 1857 1522 1900 1550; x_wconf 87' lang='lat' dir='ltr'>lex</span> <span class='ocrx_word' id='word_1_541' title='bbox 1944 1522 2072 1550; x_wconf 83' lang='lat' dir='ltr'>humana</span> <span class='ocrx_word' id='word_1_542' title='bbox 2112 1522 2216 1550; x_wconf 88' lang='lat' dir='ltr'>debeat</span> <span class='ocrx_word' id='word_1_543' title='bbox 2247 1521 2345 1559; x_wconf 81' lang='lat' dir='ltr'>aliquo</span> 
     </span>
     <span class='ocr_line' id='line_1_142' title="bbox 1746 1561 2343 1590; baseline 0.002 -1"><span class='ocrx_word' id='word_1_544' title='bbox 1746 1562 1836 1589; x_wconf 90' lang='lat' dir='ltr'>modo</span> <span class='ocrx_word' id='word_1_545' title='bbox 1868 1561 1971 1589; x_wconf 90' lang='lat' dir='ltr'>mutari</span> <span class='ocrx_word' id='word_1_546' title='bbox 1975 1582 2343 1590; x_wconf 89' lang='grc'><strong>.............</strong></span> 
     </span>
     <span class='ocr_line' id='line_1_143' title="bbox 1716 1600 2345 1637; baseline 0.002 -9"><span class='ocrx_word' id='word_1_547' title='bbox 1716 1601 1820 1629; x_wconf 87' lang='lat' dir='ltr'>Utrum</span> <span class='ocrx_word' id='word_1_548' title='bbox 1838 1600 1883 1628; x_wconf 88' lang='lat' dir='ltr'>lex</span> <span class='ocrx_word' id='word_1_549' title='bbox 1903 1601 2031 1629; x_wconf 89' lang='lat' dir='ltr'>humana</span> <span class='ocrx_word' id='word_1_550' title='bbox 2049 1610 2162 1637; x_wconf 88' lang='lat' dir='ltr'>semper</span> <span class='ocrx_word' id='word_1_551' title='bbox 2181 1600 2218 1629; x_wconf 88' lang='lat' dir='ltr'>sit</span> <span class='ocrx_word' id='word_1_552' title='bbox 2231 1607 2345 1629; x_wconf 87' lang='lat' dir='ltr'>mutan-</span> 
     </span>
     <span class='ocr_line' id='line_1_144' title="bbox 1746 1640 2345 1677; baseline 0 -9"><span class='ocrx_word' id='word_1_553' title='bbox 1746 1641 1791 1675; x_wconf 90' lang='lat' dir='ltr'>da,</span> <span class='ocrx_word' id='word_1_554' title='bbox 1807 1640 1924 1677; x_wconf 88' lang='lat' dir='ltr'>quando</span> <span class='ocrx_word' id='word_1_555' title='bbox 1939 1640 2062 1668; x_wconf 90' lang='lat' dir='ltr'>occurrit</span> <span class='ocrx_word' id='word_1_556' title='bbox 2075 1640 2184 1677; x_wconf 86' lang='lat' dir='ltr'>aliquid</span> <span class='ocrx_word' id='word_1_557' title='bbox 2204 1640 2315 1668; x_wconf 88' lang='lat' dir='ltr'>melius.</span> <span class='ocrx_word' id='word_1_558' title='bbox 2338 1662 2345 1668; x_wconf 93' lang='lat'>.</span> 
     </span>
     <span class='ocr_line' id='line_1_145' title="bbox 1717 1680 2346 1747; baseline 0 -39"><span class='ocrx_word' id='word_1_559' title='bbox 1717 1681 1820 1747; x_wconf 48' lang='lat' dir='ltr'>Utrum</span> <span class='ocrx_word' id='word_1_560' title='bbox 1835 1681 2014 1708; x_wconf 84' lang='lat' dir='ltr'>consuetudo</span> <span class='ocrx_word' id='word_1_561' title='bbox 2035 1680 2127 1716; x_wconf 89' lang='lat' dir='ltr'>possit</span> <span class='ocrx_word' id='word_1_562' title='bbox 2144 1680 2275 1708; x_wconf 89' lang='lat' dir='ltr'>obtinere</span> <span class='ocrx_word' id='word_1_563' title='bbox 2288 1680 2346 1708; x_wconf 87' lang='lat' dir='ltr'>vim</span> 
     </span>
     <span class='ocr_line' id='line_1_146' title="bbox 1758 1729 2344 1756; baseline 0 -9"><span class='ocrx_word' id='word_1_564' title='bbox 1758 1729 1816 1756; x_wconf 78' lang='lat' dir='ltr'>egis</span> <span class='ocrx_word' id='word_1_565' title='bbox 1819 1740 2344 1747; x_wconf 89' lang='grc'><strong>..................</strong></span> 
     </span>
     <span class='ocr_line' id='line_1_147' title="bbox 1716 1758 2346 1795; baseline 0 -7"><span class='ocrx_word' id='word_1_566' title='bbox 1716 1759 1819 1788; x_wconf 91' lang='lat' dir='ltr'>Utrum</span> <span class='ocrx_word' id='word_1_567' title='bbox 1834 1765 1958 1787; x_wconf 88' lang='lat' dir='ltr'>rectores</span> <span class='ocrx_word' id='word_1_568' title='bbox 1973 1758 2162 1787; x_wconf 86' lang='lat' dir='ltr'>multitudinis</span> <span class='ocrx_word' id='word_1_569' title='bbox 2182 1759 2294 1795; x_wconf 81' lang='lat' dir='ltr'>possint</span> <span class='ocrx_word' id='word_1_570' title='bbox 2313 1758 2346 1788; x_wconf 86' lang='lat' dir='ltr'>in</span> 
     </span>
    </p>
   </div>
   <div class='ocr_carea' id='block_1_58' title="bbox 1746 1798 2344 1836">
    <p class='ocr_par' dir='ltr' id='par_1_65' title="bbox 1746 1798 2344 1836">
     <span class='ocr_line' id='line_1_148' title="bbox 1746 1798 2344 1836; baseline 0 -10"><span class='ocrx_word' id='word_1_571' title='bbox 1746 1798 1856 1836; x_wconf 84' lang='lat' dir='ltr'>legibus</span> <span class='ocrx_word' id='word_1_572' title='bbox 1869 1798 2003 1826; x_wconf 87' lang='lat' dir='ltr'>humanis</span> <span class='ocrx_word' id='word_1_573' title='bbox 2018 1798 2182 1835; x_wconf 89' lang='lat' dir='ltr'>dispensare</span> <span class='ocrx_word' id='word_1_574' title='bbox 2185 1820 2344 1827; x_wconf 91' lang='grc'><strong><em>......</em></strong></span> 
     </span>
    </p>
   </div>
   <div class='ocr_carea' id='block_1_59' title="bbox 1683 1864 2306 1960">
    <p class='ocr_par' dir='ltr' id='par_1_66' title="bbox 1683 1864 2306 1960">
     <span class='ocr_line' id='line_1_149' title="bbox 1683 1864 2306 1900; baseline -0.002 -8"><span class='ocrx_word' id='word_1_575' title='bbox 1683 1864 1875 1900; x_wconf 85' lang='lat' dir='ltr'>QUAESTIO</span> <span class='ocrx_word' id='word_1_576' title='bbox 1896 1864 2306 1892; x_wconf 78' lang='lat' dir='ltr'><strong>NONAGESIMAOCTAVA</strong></span> 
     </span>
     <span class='ocr_line' id='line_1_150' title="bbox 1855 1924 2140 1960; baseline 0 -7"><span class='ocrx_word' id='word_1_577' title='bbox 1855 1925 1905 1953; x_wconf 88' lang='lat' dir='ltr'>De</span> <span class='ocrx_word' id='word_1_578' title='bbox 1925 1925 2000 1960; x_wconf 81' lang='lat' dir='ltr'>lege</span> <span class='ocrx_word' id='word_1_579' title='bbox 2020 1924 2140 1953; x_wconf 84' lang='lat' dir='ltr'>veteri.</span> 
     </span>
    </p>
   </div>
   <div class='ocr_carea' id='block_1_60' title="bbox 1716 1988 2348 2059">
    <p class='ocr_par' dir='ltr' id='par_1_67' title="bbox 1716 1988 2348 2059">
     <span class='ocr_line' id='line_1_151' title="bbox 1716 1988 2348 2018; baseline -0.002 0"><span class='ocrx_word' id='word_1_580' title='bbox 1716 1991 1820 2018; x_wconf 90' lang='lat' dir='ltr'>Utrum</span> <span class='ocrx_word' id='word_1_581' title='bbox 1841 1989 1886 2017; x_wconf 89' lang='lat' dir='ltr'>lex</span> <span class='ocrx_word' id='word_1_582' title='bbox 1905 1995 1986 2017; x_wconf 92' lang='lat' dir='ltr'>vetus</span> <span class='ocrx_word' id='word_1_583' title='bbox 2010 1988 2093 2017; x_wconf 87' lang='lat' dir='ltr'>fuerit</span> <span class='ocrx_word' id='word_1_584' title='bbox 2113 1989 2191 2017; x_wconf 86' lang='lat' dir='ltr'>bona</span> <span class='ocrx_word' id='word_1_585' title='bbox 2192 2009 2348 2017; x_wconf 90' lang='grc'><strong>......</strong></span> 
     </span>
     <span class='ocr_line' id='line_1_152' title="bbox 1719 2028 2347 2059; baseline -0.003 0"><span class='ocrx_word' id='word_1_586' title='bbox 1719 2031 1821 2059; x_wconf 87' lang='lat' dir='ltr'>Utrum</span> <span class='ocrx_word' id='word_1_587' title='bbox 1842 2029 1887 2056; x_wconf 83' lang='lat' dir='ltr'>lex</span> <span class='ocrx_word' id='word_1_588' title='bbox 1906 2035 1987 2056; x_wconf 90' lang='lat' dir='ltr'>vetus</span> <span class='ocrx_word' id='word_1_589' title='bbox 2012 2028 2096 2056; x_wconf 84' lang='lat' dir='ltr'>fuerit</span> <span class='ocrx_word' id='word_1_590' title='bbox 2116 2038 2134 2056; x_wconf 92' lang='lat' dir='ltr'>a</span> <span class='ocrx_word' id='word_1_591' title='bbox 2153 2029 2217 2056; x_wconf 91' lang='lat' dir='ltr'>Deo</span> <span class='ocrx_word' id='word_1_592' title='bbox 2219 2048 2347 2057; x_wconf 90' lang='lat'><strong>.....</strong></span> 
     </span>
    </p>
   </div>
   <div class='ocr_carea' id='block_1_61' title="bbox 1468 1999 2351 2335">
    <p class='ocr_par' dir='ltr' id='par_1_68' title="bbox 1468 1999 1670 2059">
     <span class='ocr_line' id='line_1_153' title="bbox 1468 1999 1658 2023; baseline -0.021 0"><span class='ocrx_word' id='word_1_593' title='bbox 1468 1999 1633 2023; x_wconf 71' lang='lat' dir='ltr'>AR‘rtcums</span> <span class='ocrx_word' id='word_1_594' title='bbox 1646 1999 1658 2019; x_wconf 94' lang='lat'>1</span> 
     </span>
     <span class='ocr_line' id='line_1_154' title="bbox 1551 2038 1670 2059; baseline 0.008 -1"><span class='ocrx_word' id='word_1_595' title='bbox 1551 2044 1566 2058; x_wconf 79' lang='grc'>»</span> <span class='ocrx_word' id='word_1_596' title='bbox 1646 2038 1670 2059; x_wconf 82' lang='lat'>11</span> 
     </span>
    </p>

    <p class='ocr_par' dir='ltr' id='par_1_69' title="bbox 1551 2067 2349 2146">
     <span class='ocr_line' id='line_1_155' title="bbox 1551 2067 2349 2104; baseline -0.005 -5"><span class='ocrx_word' id='word_1_597' title='bbox 1551 2083 1566 2098; x_wconf 64' lang='lat' dir='ltr'>a·</span> <span class='ocrx_word' id='word_1_598' title='bbox 1646 2078 1680 2099; x_wconf 83' lang='grc'>111</span> <span class='ocrx_word' id='word_1_599' title='bbox 1718 2070 1822 2098; x_wconf 89' lang='lat' dir='ltr'>Utrum</span> <span class='ocrx_word' id='word_1_600' title='bbox 1849 2069 1894 2097; x_wconf 85' lang='lat' dir='ltr'>lex</span> <span class='ocrx_word' id='word_1_601' title='bbox 1920 2075 2001 2096; x_wconf 89' lang='lat' dir='ltr'>vetus</span> <span class='ocrx_word' id='word_1_602' title='bbox 2022 2069 2089 2096; x_wconf 87' lang='lat' dir='ltr'>data</span> <span class='ocrx_word' id='word_1_603' title='bbox 2115 2067 2199 2096; x_wconf 85' lang='lat' dir='ltr'>fuerit</span> <span class='ocrx_word' id='word_1_604' title='bbox 2218 2077 2270 2104; x_wconf 86' lang='lat' dir='ltr'>per</span> <span class='ocrx_word' id='word_1_605' title='bbox 2297 2077 2349 2096; x_wconf 87' lang='lat' dir='ltr'>an-</span> 
     </span>
     <span class='ocr_line' id='line_1_156' title="bbox 1748 2109 2346 2146; baseline -0.002 -10"><span class='ocrx_word' id='word_1_606' title='bbox 1748 2109 1828 2146; x_wconf 87' lang='lat' dir='ltr'>gelos</span> <span class='ocrx_word' id='word_1_607' title='bbox 1832 2128 2346 2136; x_wconf 89' lang='grc'><strong>..................</strong></span> 
     </span>
    </p>

    <p class='ocr_par' dir='ltr' id='par_1_70' title="bbox 1648 2146 2350 2224">
     <span class='ocr_line' id='line_1_157' title="bbox 1648 2146 2347 2183; baseline -0.003 -5"><span class='ocrx_word' id='word_1_608' title='bbox 1648 2157 1680 2178; x_wconf 84' lang='lat' dir='ltr'>1v</span> <span class='ocrx_word' id='word_1_609' title='bbox 1718 2149 1822 2177; x_wconf 89' lang='lat' dir='ltr'>Utrum</span> <span class='ocrx_word' id='word_1_610' title='bbox 1842 2147 1886 2175; x_wconf 85' lang='lat' dir='ltr'>lex</span> <span class='ocrx_word' id='word_1_611' title='bbox 1899 2154 1980 2175; x_wconf 89' lang='lat' dir='ltr'>vetus</span> <span class='ocrx_word' id='word_1_612' title='bbox 1994 2147 2055 2175; x_wconf 90' lang='lat' dir='ltr'>dari</span> <span class='ocrx_word' id='word_1_613' title='bbox 2068 2146 2199 2175; x_wconf 89' lang='lat' dir='ltr'>debuerit</span> <span class='ocrx_word' id='word_1_614' title='bbox 2218 2147 2272 2175; x_wconf 82' lang='lat' dir='ltr'>soli</span> <span class='ocrx_word' id='word_1_615' title='bbox 2293 2156 2347 2183; x_wconf 86' lang='lat' dir='ltr'>po·</span> 
     </span>
     <span class='ocr_line' id='line_1_158' title="bbox 1747 2188 2350 2224; baseline -0.003 -8"><span class='ocrx_word' id='word_1_616' title='bbox 1747 2188 1817 2224; x_wconf 92' lang='lat' dir='ltr'>pulo</span> <span class='ocrx_word' id='word_1_617' title='bbox 1838 2188 2010 2215; x_wconf 88' lang='lat' dir='ltr'>ludaeorum</span> <span class='ocrx_word' id='word_1_618' title='bbox 2013 2207 2350 2215; x_wconf 88' lang='lat'>............</span> 
     </span>
    </p>

    <p class='ocr_par' dir='ltr' id='par_1_71' title="bbox 1650 2226 2350 2302">
     <span class='ocr_line' id='line_1_159' title="bbox 1650 2226 2350 2263; baseline -0.004 -6"><span class='ocrx_word' id='word_1_619' title='bbox 1650 2237 1670 2257; x_wconf 88' lang='lat' dir='ltr'>v</span> <span class='ocrx_word' id='word_1_620' title='bbox 1718 2229 1822 2256; x_wconf 92' lang='lat' dir='ltr'>Utrum</span> <span class='ocrx_word' id='word_1_621' title='bbox 1836 2236 1938 2255; x_wconf 89' lang='lat' dir='ltr'>omnes</span> <span class='ocrx_word' id='word_1_622' title='bbox 1952 2226 2084 2255; x_wconf 90' lang='lat' dir='ltr'>homines</span> <span class='ocrx_word' id='word_1_623' title='bbox 2104 2226 2299 2263; x_wconf 83' lang='lat' dir='ltr'>obligarentur</span> <span class='ocrx_word' id='word_1_624' title='bbox 2312 2227 2350 2254; x_wconf 88' lang='lat' dir='ltr'>ad</span> 
     </span>
     <span class='ocr_line' id='line_1_160' title="bbox 1750 2266 2350 2302; baseline -0.005 -6"><span class='ocrx_word' id='word_1_625' title='bbox 1750 2267 1960 2296; x_wconf 87' lang='lat' dir='ltr'>observandam</span> <span class='ocrx_word' id='word_1_626' title='bbox 1981 2273 2106 2294; x_wconf 90' lang='lat' dir='ltr'>veterem</span> <span class='ocrx_word' id='word_1_627' title='bbox 2126 2266 2218 2302; x_wconf 86' lang='lat' dir='ltr'>legem</span> <span class='ocrx_word' id='word_1_628' title='bbox 2223 2287 2350 2294; x_wconf 91' lang='grc'><strong>.....</strong></span> 
     </span>
    </p>

    <p class='ocr_par' dir='ltr' id='par_1_72' title="bbox 1649 2305 2351 2335">
     <span class='ocr_line' id='line_1_161' title="bbox 1649 2305 2351 2335; baseline -0.003 0"><span class='ocrx_word' id='word_1_629' title='bbox 1649 2315 1680 2335; x_wconf 86' lang='lat' dir='ltr'>vt</span> <span class='ocrx_word' id='word_1_630' title='bbox 1718 2307 1822 2335; x_wconf 89' lang='lat' dir='ltr'>Utrum</span> <span class='ocrx_word' id='word_1_631' title='bbox 1836 2306 1880 2334; x_wconf 87' lang='lat' dir='ltr'>lex</span> <span class='ocrx_word' id='word_1_632' title='bbox 1894 2313 1975 2334; x_wconf 91' lang='lat' dir='ltr'>vetus</span> <span class='ocrx_word' id='word_1_633' title='bbox 1988 2305 2193 2334; x_wconf 87' lang='lat' dir='ltr'>convenienter</span> <span class='ocrx_word' id='word_1_634' title='bbox 2206 2306 2274 2334; x_wconf 87' lang='lat' dir='ltr'>data</span> <span class='ocrx_word' id='word_1_635' title='bbox 2290 2305 2351 2333; x_wconf 87' lang='lat' dir='ltr'>fue-</span> 
     </span>
    </p>
   </div>
   <div class='ocr_carea' id='block_1_62' title="bbox 1748 2345 2348 2396">
    <p class='ocr_par' dir='ltr' id='par_1_73' title="bbox 1748 2345 2348 2396">
     <span class='ocr_line' id='line_1_162' title="bbox 1748 2345 2348 2396; baseline -0.002 -22"><span class='ocrx_word' id='word_1_636' title='bbox 1748 2346 1785 2374; x_wconf 89' lang='lat' dir='ltr'>rit</span> <span class='ocrx_word' id='word_1_637' title='bbox 1801 2352 1931 2382; x_wconf 89' lang='lat' dir='ltr'>tempore</span> <span class='ocrx_word' id='word_1_638' title='bbox 1946 2345 2048 2382; x_wconf 88' lang='lat' dir='ltr'>Moysi.</span> <span class='ocrx_word' id='word_1_639' title='bbox 2072 2367 2095 2396; x_wconf 46' lang='grc'>..</span> <span class='ocrx_word' id='word_1_640' title='bbox 2102 2366 2348 2374; x_wconf 90' lang='grc'><strong>.........</strong></span> 
     </span>
    </p>
   </div>
   <div class='ocr_carea' id='block_1_63' title="bbox 1711 2417 2288 2515">
    <p class='ocr_par' dir='ltr' id='par_1_74' title="bbox 1711 2417 2288 2515">
     <span class='ocr_line' id='line_1_163' title="bbox 1711 2417 2288 2453; baseline -0.002 -7"><span class='ocrx_word' id='word_1_641' title='bbox 1711 2418 1904 2453; x_wconf 88' lang='lat' dir='ltr'>QUAESTIO</span> <span class='ocrx_word' id='word_1_642' title='bbox 1930 2417 2288 2445; x_wconf 88' lang='lat' dir='ltr'><strong>NONAGESIMANONA</strong></span> 
     </span>
     <span class='ocr_line' id='line_1_164' title="bbox 1729 2477 2271 2515; baseline -0.004 -7"><span class='ocrx_word' id='word_1_643' title='bbox 1729 2478 1779 2508; x_wconf 89' lang='lat' dir='ltr'>De</span> <span class='ocrx_word' id='word_1_644' title='bbox 1806 2478 2002 2515; x_wconf 83' lang='lat' dir='ltr'>praeceptis</span> <span class='ocrx_word' id='word_1_645' title='bbox 2022 2478 2153 2506; x_wconf 87' lang='lat' dir='ltr'>veteris</span> <span class='ocrx_word' id='word_1_646' title='bbox 2174 2477 2271 2513; x_wconf 78' lang='lat' dir='ltr'>legis.</span> 
     </span>
    </p>
   </div>
   <div class='ocr_carea' id='block_1_64' title="bbox 1718 2542 2355 3170">
    <p class='ocr_par' dir='ltr' id='par_1_75' title="bbox 1718 2542 2355 3170">
     <span class='ocr_line' id='line_1_165' title="bbox 1718 2542 2352 2581; baseline -0.005 -8"><span class='ocrx_word' id='word_1_647' title='bbox 1718 2546 1822 2574; x_wconf 89' lang='lat' dir='ltr'>Utrum</span> <span class='ocrx_word' id='word_1_648' title='bbox 1836 2544 1867 2572; x_wconf 85' lang='lat' dir='ltr'>in</span> <span class='ocrx_word' id='word_1_649' title='bbox 1888 2545 1950 2581; x_wconf 87' lang='lat' dir='ltr'>lege</span> <span class='ocrx_word' id='word_1_650' title='bbox 1962 2543 2050 2571; x_wconf 90' lang='lat' dir='ltr'>veteri</span> <span class='ocrx_word' id='word_1_651' title='bbox 2064 2542 2245 2571; x_wconf 89' lang='lat' dir='ltr'>contineatur</span> <span class='ocrx_word' id='word_1_652' title='bbox 2257 2543 2352 2571; x_wconf 78' lang='lat' dir='ltr'>solum</span> 
     </span>
     <span class='ocr_line' id='line_1_166' title="bbox 1749 2589 2348 2620; baseline -0.003 -8"><span class='ocrx_word' id='word_1_653' title='bbox 1749 2594 1841 2612; x_wconf 89' lang='lat' dir='ltr'>unum</span> <span class='ocrx_word' id='word_1_654' title='bbox 1862 2589 2046 2620; x_wconf 85' lang='lat' dir='ltr'>praeceptum</span> <span class='ocrx_word' id='word_1_655' title='bbox 2050 2604 2348 2611; x_wconf 91' lang='lat'><em>...........</em></span> 
     </span>
     <span class='ocr_line' id='line_1_167' title="bbox 1721 2622 2354 2659; baseline -0.003 -7"><span class='ocrx_word' id='word_1_656' title='bbox 1721 2625 1824 2652; x_wconf 84' lang='lat' dir='ltr'>Utrum</span> <span class='ocrx_word' id='word_1_657' title='bbox 1851 2624 1896 2651; x_wconf 85' lang='lat' dir='ltr'>lex</span> <span class='ocrx_word' id='word_1_658' title='bbox 1924 2629 2005 2651; x_wconf 87' lang='lat' dir='ltr'>vetus</span> <span class='ocrx_word' id='word_1_659' title='bbox 2032 2622 2177 2650; x_wconf 90' lang='lat' dir='ltr'>contineat</span> <span class='ocrx_word' id='word_1_660' title='bbox 2202 2628 2354 2659; x_wconf 86' lang='lat' dir='ltr'>praecepta</span> 
     </span>
     <span class='ocr_line' id='line_1_168' title="bbox 1752 2663 2352 2692; baseline -0.002 -1"><span class='ocrx_word' id='word_1_661' title='bbox 1752 2663 1874 2692; x_wconf 90' lang='lat' dir='ltr'>moralia</span> <span class='ocrx_word' id='word_1_662' title='bbox 1894 2683 2352 2691; x_wconf 88' lang='grc'><strong>................</strong></span> 
     </span>
     <span class='ocr_line' id='line_1_169' title="bbox 1724 2701 2351 2738; baseline -0.003 -6"><span class='ocrx_word' id='word_1_663' title='bbox 1724 2705 1826 2732; x_wconf 91' lang='lat' dir='ltr'>Utrum</span> <span class='ocrx_word' id='word_1_664' title='bbox 1852 2702 1896 2730; x_wconf 87' lang='lat' dir='ltr'>lex</span> <span class='ocrx_word' id='word_1_665' title='bbox 1916 2708 1997 2730; x_wconf 89' lang='lat' dir='ltr'>vetus</span> <span class='ocrx_word' id='word_1_666' title='bbox 2028 2701 2173 2730; x_wconf 90' lang='lat' dir='ltr'>contineat</span> <span class='ocrx_word' id='word_1_667' title='bbox 2199 2708 2351 2738; x_wconf 85' lang='lat' dir='ltr'>praecepta</span> 
     </span>
     <span class='ocr_line' id='line_1_170' title="bbox 1752 2740 2351 2778; baseline -0.005 -7"><span class='ocrx_word' id='word_1_668' title='bbox 1752 2741 1980 2776; x_wconf 86' lang='lat' dir='ltr'>caeremonialia,</span> <span class='ocrx_word' id='word_1_669' title='bbox 1999 2748 2112 2778; x_wconf 87' lang='lat' dir='ltr'>praeter</span> <span class='ocrx_word' id='word_1_670' title='bbox 2133 2740 2261 2769; x_wconf 87' lang='lat' dir='ltr'>moralia.</span> <span class='ocrx_word' id='word_1_671' title='bbox 2284 2763 2291 2768; x_wconf 94' lang='lat'><em>.</em></span> <span class='ocrx_word' id='word_1_672' title='bbox 2315 2762 2321 2769; x_wconf 93' lang='lat'><strong><em>.</em></strong></span> <span class='ocrx_word' id='word_1_673' title='bbox 2345 2763 2351 2769; x_wconf 91' lang='lat'><em>.</em></span> 
     </span>
     <span class='ocr_line' id='line_1_171' title="bbox 1723 2780 2354 2818; baseline -0.005 -7"><span class='ocrx_word' id='word_1_674' title='bbox 1723 2784 1825 2811; x_wconf 91' lang='lat' dir='ltr'>Utrum</span> <span class='ocrx_word' id='word_1_675' title='bbox 1853 2788 1965 2818; x_wconf 90' lang='lat' dir='ltr'>praeter</span> <span class='ocrx_word' id='word_1_676' title='bbox 1991 2787 2144 2818; x_wconf 86' lang='lat' dir='ltr'>praecepta</span> <span class='ocrx_word' id='word_1_677' title='bbox 2178 2780 2299 2808; x_wconf 89' lang='lat' dir='ltr'>moralia</span> <span class='ocrx_word' id='word_1_678' title='bbox 2326 2787 2354 2809; x_wconf 88' lang='lat' dir='ltr'>et</span> 
     </span>
     <span class='ocr_line' id='line_1_172' title="bbox 1752 2820 2354 2857; baseline -0.005 -6"><span class='ocrx_word' id='word_1_679' title='bbox 1752 2821 1985 2856; x_wconf 85' lang='lat' dir='ltr'>caeremonialia,</span> <span class='ocrx_word' id='word_1_680' title='bbox 2007 2820 2064 2848; x_wconf 88' lang='lat' dir='ltr'>sint</span> <span class='ocrx_word' id='word_1_681' title='bbox 2091 2820 2177 2848; x_wconf 90' lang='lat' dir='ltr'>etiam</span> <span class='ocrx_word' id='word_1_682' title='bbox 2201 2826 2354 2857; x_wconf 88' lang='lat' dir='ltr'>praecepta</span> 
     </span>
     <span class='ocr_line' id='line_1_173' title="bbox 1752 2861 2351 2890; baseline -0.005 0"><span class='ocrx_word' id='word_1_683' title='bbox 1752 2861 1896 2890; x_wconf 83' lang='lat' dir='ltr'>iudicialia</span> <span class='ocrx_word' id='word_1_684' title='bbox 1897 2881 2351 2889; x_wconf 86' lang='grc'><strong>................</strong></span> 
     </span>
     <span class='ocr_line' id='line_1_174' title="bbox 1721 2898 2352 2938; baseline -0.005 -8"><span class='ocrx_word' id='word_1_685' title='bbox 1721 2902 1824 2930; x_wconf 90' lang='lat' dir='ltr'>Utrum</span> <span class='ocrx_word' id='word_1_686' title='bbox 1839 2901 1935 2938; x_wconf 88' lang='lat' dir='ltr'>aliqua</span> <span class='ocrx_word' id='word_1_687' title='bbox 1951 2899 2007 2928; x_wconf 87' lang='lat' dir='ltr'>alia</span> <span class='ocrx_word' id='word_1_688' title='bbox 2019 2906 2171 2936; x_wconf 87' lang='lat' dir='ltr'>praecepta</span> <span class='ocrx_word' id='word_1_689' title='bbox 2184 2898 2352 2927; x_wconf 89' lang='lat' dir='ltr'>continean-</span> 
     </span>
     <span class='ocr_line' id='line_1_175' title="bbox 1751 2938 2353 2977; baseline -0.005 -8"><span class='ocrx_word' id='word_1_690' title='bbox 1751 2948 1799 2969; x_wconf 93' lang='lat' dir='ltr'>tur</span> <span class='ocrx_word' id='word_1_691' title='bbox 1818 2941 1848 2968; x_wconf 90' lang='lat' dir='ltr'>in</span> <span class='ocrx_word' id='word_1_692' title='bbox 1875 2941 1937 2977; x_wconf 88' lang='lat' dir='ltr'>lege</span> <span class='ocrx_word' id='word_1_693' title='bbox 1962 2939 2050 2967; x_wconf 88' lang='lat' dir='ltr'>veteri</span> <span class='ocrx_word' id='word_1_694' title='bbox 2077 2945 2190 2975; x_wconf 87' lang='lat' dir='ltr'>praeter</span> <span class='ocrx_word' id='word_1_695' title='bbox 2216 2938 2353 2974; x_wconf 86' lang='lat' dir='ltr'>moralia,</span> 
     </span>
     <span class='ocr_line' id='line_1_176' title="bbox 1753 2978 2350 3009; baseline -0.005 0"><span class='ocrx_word' id='word_1_696' title='bbox 1753 2980 1896 3009; x_wconf 88' lang='lat' dir='ltr'>iudicialia</span> <span class='ocrx_word' id='word_1_697' title='bbox 1922 2986 1950 3007; x_wconf 87' lang='lat' dir='ltr'>et</span> <span class='ocrx_word' id='word_1_698' title='bbox 1970 2978 2189 3007; x_wconf 84' lang='lat' dir='ltr'>caeremonialia</span> <span class='ocrx_word' id='word_1_699' title='bbox 2190 2999 2350 3006; x_wconf 92' lang='grc'><em>......</em></span> 
     </span>
     <span class='ocr_line' id='line_1_177' title="bbox 1724 3017 2355 3049; baseline -0.005 0"><span class='ocrx_word' id='word_1_700' title='bbox 1724 3021 1827 3049; x_wconf 87' lang='lat' dir='ltr'>Utrum</span> <span class='ocrx_word' id='word_1_701' title='bbox 1847 3019 1891 3047; x_wconf 82' lang='lat' dir='ltr'>lex</span> <span class='ocrx_word' id='word_1_702' title='bbox 1910 3025 1991 3046; x_wconf 91' lang='lat' dir='ltr'>vetus</span> <span class='ocrx_word' id='word_1_703' title='bbox 2012 3018 2142 3046; x_wconf 87' lang='lat' dir='ltr'>debuerit</span> <span class='ocrx_word' id='word_1_704' title='bbox 2161 3017 2296 3046; x_wconf 89' lang='lat' dir='ltr'>inducere</span> <span class='ocrx_word' id='word_1_705' title='bbox 2317 3018 2355 3046; x_wconf 87' lang='lat' dir='ltr'>ad</span> 
     </span>
     <span class='ocr_line' id='line_1_178' title="bbox 1753 3058 2353 3095; baseline -0.005 -7"><span class='ocrx_word' id='word_1_706' title='bbox 1753 3058 1965 3088; x_wconf 84' lang='lat' dir='ltr'>observantiam</span> <span class='ocrx_word' id='word_1_707' title='bbox 1979 3064 2199 3095; x_wconf 81' lang='lat' dir='ltr'>praeceptorum</span> <span class='ocrx_word' id='word_1_708' title='bbox 2213 3067 2264 3094; x_wconf 85' lang='lat' dir='ltr'>per</span> <span class='ocrx_word' id='word_1_709' title='bbox 2282 3064 2353 3085; x_wconf 88' lang='lat' dir='ltr'>tem—</span> 
     </span>
     <span class='ocr_line' id='line_1_179' title="bbox 1753 3097 2353 3136; baseline -0.003 -9"><span class='ocrx_word' id='word_1_710' title='bbox 1753 3098 1867 3136; x_wconf 86' lang='lat' dir='ltr'>porales</span> <span class='ocrx_word' id='word_1_711' title='bbox 1896 3097 2103 3135; x_wconf 88' lang='lat' dir='ltr'>promissiones</span> <span class='ocrx_word' id='word_1_712' title='bbox 2135 3103 2163 3125; x_wconf 92' lang='lat' dir='ltr'>et</span> <span class='ocrx_word' id='word_1_713' title='bbox 2193 3097 2353 3125; x_wconf 86' lang='lat' dir='ltr'>commina-</span> 
     </span>
     <span class='ocr_line' id='line_1_180' title="bbox 1753 3145 2353 3170; baseline -0.003 -3"><span class='ocrx_word' id='word_1_714' title='bbox 1753 3145 1846 3168; x_wconf 79' lang='lat' dir='ltr'>tiones</span> <span class='ocrx_word' id='word_1_715' title='bbox 1862 3157 2353 3170; x_wconf 73' lang='grc'><strong>..................</strong></span> 
     </span>
    </p>
   </div>
   <div class='ocr_carea' id='block_1_65' title="bbox 1790 3210 2220 3246">
    <p class='ocr_par' dir='ltr' id='par_1_76' title="bbox 1790 3210 2220 3246">
     <span class='ocr_line' id='line_1_181' title="bbox 1790 3210 2220 3246; baseline -0.005 -7"><span class='ocrx_word' id='word_1_716' title='bbox 1790 3210 1981 3246; x_wconf 87' lang='lat' dir='ltr'>QUAESTIO</span> <span class='ocrx_word' id='word_1_717' title='bbox 2004 3210 2220 3238; x_wconf 83' lang='lat' dir='ltr'><strong>CENTESIMA</strong></span> 
     </span>
    </p>
   </div>
   <div class='ocr_carea' id='block_1_66' title="bbox 1634 3267 2373 3308">
    <p class='ocr_par' dir='ltr' id='par_1_77' title="bbox 1634 3267 2373 3308">
     <span class='ocr_line' id='line_1_182' title="bbox 1634 3267 2373 3308; baseline -0.007 -6"><span class='ocrx_word' id='word_1_718' title='bbox 1634 3273 1685 3302; x_wconf 89' lang='lat' dir='ltr'>De</span> <span class='ocrx_word' id='word_1_719' title='bbox 1703 3271 1898 3308; x_wconf 80' lang='lat' dir='ltr'>praeceptis</span> <span class='ocrx_word' id='word_1_720' title='bbox 1918 3269 2105 3300; x_wconf 83' lang='lat' dir='ltr'>moralibus</span> <span class='ocrx_word' id='word_1_721' title='bbox 2125 3269 2256 3298; x_wconf 77' lang='lat' dir='ltr'>veteris</span> <span class='ocrx_word' id='word_1_722' title='bbox 2276 3267 2373 3305; x_wconf 73' lang='lat' dir='ltr'>tegis.</span> 
     </span>
    </p>
   </div>
   <div class='ocr_carea' id='block_1_67' title="bbox 1477 3333 2362 3483">
    <p class='ocr_par' dir='ltr' id='par_1_78' title="bbox 1477 3333 2355 3410">
     <span class='ocr_line' id='line_1_183' title="bbox 1477 3333 2355 3370; baseline -0.008 -2"><span class='ocrx_word' id='word_1_723' title='bbox 1477 3346 1639 3368; x_wconf 68' lang='lat' dir='ltr'>Atti-munus</span> <span class='ocrx_word' id='word_1_724' title='bbox 1653 3346 1664 3366; x_wconf 89' lang='lat'>1</span> <span class='ocrx_word' id='word_1_725' title='bbox 1723 3337 1826 3365; x_wconf 88' lang='lat' dir='ltr'>Utrum</span> <span class='ocrx_word' id='word_1_726' title='bbox 1847 3334 1947 3363; x_wconf 82' lang='lat' dir='ltr'>omnia</span> <span class='ocrx_word' id='word_1_727' title='bbox 1972 3340 2123 3370; x_wconf 85' lang='lat' dir='ltr'>praecepta</span> <span class='ocrx_word' id='word_1_728' title='bbox 2150 3333 2270 3362; x_wconf 81' lang='lat' dir='ltr'>moralia</span> <span class='ocrx_word' id='word_1_729' title='bbox 2290 3342 2355 3370; x_wconf 84' lang='lat' dir='ltr'>per-</span> 
     </span>
     <span class='ocr_line' id='line_1_184' title="bbox 1755 3374 2352 3410; baseline -0.005 -6"><span class='ocrx_word' id='word_1_730' title='bbox 1755 3375 1865 3404; x_wconf 86' lang='lat' dir='ltr'>tineant</span> <span class='ocrx_word' id='word_1_731' title='bbox 1889 3375 1926 3402; x_wconf 91' lang='lat' dir='ltr'>ad</span> <span class='ocrx_word' id='word_1_732' title='bbox 1953 3374 2046 3410; x_wconf 88' lang='lat' dir='ltr'>legem</span> <span class='ocrx_word' id='word_1_733' title='bbox 2072 3379 2192 3402; x_wconf 80' lang='lat' dir='ltr'>naturae</span> <span class='ocrx_word' id='word_1_734' title='bbox 2194 3394 2352 3401; x_wconf 91' lang='grc'><em>......</em></span> 
     </span>
    </p>

    <p class='ocr_par' dir='ltr' id='par_1_79' title="bbox 1561 3411 2362 3483">
     <span class='ocr_line' id='line_1_185' title="bbox 1561 3411 2355 3451; baseline -0.003 -7"><span class='ocrx_word' id='word_1_735' title='bbox 1561 3429 1575 3444; x_wconf 76' lang='grc'><strong>»</strong></span> <span class='ocrx_word' id='word_1_736' title='bbox 1656 3425 1679 3446; x_wconf 83' lang='lat' dir='ltr'>n</span> <span class='ocrx_word' id='word_1_737' title='bbox 1727 3416 1831 3444; x_wconf 90' lang='lat' dir='ltr'>Utrum</span> <span class='ocrx_word' id='word_1_738' title='bbox 1852 3419 2002 3451; x_wconf 86' lang='lat' dir='ltr'>praecepta</span> <span class='ocrx_word' id='word_1_739' title='bbox 2016 3412 2136 3441; x_wconf 83' lang='lat' dir='ltr'>moralia</span> <span class='ocrx_word' id='word_1_740' title='bbox 2152 3411 2222 3450; x_wconf 83' lang='lat' dir='ltr'>legis</span> <span class='ocrx_word' id='word_1_741' title='bbox 2242 3412 2299 3442; x_wconf 81' lang='lat' dir='ltr'>sint</span> <span class='ocrx_word' id='word_1_742' title='bbox 2319 3413 2355 3442; x_wconf 86' lang='lat' dir='ltr'>de</span> 
     </span>
     <span class='ocr_line' id='line_1_186' title="bbox 1757 3452 2362 3483; baseline -0.003 0"><span class='ocrx_word' id='word_1_743' title='bbox 1757 3453 1892 3483; x_wconf 88' lang='lat' dir='ltr'>omnibus</span> <span class='ocrx_word' id='word_1_744' title='bbox 1916 3453 2026 3482; x_wconf 85' lang='lat' dir='ltr'>actibus</span> <span class='ocrx_word' id='word_1_745' title='bbox 2050 3452 2186 3481; x_wconf 86' lang='lat' dir='ltr'>virtutum</span> <span class='ocrx_word' id='word_1_746' title='bbox 2205 3473 2362 3481; x_wconf 91' lang='grc'><strong>......</strong></span> 
     </span>
    </p>
   </div>
   <div class='ocr_carea' id='block_1_68' title="bbox 2398 501 2515 528">
    <p class='ocr_par' dir='ltr' id='par_1_80' title="bbox 2398 501 2515 528">
     <span class='ocr_line' id='line_1_187' title="bbox 2398 501 2515 528; baseline -0.009 0"><span class='ocrx_word' id='word_1_747' title='bbox 2398 503 2414 517; x_wconf 78' lang='grc'><strong>»</strong></span> <span class='ocrx_word' id='word_1_748' title='bbox 2460 501 2515 528; x_wconf 88' lang='lat'>174</span> 
     </span>
    </p>
   </div>
   <div class='ocr_carea' id='block_1_69' title="bbox 2400 658 2518 756">
    <p class='ocr_par' dir='ltr' id='par_1_81' title="bbox 2400 658 2518 756">
     <span class='ocr_line' id='line_1_188' title="bbox 2400 658 2515 686; baseline 0.017 -11"><span class='ocrx_word' id='word_1_749' title='bbox 2400 660 2415 675; x_wconf 54' lang='grc' dir='ltr'>θ</span> <span class='ocrx_word' id='word_1_750' title='bbox 2461 658 2471 677; x_wconf 68' lang='grc' dir='ltr'>Ῐ</span> <span class='ocrx_word' id='word_1_751' title='bbox 2478 658 2515 686; x_wconf 82' lang='grc'>77</span> 
     </span>
     <span class='ocr_line' id='line_1_189' title="bbox 2402 727 2518 756; baseline 0.017 -2"><span class='ocrx_word' id='word_1_752' title='bbox 2402 739 2418 754; x_wconf 77' lang='grc'><strong>»</strong></span> <span class='ocrx_word' id='word_1_753' title='bbox 2479 727 2518 756; x_wconf 78' lang='lat' dir='ltr'>ib.</span> 
     </span>
    </p>
   </div>
   <div class='ocr_carea' id='block_1_70' title="bbox 2405 958 2521 1143">
    <p class='ocr_par' dir='ltr' id='par_1_82' title="bbox 2405 958 2521 1143">
     <span class='ocr_line' id='line_1_190' title="bbox 2405 958 2520 986; baseline 0.017 -2"><span class='ocrx_word' id='word_1_754' title='bbox 2405 969 2420 984; x_wconf 82' lang='lat'>›</span> <span class='ocrx_word' id='word_1_755' title='bbox 2466 958 2520 986; x_wconf 85' lang='lat'>180</span> 
     </span>
     <span class='ocr_line' id='line_1_191' title="bbox 2406 1037 2516 1064; baseline 0.018 -2"><span class='ocrx_word' id='word_1_756' title='bbox 2406 1047 2421 1062; x_wconf 63' lang='lat'>2</span> <span class='ocrx_word' id='word_1_757' title='bbox 2467 1037 2516 1064; x_wconf 92' lang='grc'>181</span> 
     </span>
     <span class='ocr_line' id='line_1_192' title="bbox 2406 1115 2521 1143; baseline 0.017 -2"><span class='ocrx_word' id='word_1_758' title='bbox 2406 1126 2421 1141; x_wconf 77' lang='lat'><strong>»</strong></span> <span class='ocrx_word' id='word_1_759' title='bbox 2467 1115 2521 1143; x_wconf 84' lang='lat'>182</span> 
     </span>
    </p>
   </div>
   <div class='ocr_carea' id='block_1_71' title="bbox 2403 1194 2524 1269">
    <p class='ocr_par' dir='ltr' id='par_1_83' title="bbox 2403 1194 2524 1269">
     <span class='ocr_line' id='line_1_193' title="bbox 2403 1194 2517 1222; baseline 0.018 -2"><span class='ocrx_word' id='word_1_760' title='bbox 2403 1204 2421 1220; x_wconf 71' lang='grc' dir='ltr'>ι</span> <span class='ocrx_word' id='word_1_761' title='bbox 2465 1194 2517 1222; x_wconf 85' lang='lat'>183</span> 
     </span>
     <span class='ocr_line' id='line_1_194' title="bbox 2406 1234 2524 1269; baseline 0.017 -9"><span class='ocrx_word' id='word_1_762' title='bbox 2406 1245 2422 1260; x_wconf 77' lang='grc'>»</span> <span class='ocrx_word' id='word_1_763' title='bbox 2468 1234 2524 1269; x_wconf 87' lang='grc'>184</span> 
     </span>
    </p>
   </div>
   <div class='ocr_carea' id='block_1_72' title="bbox 2403 1312 2519 1348">
    <p class='ocr_par' dir='ltr' id='par_1_84' title="bbox 2403 1312 2519 1348">
     <span class='ocr_line' id='line_1_195' title="bbox 2403 1312 2519 1348; baseline 0.009 -9"><span class='ocrx_word' id='word_1_764' title='bbox 2403 1323 2418 1339; x_wconf 78' lang='lat'><strong>»</strong></span> <span class='ocrx_word' id='word_1_765' title='bbox 2465 1312 2519 1348; x_wconf 88' lang='lat'>187</span> 
     </span>
    </p>
   </div>
   <div class='ocr_carea' id='block_1_73' title="bbox 2407 1562 2524 1748">
    <p class='ocr_par' dir='ltr' id='par_1_85' title="bbox 2407 1562 2524 1748">
     <span class='ocr_line' id='line_1_196' title="bbox 2407 1562 2522 1598; baseline 0.017 -10"><span class='ocrx_word' id='word_1_766' title='bbox 2407 1573 2422 1588; x_wconf 83' lang='lat'><strong>»</strong></span> <span class='ocrx_word' id='word_1_767' title='bbox 2468 1570 2478 1589; x_wconf 87' lang='lat'>1</span> <span class='ocrx_word' id='word_1_768' title='bbox 2485 1562 2522 1598; x_wconf 89' lang='lat'>89</span> 
     </span>
     <span class='ocr_line' id='line_1_197' title="bbox 2408 1649 2524 1677; baseline 0.009 -10"><span class='ocrx_word' id='word_1_769' title='bbox 2408 1652 2423 1667; x_wconf 81' lang='lat'><strong>»</strong></span> <span class='ocrx_word' id='word_1_770' title='bbox 2470 1649 2524 1677; x_wconf 85' lang='lat'>190</span> 
     </span>
     <span class='ocr_line' id='line_1_198' title="bbox 2408 1719 2524 1748; baseline 0.017 -2"><span class='ocrx_word' id='word_1_771' title='bbox 2408 1731 2424 1746; x_wconf 80' lang='lat'>›</span> <span class='ocrx_word' id='word_1_772' title='bbox 2485 1719 2524 1748; x_wconf 91' lang='lat' dir='ltr'>ib.</span> 
     </span>
    </p>
   </div>
   <div class='ocr_carea' id='block_1_74' title="bbox 2409 1807 2520 1834">
    <p class='ocr_par' dir='ltr' id='par_1_86' title="bbox 2409 1807 2520 1834">
     <span class='ocr_line' id='line_1_199' title="bbox 2409 1807 2520 1834; baseline 0.009 -9"><span class='ocrx_word' id='word_1_773' title='bbox 2409 1810 2424 1825; x_wconf 80' lang='lat'><strong>»</strong></span> <span class='ocrx_word' id='word_1_774' title='bbox 2470 1807 2520 1834; x_wconf 88' lang='lat'>191</span> 
     </span>
    </p>
   </div>
   <div class='ocr_carea' id='block_1_75' title="bbox 2413 1990 2578 2026">
    <p class='ocr_par' dir='ltr' id='par_1_87' title="bbox 2413 1990 2578 2026">
     <span class='ocr_line' id='line_1_200' title="bbox 2413 1990 2578 2026; baseline 0.012 -11"><span class='ocrx_word' id='word_1_775' title='bbox 2413 1990 2578 2026; x_wconf 74' lang='lat'><strong>»193⁸</strong></span> 
     </span>
    </p>
   </div>
   <div class='ocr_carea' id='block_1_76' title="bbox 2410 2038 2528 2382">
    <p class='ocr_par' dir='ltr' id='par_1_88' title="bbox 2410 2038 2528 2382">
     <span class='ocr_line' id='line_1_201' title="bbox 2410 2038 2528 2066; baseline -0.017 0"><span class='ocrx_word' id='word_1_776' title='bbox 2410 2040 2426 2055; x_wconf 78' lang='lat'>‘</span> <span class='ocrx_word' id='word_1_777' title='bbox 2472 2038 2528 2066; x_wconf 84' lang='lat'>194</span> 
     </span>
     <span class='ocr_line' id='line_1_202' title="bbox 2410 2107 2524 2144; baseline 0.018 -10"><span class='ocrx_word' id='word_1_778' title='bbox 2410 2118 2426 2134; x_wconf 62' lang='lat'>2</span> <span class='ocrx_word' id='word_1_779' title='bbox 2472 2107 2524 2144; x_wconf 90' lang='grc'>195</span> 
     </span>
     <span class='ocr_line' id='line_1_203' title="bbox 2413 2187 2528 2223; baseline 0.017 -10"><span class='ocrx_word' id='word_1_780' title='bbox 2413 2198 2428 2213; x_wconf 72' lang='grc'><strong>»</strong></span> <span class='ocrx_word' id='word_1_781' title='bbox 2474 2187 2528 2223; x_wconf 88' lang='grc'>196</span> 
     </span>
     <span class='ocr_line' id='line_1_204' title="bbox 2414 2275 2528 2303; baseline 0.009 -1"><span class='ocrx_word' id='word_1_782' title='bbox 2414 2277 2428 2292; x_wconf 74' lang='lat'>¹·</span> <span class='ocrx_word' id='word_1_783' title='bbox 2475 2275 2528 2303; x_wconf 89' lang='lat'>¹97</span> 
     </span>
     <span class='ocr_line' id='line_1_205' title="bbox 2413 2345 2528 2382; baseline 0.017 -11"><span class='ocrx_word' id='word_1_784' title='bbox 2413 2355 2429 2371; x_wconf 81' lang='lat'><strong>»</strong></span> <span class='ocrx_word' id='word_1_785' title='bbox 2475 2345 2528 2382; x_wconf 91' lang='grc'>198</span> 
     </span>
    </p>
   </div>
   <div class='ocr_carea' id='block_1_77' title="bbox 2413 2592 2529 2621">
    <p class='ocr_par' dir='ltr' id='par_1_89' title="bbox 2413 2592 2529 2621">
     <span class='ocr_line' id='line_1_206' title="bbox 2413 2592 2529 2621; baseline 0.017 -12"><span class='ocrx_word' id='word_1_786' title='bbox 2413 2594 2428 2609; x_wconf 70' lang='lat' dir='ltr'>&gt;v</span> <span class='ocrx_word' id='word_1_787' title='bbox 2474 2592 2529 2621; x_wconf 84' lang='lat'>199</span> 
     </span>
    </p>
   </div>
   <div class='ocr_carea' id='block_1_78' title="bbox 2416 2669 2531 2690">
    <p class='ocr_par' dir='ltr' id='par_1_90' title="bbox 2416 2669 2531 2690">
     <span class='ocr_line' id='line_1_207' title="bbox 2416 2669 2531 2690; baseline 0.017 -2"><span class='ocrx_word' id='word_1_788' title='bbox 2416 2673 2431 2688; x_wconf 76' lang='lat'><strong>»</strong></span> <span class='ocrx_word' id='word_1_789' title='bbox 2474 2669 2531 2690; x_wconf 93' lang='grc'>200</span> 
     </span>
    </p>
   </div>
   <div class='ocr_carea' id='block_1_79' title="bbox 2492 2741 2531 2770">
    <p class='ocr_par' dir='ltr' id='par_1_91' title="bbox 2492 2741 2531 2770">
     <span class='ocr_line' id='line_1_208' title="bbox 2492 2741 2531 2770; baseline 0.026 -1"><span class='ocrx_word' id='word_1_790' title='bbox 2492 2741 2531 2770; x_wconf 91' lang='lat' dir='ltr'>ib.</span> 
     </span>
    </p>
   </div>
   <div class='ocr_carea' id='block_1_80' title="bbox 2414 2867 2530 2888">
    <p class='ocr_par' dir='ltr' id='par_1_92' title="bbox 2414 2867 2530 2888">
     <span class='ocr_line' id='line_1_209' title="bbox 2414 2867 2530 2888; baseline 0.017 -2"><span class='ocrx_word' id='word_1_791' title='bbox 2414 2871 2430 2886; x_wconf 63' lang='lat' dir='ltr'>x</span> <span class='ocrx_word' id='word_1_792' title='bbox 2472 2867 2530 2888; x_wconf 89' lang='lat'>202</span> 
     </span>
    </p>
   </div>
   <div class='ocr_carea' id='block_1_81' title="bbox 2415 2978 2529 3006">
    <p class='ocr_par' dir='ltr' id='par_1_93' title="bbox 2415 2978 2529 3006">
     <span class='ocr_line' id='line_1_210' title="bbox 2415 2978 2529 3006; baseline 0 0"><span class='ocrx_word' id='word_1_793' title='bbox 2415 2990 2430 3006; x_wconf 63' lang='lat' dir='ltr'><em>w</em></span> <span class='ocrx_word' id='word_1_794' title='bbox 2474 2978 2529 3006; x_wconf 84' lang='lat'>203</span> 
     </span>
    </p>
   </div>
   <div class='ocr_carea' id='block_1_82' title="bbox 2415 3142 2534 3171">
    <p class='ocr_par' dir='ltr' id='par_1_94' title="bbox 2415 3142 2534 3171">
     <span class='ocr_line' id='line_1_211' title="bbox 2415 3142 2534 3171; baseline 0.008 -8"><span class='ocrx_word' id='word_1_795' title='bbox 2415 3147 2432 3163; x_wconf 67' lang='lat' dir='ltr'>t</span> <span class='ocrx_word' id='word_1_796' title='bbox 2474 3142 2534 3171; x_wconf 78' lang='grc'>204</span> 
     </span>
    </p>
   </div>
   <div class='ocr_carea' id='block_1_83' title="bbox 2416 3373 2532 3401">
    <p class='ocr_par' dir='ltr' id='par_1_95' title="bbox 2416 3373 2532 3401">
     <span class='ocr_line' id='line_1_212' title="bbox 2416 3373 2532 3401; baseline 0.017 -2"><span class='ocrx_word' id='word_1_797' title='bbox 2416 3384 2432 3399; x_wconf 80' lang='lat'><strong>›</strong></span> <span class='ocrx_word' id='word_1_798' title='bbox 2474 3373 2532 3401; x_wconf 86' lang='lat'>206</span> 
     </span>
    </p>
   </div>
   <div class='ocr_carea' id='block_1_84' title="bbox 2418 3458 2534 3488">
    <p class='ocr_par' dir='ltr' id='par_1_96' title="bbox 2418 3458 2534 3488">
     <span class='ocr_line' id='line_1_213' title="bbox 2418 3458 2534 3488; baseline 0.009 -10"><span class='ocrx_word' id='word_1_799' title='bbox 2418 3463 2434 3478; x_wconf 77' lang='lat'><strong>»</strong></span> <span class='ocrx_word' id='word_1_800' title='bbox 2477 3458 2534 3488; x_wconf 88' lang='grc'>207</span> 
     </span>
    </p>
   </div>
  </div>
 </body>
</html>
