2840 4010
102 1386 111 1395 ·
125 1385 176 1406 Art.
192 1384 296 1411 praeced.

338 134 414 175 280

338 214 454 250 intrat
478 213 516 250 in
545 224 598 259 os,
628 213 843 260 coinquinat
859 212 1059 248 hominem.
1087 211 1189 257 Ergo
1211 210 1270 245 lex
1298 221 1400 245 nova

339 277 418 303 non
448 273 502 302 est
530 266 723 314 impletiva
750 264 901 301 veteris.

395 320 430 356 3
459 318 698 364 PRAETEREA,
728 316 961 364 quicumque
995 303 1125 351 contra
1151 314 1275 361 legem
1304 313 1400 362 agit,

340 383 418 409 non
448 371 579 420 implet
598 372 733 418 legem.
756 369 832 405 Sed
853 367 1051 404 Christus'
1043 379 1083 403 m
1100 366 1292 414 aliquibus
1311 378 1401 404 con-

339 432 395 460 tra
421 425 545 471 legem
574 423 670 459 fecit.
701 420 839 468 Tetigit
857 421 959 456 enim
979 421 1186 468 leprosum,
1207 426 1249 456 ut
1268 419 1402 456 dicitur

340 477 473 513 Matth.
494 487 554 511 vm
573 475 608 510 *ε
638 473 744 522 quod
776 480 856 509 erat
890 480 1022 509 contra
1048 473 1185 520 legem.
1223 471 1405 509 Similiter

341 529 452 565 etiam
471 528 622 565 videtur
647 527 848 563 sabbatum
867 525 1007 574 pluries
1025 525 1208 569 violasse:
1228 527 1332 562 unde
1352 525 1400 562 de

340 593 386 617 eo
417 581 592 616 dicebant
612 579 757 625 Iudaei,
781 580 885 615 Ioan.
907 590 942 614 tx
960 578 996 614 *z
1023 578 1116 615 Non
1135 583 1195 614 est
1208 577 1271 614 hic
1286 578 1400 615 homo

339 645 362 669 a
383 634 475 678 Deo,
505 633 570 680 qui
594 633 789 668 sabbatum
814 643 891 667 non
910 631 1076 668 custodit.
1107 631 1210 678 Ergo
1230 630 1399 668 Christus

339 697 416 722 non
432 684 604 733 implevit
622 685 758 731 legem.
775 684 826 720 Et
838 683 890 720 ita
903 684 962 720 lex
977 694 1080 720 nova
1096 683 1184 721 data
1198 695 1220 720 a
1236 683 1400 732 Christo,

339 749 416 774 non
445 745 501 774 est
526 737 665 774 veteris
689 736 897 785 impletiva.

390 801 427 835 4.
444 791 677 836 PRAETEREA,
694 789 732 826 in
746 789 866 826 veteri
881 789 962 838 lege
983 789 1274 827 continebantur
1291 801 1401 837 prae·

339 850 447 891 cepta
474 842 644 890 moralia,
675 842 966 879 caeremonialia
995 850 1031 879 et
1058 842 1256 890 iudicialia,
1276 849 1318 879 ut
1339 854 1402 879 su-

188 911 201 925 x
226 911 247 930 κ,
268 911 310 926 ar·
336 907 406 944 pra
429 895 449 917 *
477 895 620 933 dictum
656 903 723 932 est.
759 896 837 932 Sed
865 895 1074 943 Dominus,
1109 895 1243 932 Matth.
1266 907 1307 943 v,
1335 894 1402 932 ubi

338 956 523 1007 quantum
550 950 602 986 ‘ad
631 948 756 997 aliqua
783 949 907 997 legem
925 949 1109 998 implevit,
1129 948 1273 985 nullam
1292 959 1399 985 men·

337 1001 480 1039 tionem
499 1002 649 1039 videtur
677 1001 799 1038 facere
824 1002 872 1039 de
891 1002 1129 1039 iudicialibus
1149 1008 1186 1037 et
1207 1011 1401 1038 caeremo-

338 1054 510 1091 nialibus.
541 1054 645 1102 Ergo
672 1054 824 1091 videtur
852 1055 956 1103 quod
983 1056 1041 1092 lex
1061 1066 1166 1092 nova
1183 1066 1262 1090 non
1282 1053 1328 1090 sit
1345 1061 1401 1090 to-

336 1108 457 1144 taliter
483 1107 622 1144 veteris
651 1107 857 1156 impletiva.

391 1162 466 1197 SED
487 1171 633 1197 CONTRA
646 1170 713 1196 EST
733 1161 836 1208 quod
856 1159 1049 1196 Dominus
1068 1159 1167 1206 dicit,
1184 1159 1318 1196 Matth.
1330 1159 1400 1196 v*:

337 1214 428 1250 Non
456 1214 544 1250 veni
571 1213 717 1249 solvere
747 1212 890 1262 legem,
919 1213 986 1249 sed
1010 1212 1226 1261 adimplere.
1256 1213 1306 1248 Et
1331 1224 1401 1260 po-

338 1273 418 1302 stea
440 1265 460 1287 ²⁸
487 1265 634 1303 subdit:
667 1266 752 1302 Iota
786 1276 924 1311 unum,
953 1271 1020 1301 aut
1052 1277 1148 1302 unus
1175 1275 1295 1313 apex,
1323 1277 1403 1302 non

332 1319 553 1368 praeteribit
578 1331 602 1355 a
632 1318 725 1368 lege,
755 1318 873 1355 donec
900 1318 1027 1355 omnia
1046 1320 1160 1366 fiant.

391 1373 617 1409 Respososo
642 1382 825 1408 memnona
854 1371 978 1420 quod,
999 1372 1095 1408 sicut
1124 1370 1266 1408 dictum
1295 1377 1350 1407 est
1366 1370 1397 1416 ²¹³,

337 1426 396 1461 lex
416 1437 519 1462 nova
540 1432 783 1473 comparatur
809 1424 857 1461 ad
880 1431 1051 1461 veterem
1076 1424 1172 1461 sicut
1189 1423 1401 1472 perfectum

338 1478 387 1515 ad
402 1478 678 1527 imperfectum.
701 1478 829 1514 Omne
844 1485 971 1514 autem
986 1478 1199 1526 perfectum
1219 1476 1402 1525 adimplet

336 1531 374 1568 id
404 1531 508 1580 quod
536 1530 756 1579 imperfecto
777 1531 893 1567 deest.
923 1531 972 1567 Et
999 1531 1211 1567 secundum
1239 1530 1315 1566 hoc
1341 1530 1400 1566 lex

336 1595 440 1621 nova
459 1584 640 1633 adimplet
662 1591 832 1620 veterem
852 1584 986 1631 legem,
1007 1584 1232 1632 inquantum
1251 1583 1402 1631 supplet

337 1637 428 1674 illud
458 1637 562 1686 quod
589 1637 708 1674 veteri
736 1636 808 1684 legi
837 1637 976 1674 deerat.

391 1692 432 1727 In
451 1690 570 1727 veteri
597 1697 725 1727 autem
754 1690 835 1737 lege
863 1690 941 1727 duo
961 1697 1122 1738 possunt
1149 1688 1399 1726 considerari:

337 1743 476 1780 scilicet
493 1743 596 1788 finis3
627 1750 663 1779 et
680 1750 883 1792 praecepta
903 1749 1078 1779 contenta
1106 1743 1143 1779 in
1172 1743 1266 1790 lege.
1297 1741 1400 1779 Finis

336 1807 430 1834 vero
464 1796 663 1833 cuiuslibet
694 1795 785 1843 legis
821 1803 876 1832 est
907 1803 949 1832 ut
980 1796 1157 1832 homines
1190 1795 1401 1832 efficiantur

176 1871 190 1885 x
213 1870 309 1891 tam.
336 1849 422 1886 iusti
451 1857 487 1886 et
514 1849 683 1895 virtuosi,
712 1856 754 1885 ut
782 1849 929 1897 supra*
955 1848 1097 1885 dictum
1127 1856 1193 1885 est.
1223 1848 1335 1885 Unde
1348 1850 1400 1885 bet

97 3076 106 3084 ⁸
120 3074 187 3096 Vers.
201 3082 223 3102 4.

337 1903 422 1939 finis
437 1903 575 1940 veteris
594 1902 684 1949 legis
705 1901 791 1938 erat
803 1901 1017 1939 lustificatio
1033 1902 1248 1938 hominum.
1270 1902 1399 1948 Quam

337 1955 493 2004 quidem
512 1956 571 1992 lex
591 1955 741 1992 efficere
757 1967 835 1991 non
849 1962 1008 2003 poterat,
1029 1955 1098 1992 sed
1112 1955 1300 2003 figurabat
1317 1955 1400 2004 qui·-

337 2009 498 2046 busdam
536 2008 877 2045 caeremonialibus
913 2008 1043 2055 factis,
1081 2017 1117 2045 et
1152 2007 1399 2058 promittebat

337 2062 475 2102 verbis.
497 2062 546 2098 Et
565 2068 750 2111 quantum
770 2061 819 2098 ad
838 2062 929 2108 hoc,
958 2062 1015 2097 lex
1044 2073 1148 2098 nova
1175 2061 1308 2110 implet
1331 2073 1398 2099 ve-

337 2123 456 2152 terem
473 2116 595 2162 legem
610 2114 848 2151 iustificando
864 2114 1000 2151 virtute
1016 2112 1031 2143 β
1046 2114 1232 2163 passionis
1248 2114 1398 2152 Christi.

338 2169 386 2205 Et
405 2169 480 2205 hoc
505 2175 559 2204 est
587 2168 691 2216 quod
719 2168 926 2215 Apostolus
955 2167 1054 2214 dicit,
1079 2169 1131 2205 ad
1147 2169 1260 2205 Rom.
1279 2167 1397 2205 V111*:

341 2222 451 2263 Quod
481 2220 703 2269 impossibile
730 2226 814 2256 erat
843 2220 935 2270 legi,
966 2221 1087 2267 Deus,
1116 2221 1256 2258 Filium
1287 2232 1397 2258 suum

337 2275 482 2311 mittens
505 2274 541 2310 in
570 2273 845 2310 similitudinem
872 2274 997 2310 carnis
1019 2275 1176 2322 peccati,
1205 2274 1400 2312 damnavit

330 2333 527 2375 peccatum
548 2327 584 2363 in
605 2339 731 2372 carne,
759 2332 800 2362 ut
825 2327 1033 2372 iustificatio
1061 2327 1155 2377 legis
1182 2326 1399 2375 impleretur

337 2381 373 2417 in
397 2380 514 2418 nobis.
536 2402 559 2408 -
579 2381 628 2417 Et
647 2386 831 2428 quantum
853 2379 901 2416 ad
921 2380 1010 2428 hoc,
1036 2380 1095 2417 lex
1124 2392 1227 2417 nova
1247 2379 1399 2418 exhibet

336 2433 441 2481 quod
465 2433 523 2470 lex
542 2440 652 2470 vetus
672 2431 929 2481 promittebat;
951 2433 1162 2470 secundum
1184 2432 1273 2470 illud
1295 2434 1327 2471 11
1346 2433 1399 2471 ad

341 2487 510 2523 Cor.1*:
535 2486 724 2534 Quotquot
742 2486 1011 2533 promissiones
1039 2487 1113 2523 Dei
1137 2492 1237 2531 sunt,
1268 2487 1305 2523 in
1333 2486 1395 2523 illo

335 2545 397 2586 est,
418 2539 515 2576 idest
534 2539 572 2575 in
593 2538 754 2575 Christo.
772 2560 795 2565 —
812 2539 860 2575 Et
879 2538 1015 2575 iterum
1035 2547 1221 2588 quantum
1241 2539 1290 2576 ad
1308 2539 1394 2586 hoc,

335 2592 446 2629 etiam
476 2593 643 2641 complet
661 2591 765 2640 quod
784 2599 894 2628 vetus
918 2592 976 2628 lex
994 2592 1192 2640 figurabat.
1217 2592 1330 2630 Unde
1347 2593 1399 2630 ad

340 2645 459 2682 Colos.
482 2658 504 2682 11
524 2645 543 2666 ²¹⁸
572 2645 705 2682 dicitur
729 2644 776 2681 de
797 2645 1139 2682 caeremonialibus
1163 2646 1268 2694 quod
1290 2652 1397 2682 erant

335 2700 469 2735 umbra
477 2700 719 2747 futurorum,
737 2709 872 2745 corpus
890 2704 1014 2735 autem
1035 2699 1189 2735 Christi.-
1205 2698 1312 2745 idest,
1327 2709 1393 2735 ve—

335 2751 421 2788 ritas
441 2751 600 2800 pertinet
619 2751 667 2788 ad
689 2750 893 2788 Christum.
915 2751 1026 2788 Unde
1053 2752 1110 2788 lex
1138 2764 1239 2788 nova
1264 2751 1396 2789 dicitur

334 2805 396 2841 Iex
414 2805 594 2841 veritatis.-
613 2805 671 2841 lex
691 2811 818 2840 autem
836 2811 947 2840 vetus
967 2805 1124 2841 umbrae
1142 2805 1203 2841 vel
1221 2806 1393 2854 figurae.

387 2858 594 2906 Praecepta
619 2869 714 2894 vero
742 2857 881 2894 veteris
915 2857 1005 2905 legis
1034 2857 1257 2907 adimplevit
1285 2857 1393 2895 Chri-

334 2918 411 2947 stus
442 2918 478 2947 et
505 2922 639 2959 opere,
669 2917 705 2946 et
733 2909 915 2948 doctrina.
946 2910 1073 2959 Opere
1102 2909 1276 2958 quidem,
1305 2908 1395 2963 quia

335 2963 552 3000 circumcidi
570 2963 702 3010 voluit,
729 2971 765 3000 et
793 2962 865 3000 alia
891 2962 1024 3011 legalia
1047 2963 1266 3010 observare,
1294 2974 1394 3012 quae

335 3023 439 3053 erant
466 3017 530 3054 illo
560 3023 733 3065 tempore
762 3016 1022 3062 observanda;
1057 3017 1269 3054 secundum
1302 3014 1392 3055 illud

337 3069 420 3106 Gal.
432 3081 467 3105 ιν
480 3069 517 3106 *z
531 3070 689 3106 Factum
708 3069 776 3106 sub
795 3068 889 3119 Iege.
907 3091 930 3097 —
946 3069 1024 3106 Sua
1044 3078 1172 3107 autem
1187 3075 1203 3098 Υ
1222 3066 1393 3108 doctrina

334 3121 555 3171 adimplevit
580 3129 784 3172 praecepta
813 3120 903 3170 legis
932 3121 1134 3171 tripliciter.
1163 3120 1294 3160 Primo
1315 3122 1393 3172 qui-

334 3174 435 3221 dem,
464 3187 598 3211 verum
624 3174 854 3212 intellectum
882 3174 972 3223 legis
1002 3175 1261 3224 exprimendo.
1289 3174 1394 3213 Sicut

332 3234 435 3276 patet
463 3226 501 3264 in
528 3227 732 3265 homicidio
763 3236 799 3265 et
826 3226 1022 3275 adulterio,
1052 3228 1091 3266 in
1118 3241 1286 3277 quorum
1305 3240 1392 3278 pro-

332 3279 513 3316 hibitione
547 3280 701 3317 Scribae
736 3289 771 3318 et
804 3280 998 3318 Pharisaei
1031 3293 1108 3318 non
1140 3281 1394 3330 intelligebant

385 3366 411 3401 β)
431 3367 536 3392 virtute.
549 3380 568 3385 —
582 3375 632 3399 per
651 3367 774 3392 virtutem
795 3368 841 3394 Pa.

384 3403 411 3436 γ)
431 3405 528 3427 autem.
541 3416 559 3420 -
577 3403 656 3427 etiam
676 3403 704 3431 F,
724 3411 777 3428 om.
797 3405 881 3428 ceteri.

384 3437 410 3471 ὀ)
430 3445 503 3462 casu.
516 3451 535 3456 —
552 3445 633 3462 causa
653 3438 918 3463 PABCDEFGHIIA.

385 3472 407 3507 ε)
430 3473 569 3497 Dominus.
584 3486 602 3491 -
621 3473 682 3496 Om.
702 3473 729 3496 P.

1027 131 1292 179 QUAESTDO
1323 131 1448 178 CVII,
1470 131 1766 168 ARTICULUS
1795 132 1833 170 11¹

1454 209 1524 246 nisi
1552 209 1778 246 exteriorem
1807 216 1935 246 actum
1963 211 2221 258 prohibitum:
2250 214 2354 251 unde
2382 214 2518 251 Domi-

1388 280 1390 284 *
1454 270 1526 299 nus
1554 263 1678 310 legem
1707 261 1940 310 adimplevit,
1966 263 2205 301 ostendendo
2224 265 2339 303 etiam
2366 266 2517 304 interio-

1455 327 1512 351 res
1532 322 1637 351 actus
1656 322 1902 363 peccatorum
1922 315 2058 352 cadere
2087 317 2158 353 sub
2176 318 2479 365 prohibitione.
2447 320 2467 342 ’¹‘
2491 340 2516 348 -

1454 368 1647 414 Secundo,
1667 367 1899 416 adimplevit
1906 368 2099 405 Dominus
2118 378 2320 418 praecepta
2338 372 2443 420 legis,
2457 385 2517 410 or-

1455 418 1621 457 dinando
1651 420 1851 468 quomodo
1881 420 1996 457 tutius
2030 421 2298 459 observaretur
2326 425 2433 471 quod
2457 425 2518 462 lex

1452 481 1563 511 vetus
1591 481 1781 510 statuerat.
1812 473 1918 510 Sicut
1935 474 1995 510 lex
2013 481 2123 511 vetus
2141 481 2321 512 stamerat
2337 483 2382 512 ut
2396 477 2517 514 homo

1453 538 1532 563 non
1561 526 1768 574 peiuraret:
1794 534 1830 563 et
1847 527 1924 563 hoc
1950 526 2065 564 tutius
2090 527 2316 565 observamr
2338 528 2368 565 si
2393 530 2516 566 omni—

1453 592 1504 616 no
1526 591 1552 615 a
1574 579 1788 615 iuramento
1817 579 2002 616 abstineat
2014 579 2046 626 ⁷¹⁸,
2065 579 2137 616 nisi
2155 580 2194 617 in
2214 592 2306 617 casu
2320 579 2336 603 Β
2356 582 2519 619 necessi·
2545 596 2553 604 ·

1453 631 1549 668 tatis.
1570 653 1594 660 -
1615 631 1758 678 Tertio,
1785 631 2009 680 adimplevit
2036 632 2228 670 Dominus
2247 641 2450 683 praecepta
2469 635 2517 672 le-

1453 685 1521 732 gis,
1551 684 1846 733 superaddendo
1871 686 2062 733 quaedam
2081 686 2322 735 perfectionis
2342 687 2514 724 consilia:

1453 745 1495 774 ut
1526 744 1629 786 patet
1660 737 1797 773 Matth.
1824 746 1906 784 xix,
1939 739 2007 783 ubi
2038 739 2232 776 Dominus
2261 744 2283 760 ⁸·
2302 739 2445 777 dicenti
2474 752 2515 778 se

1454 791 1679 827 observasse
1708 796 1911 838 praecepta
1927 792 2066 828 veteris
2084 792 2188 840 legis,
2219 791 2309 829 dicit
2323 793 2364 829 *ε
2388 794 2552 830 Unum

1453 844 1520 880 tihi
1548 843 1656 879 deest.
1691 842 1734 878 Si
1764 842 1820 878 vis
1851 844 2040 891 perfectus
2072 856 2169 891 esse,
2201 846 2299 882 vade
2329 852 2366 882 et
2399 846 2518 883 vende

1454 896 1581 933 omnia
1610 907 1706 943 quae
1732 895 1857 940 habes,
1887 902 1958 933 etc.

1506 952 1565 986 An
1594 960 1731 985 PR1MUM
1757 959 1858 984 ERGO
1886 959 2070 987 mceumm
2091 951 2197 999 quod
2224 951 2284 987 lex
2311 963 2415 988 nova
2436 963 2516 988 non

1455 1008 1614 1039 evacuat
1641 1000 1923 1042 observantiam
1952 1002 2091 1039 veteris
2115 1003 2206 1051 legis
2229 1004 2300 1041 nisi
2327 1011 2514 1053 quantum

1454 1055 1502 1092 ad
1531 1053 1832 1100 caeremonialia,
1861 1061 1904 1090 ut
1930 1065 2047 1103 supra
2065 1054 2085 1076 '¹‘
2111 1056 2284 1094 habitum
2310 1064 2378 1094 est.
2407 1058 2516 1094 Haec

1454 1114 1582 1144 autem
1612 1114 1716 1143 erant
1743 1106 1782 1143 in
1802 1106 1965 1154 figuram
1989 1107 2112 1144 futuri.
2142 1109 2257 1146 Unde
2273 1122 2319 1146 ex
2335 1111 2414 1147 hoc
2429 1110 2514 1159 ipso

1453 1160 1560 1209 quod
1588 1159 1879 1196 caeremonialia
1906 1167 2110 1209 praecepta
2128 1169 2216 1198 sunt
2233 1162 2409 1211 impleta,
2429 1175 2515 1212 per-

1453 1213 1558 1250 fectis
1586 1213 1643 1249 his
1660 1224 1756 1261 quae
1776 1212 2048 1260 figurabantur,
2069 1225 2148 1250 non
2168 1221 2254 1251 sunt
2270 1215 2428 1252 ulterius
2447 1217 2517 1254 ob-

1454 1265 1663 1303 servanda:
1693 1264 1783 1313 quia
1810 1265 1841 1301 si
1861 1266 2169 1314 observarentur,
2184 1267 2311 1304 adhuc
2329 1267 2516 1316 significa-

1454 1326 1554 1355 retur
1581 1318 1722 1366 aliquid
1749 1325 1791 1354 ut
1817 1318 1988 1355 futurum
2013 1326 2049 1356 et
2069 1331 2148 1356 non
2166 1319 2379 1379 impletum.
2410 1320 2516 1358 Sicut

1454 1372 1569 1408 etiam
1589 1370 1791 1430 promissio
1811 1371 1923 1417 futuri
1942 1372 2034 1409 doni
2051 1373 2204 1410 locum
2195 1385 2273 1411 tam
2288 1385 2367 1411 non
2382 1373 2517 1422 habat,

1452 1424 1707 1473 promissione
1735 1424 1812 1460 iam
1841 1414 1997 1473 implam
2023 1437 2093 1474 per
2117 1426 2208 1462 doni
2227 1426 2515 1465 exhibitionem.

1454 1478 1503 1514 Et
1524 1489 1591 1526 per
1613 1478 1715 1514 hunc
1741 1476 1914 1524 modum,
1935 1478 2202 1516 caeremoniae
2222 1479 2317 1527 legis
2333 1479 2517 1518 tolluntnn

1454 1542 1542 1567 cum
1570 1530 1784 1578 implentur.

1505 1585 1565 1620 AD
1593 1595 1783 1620 SECUNDUM
1811 1594 1995 1621 mcaunum
2022 1584 2139 1633 quod,
2165 1584 2264 1622 sicut
2282 1585 2516 1634 Augustinus

1454 1635 1553 1683 dicit,
1574 1637 1712 1673 Contra
1726 1637 1909 1672 Faustum
1917 1636 1949 1683 ²⁸,
1965 1642 2168 1686 praecepta
2181 1637 2245 1675 illa
2258 1638 2417 1676 Domini
2434 1650 2515 1678 nun

1453 1697 1540 1726 sunt
1559 1689 1744 1726 contraria
1768 1689 1979 1738 praeceptis
1997 1690 2139 1727 veteris
2155 1690 2259 1738 legis.
2288 1691 2399 1733 Quod
2413 1692 2514 1733 enim

1453 1743 1638 1779 Dominus
1651 1742 1844 1790 praecepit
1861 1742 1908 1779 de
1926 1754 2047 1780 uxore
2066 1755 2141 1780 non
2157 1742 2169 1767 ζ
2187 1744 2416 1790 dimittenda,
2436 1738 2515 1782 m

1453 1801 1507 1832 est
1531 1796 1762 1832 contrarium
1782 1796 1818 1832 ei
1834 1796 1936 1843 quod
1951 1796 2015 1833 lex
2026 1797 2230 1845 praecepit.
2258 1797 2396 1846 Neque
2412 1798 2515 1836 enim

1452 1848 1505 1884 ait
1530 1848 1614 1885 lex:
1646 1849 1721 1890 Qui
1745 1848 1915 1895 voluerit,
1943 1849 2104 1886 dimittat
2129 1861 2309 1895 uxorem;
2334 1851 2396 1887 cui
2422 1857 2515 1888 essa

1452 1902 1683 1938 contrarium
1713 1913 1787 1938 non
1816 1902 2008 1939 dimittere.
2038 1903 2113 1940 Sed
2139 1903 2264 1951 utique
2288 1903 2441 1941 nolebat
2459 1904 2515 1941 dia

1452 1954 1548 1991 mitti
1574 1966 1732 1991 uxorem
1752 1966 1776 1991 a
1795 1955 1890 2000 viro,
1911 1955 1978 2003 qui
1993 1956 2092 1992 hanc
2117 1956 2335 2005 interposuit
2350 1964 2515 2003 moram,-

1454 2012 1494 2043 ut
1520 2007 1557 2043 in
1585 2008 1776 2044 dissidium
1813 2008 1963 2045 animus
1992 2019 2176 2057 praeceps
2207 2009 2322 2047 libelli
2351 2010 2515 2047 conscri-

1444 2060 1574 2108 ptione
1594 2062 1779 2107 refractus
1792 2061 1993 2098 absisteret.
2011 2062 2354 2107 Unde*Dominus‚
2374 2063 2428 2100 ad
2442 2064 2516 2101 hoo

1451 2114 1752 2161 confirmandum
1782 2119 1823 2149 ut
1848 2126 1922 2150 non
1946 2114 2063 2161 facile
2091 2115 2432 2162 uxor-dimittatur,
2457 2128 2514 2153 so·

1451 2165 1528 2202 lam
1548 2178 1702 2203 causam
1708 2167 1979 2215 fornicationis
1998 2168 2153 2216 excepit.
2166 2188 2190 2196 -
2210 2169 2260 2205 Et
2276 2168 2380 2206 idem
2399 2169 2513 2207 etiam

1451 2218 1655 2256 dicendum
1687 2227 1741 2256 est
1768 2219 1807 2256 in
1834 2219 2090 2268 prohibitione
2113 2221 2326 2270 iuramenti,
2346 2221 2443 2259 sicut
2461 2222 2514 2260 di-

1452 2279 1554 2308 ctum
1576 2280 1631 2309 est
1648 2272 1678 2309 ²¹³.
1699 2293 1723 2299 -
1744 2273 1792 2308 Et
1810 2273 1912 2310 idem
1933 2273 2046 2310 etiam
2067 2281 2170 2322 patet
2192 2274 2230 2312 in
2258 2275 2513 2323 prohibitione

1449 2325 1609 2362 talionis.
1639 2325 1802 2362 Taxavit
1835 2326 1937 2363 enim
1966 2327 2127 2364 modum
2156 2327 2346 2365 vindictae
2373 2328 2444 2376 lex,
2472 2336 2514 2365 ut

1450 2390 1529 2415 non
1556 2379 1827 2427 procederetur
1845 2379 1895 2415 ad
1913 2379 2208 2418 immoderatam
2236 2380 2462 2418 vindictam·
2490 2393 2513 2428 a

1450 2443 1527 2479 qua
1555 2431 1745 2468 Dominus
1764 2431 1968 2481 perfectius
1986 2433 2150 2470 removit
2169 2445 2257 2472 eum
2286 2445 2404 2482 quem
2427 2439 2512 2472 mo'·

1450 2484 1531 2521 nuit
1558 2484 1717 2521 omnino
1741 2497 1763 2521 a
1782 2484 1948 2522 vindicta
1973 2486 2219 2523 abstinere.-
2239 2486 2350 2523 Circa
2378 2487 2511 2524 odium

1448 2549 1542 2575 vero
1571 2537 1826 2585 inimicorum,
1857 2538 2022 2575 removit
2048 2539 2184 2576 falsum
2214 2539 2508 2577 Pharisaeorum

1449 2590 1702 2637 intellectum,
1736 2603 1807 2627 nos
1845 2603 2008 2642 monens
2042 2600 2083 2629 ut
2114 2604 2280 2641 persona
2311 2592 2403 2630 odio
2432 2605 2511 2630 non

1448 2644 1661 2690 haberetur,
1693 2645 1759 2681 sed
1789 2644 1912 2692 culpa.
1934 2666 1957 2672 —
1985 2644 2096 2682 Circa
2120 2645 2388 2682 discretionem
2415 2657 2510 2683 vero

1448 2697 1633 2741 ciborum,
1662 2709 1761 2744 quae
1791 2698 2079 2734 caeremonialis
2103 2706 2193 2745 erat,
2222 2698 2413 2735 Dominus
2431 2711 2510 2736 non

1449 2749 1646 2788 mandavit
1663 2757 1704 2786 ut
1718 2758 1809 2786 tunc
1828 2762 1905 2787 non
1926 2751 2194 2788 observaretur
2208 2757 2244 2789 ⁷¹:
2265 2752 2333 2789 sed
2348 2751 2512 2789 ostendit

1449 2803 1553 2852 quod
1582 2802 1671 2839 nulli
1701 2802 1774 2839 cibi
1808 2803 2021 2840 secundum
2055 2816 2165 2842 suam
2200 2811 2375 2842 naturam
2405 2812 2511 2842 erant

1447 2856 1648 2902 immundi,
1666 2856 1733 2893 sed
1749 2856 1873 2893 solum
1889 2857 2101 2895 secundum
2116 2858 2292 2906 figuram,
2308 2865 2350 2896 ut
2364 2858 2510 2908 supra*

1448 2909 1592 2946 dictum
1616 2915 1681 2946 est.

1499 2963 1559 2999 At>
1583 2973 1742 2999 TERTIUM
1757 2959 1770 2982 ⁰
1790 2973 1974 3000 mei-,unum
1995 2963 2099 3012 quod
2119 2971 2238 3001 tactus
2264 2962 2404 3012 leprosi
2432 2971 2512 3001 erat

1446 3013 1658 3064 prohibitus
1685 3014 1723 3051 in
1750 3015 1844 3062 lege,
1874 3014 1963 3064 quia
1988 3028 2033 3054 ex
2049 3017 2127 3054 hoe
2146 3014 2363 3055 incurrebat
2388 3015 2510 3054 homo

1447 3069 1640 3117 quandam
1669 3064 1946 3116 irregularitatis
1974 3068 2269 3118 immunditiam,
2293 3069 2390 3107 sicut
2409 3077 2445 3107 et
2463 3081 2510 3109 ex

1445 3129 1547 3158 tactu
1567 3120 1719 3169 mortui,
1735 3129 1777 3159 ut
1791 3133 1906 3170 supra
1920 3120 1940 3144 ’¹‘
1959 3122 2103 3160 dictum
2119 3130 2187 3161 est.
2207 3122 2284 3160 Sed
2303 3121 2507 3183 Dominus,

1447 3174 1511 3223 qui
1540 3182 1619 3211 erat
1650 3174 1856 3212 mundator
1887 3175 2046 3224 leprosi,
2078 3174 2358 3214 immunditiam
2385 3175 2509 3216 incur·

1447 3239 1529 3264 rere
1549 3240 1628 3264 non
1646 3235 1840 3276 poterat.—
1817 3227 1929 3264 —Per
1949 3241 1994 3266 ea
2008 3236 2137 3266 autem
2153 3240 2250 3278 quae
2270 3227 2379 3266 fecit
2370 3241 2408 3266 m
2423 3227 2509 3266 sab-

1447 3281 1549 3327 bato,
1579 3282 1781 3319 sabbatum
1809 3294 1887 3319 non
1917 3282 2030 3320 solvit
2056 3282 2269 3320 secundum
2296 3280 2350 3319 rei
2371 3279 2507 3333 verita-

1499 3367 1524 3403 ζ)
1545 3377 1605 3394 non.
1617 3369 1715 3394 -Om.
1735 3368 2016 3402 PACDEFGHIKLpB
2034 3373 2060 3394 et
2077 3375 2104 3394 a.

1499 3405 1526 3439 η)
1546 3405 1773 3429 observaretur-
1790 3405 1883 3429 observ
1884 3408 1997 3429 arentur
2015 3404 2279 3429 PABCDEFGHILa.

1499 3439 1523 3474 θ)
1543 3441 1586 3464 Ad
1606 3440 1755 3465 tertiumm
1767 3440 1875 3464 Codices
1891 3445 1916 3464 et
1930 3447 1947 3464 a
1960 3440 2078 3464 ordinem
2096 3438 2295 3472 responsionum
2310 3439 2342 3463 ad
2361 3438 2464 3463 tertium
2482 3443 2507 3463 et

1447 3476 1478 3500 ad
1498 3481 1617 3507 quartum
1638 3475 2080 3507 argumentum1i.nvertunt-Pro
2098 3474 2163 3507 Iege,
2184 3473 2268 3499 veteri
2286 3474 2343 3506 Iege
2361 3473 2407 3498 Pa.

2547 329 2651 351 QMtth.
2667 335 2719 357 ca.p
2733 337 2756 358 v,

2546 361 2605 377 vem*
2620 361 2649 377 20
2664 362 2714 384 §.qq

2572 595 2631 617 lbid.
2652 601 2710 618 vers.
2730 603 2755 626 33

2543 626 2596 649 sqq.

2568 801 2635 824 Vera.
2653 803 2754 827 21.-0f.

2543 827 2593 849 Mar
2582 834 2614 850 r.c
2627 833 2693 882 2«τερ.
2720 836 2752 857 x,

2543 860 2603 876 vers.
2696 846 2754 878 Luc’.

2543 886 2594 908 cap.
2605 861 2677 909 xxti,

2543 913 2577 929 22.

2691 888 2751 909 ven.

2544 1071 2552 1080 ·
2564 1070 2611 1098 Qu.
2623 1075 2669 1097 cur,
2679 1074 2722 1093 m.
2731 1076 2755 1099 3,

2543 1651 2551 1660 ·
2561 1650 2613 1672 Lib.
2622 1649 2686 1678 xlx,
2700 1656 2753 1679 etp.

2540 2075 2551 2085 ·
2565 2073 2602 2096 cf.
2620 2074 2658 2096 oe
2675 2073 2754 2095 sem.
2837 2064 2840 2099 ξ

2540 2100 2609 2123 nom.
2623 2101 2649 2122 in
2663 2099 2752 2127 Monte,
2838 2108 2840 2122 ε

2541 2127 2582 2149 lib.
2597 2127 2616 2154 1,
2631 2132 2684 2154 cap.
2696 2132 2744 2148 xiv.

2835 2165 2840 2191 1

2835 2222 2840 2274 ἰ

2540 2290 2551 2301 “
2565 2289 2591 2311 ln
2605 2294 2712 2318 corpore.
2835 2288 2840 2376 Ξ

2636 2753 2652 2776 η

2537 2864 2607 2912 ἑάίὶιιι.
2619 2869 2660 2891 αι,
2675 2866 2718 2886 art.
2728 2863 2743 2886 6

2637 2965 2650 2991 θ

2534 3128 2621 3182 ἐκ,
2632 3132 2674 3151 ιη.
2687 3135 2709 3158 5,
2718 3128 2747 3151 ια
