2840 4010
91 344 100 353 ·
115 342 182 365 Vers.
195 347 214 365 ι.

91 504 101 513 “
117 502 173 530 Cap.
188 507 211 526 ve

89 664 99 673 ·
113 663 163 684 Art.
179 668 195 684 r.

88 768 98 778 ·
113 768 179 790 Vers.
194 772 222 794 ¹5-

88 922 97 931 ·
111 920 163 941 Art.
177 925 193 940 1.

86 1029 98 1041 ⁸
113 1029 160 1056 Qu.
172 1034 209 1055 xc,
225 1032 266 1050 art.
282 1034 298 1055 1,

83 2369 92 2378 ¹
109 2367 156 2395 Qu.
171 2374 209 2395 xv,
225 2371 267 2389 art.
278 2373 294 2395 1,

82 2397 293 2449 ieratis&

84 2672 93 2682 ·
108 2671 159 2693 Art.
175 2677 190 2699 ι,
205 2678 229 2698 4.

335 157 408 202 164

329 241 383 273 est
397 235 601 273 secundum
621 247 735 283 quam
758 235 895 273 iustum
920 238 974 269 est
993 238 1033 268 ut
1050 233 1178 269 omnia
1203 233 1278 269 sint
1293 232 1393 271 ordi—

328 288 533 326 natissima.
556 288 632 324 Sed
648 287 837 335 quaedam
852 287 953 332 leges
970 291 1056 321 sunt
1074 284 1242 332 iniquae3
1260 297 1393 322 secun·-

328 341 424 378 dum
439 341 529 377 illud
546 340 663 377 Isaiae
678 352 701 376 x
715 339 751 376 *ε
770 339 846 375 Vae
861 338 925 386 qui
936 337 1104 376 condunt
1116 337 1218 386 leges
1231 337 1390 386 iniquas.

329 395 431 441 Ergo
461 405 539 430 non
567 392 689 428 omnis
716 392 776 429 lex
802 389 977 438 procedit
1005 402 1027 426 a
1053 390 1136 436 lege
1165 397 1329 428 aeterna.

384 449 418 483 3.
439 445 673 488 PRAETEREA,
694 442 926 490 Augustinus
946 442 1046 489 dicit,
1063 442 1102 479 in
1122 444 1136 479 Ι
1156 443 1202 479 de
1219 443 1302 481 Lib.
1318 444 1392 481 Ar-

329 500 389 535 bit.
411 498 441 544 ²⁸,
471 498 576 545 quod
611 497 673 532 lex
705 507 802 543 quae
830 495 972 543 populo
1006 496 1172 544 regendo
1203 496 1390 542 scribitur,

327 557 426 588 recte
444 550 560 586 multa
583 549 765 596 permittit
789 560 887 596 quae
914 560 986 596 per
1004 548 1170 587 divinam
1190 549 1391 597 providen-

328 605 418 640 tiam
445 602 694 639 vindicantur.
726 601 803 638 Sed
831 601 926 638 ratio
955 601 1108 639 divinae
1127 601 1391 650 providentiae

329 663 384 692 est
411 657 470 691 lex
499 653 663 700 aeterna,
693 661 733 690 ut
761 654 903 690 dictum
932 661 988 690 est
1007 653 1038 690 *.
1063 655 1165 702 Ergo
1186 667 1257 691 nec
1277 655 1390 691 etiam

328 707 453 744 omnis
481 708 540 743 lex
569 714 670 743 recta
697 707 870 754 procedit
897 719 920 743 a
947 708 1029 754 lege
1057 715 1221 744 aeterna.

381 761 455 797 SED
485 771 630 796 CONTRA
657 771 723 796 EST
749 760 870 808 quod,
900 761 1014 797 Prov.
1035 760 1147 807 V111*,
1176 759 1304 796 divina
1334 771 1391 795 sa-

326 813 465 862 pientia
485 812 588 849 dicit:
609 813 683 848 Per
701 824 762 849 me
780 824 890 862 reges
908 819 1082 862 regnant,
1104 819 1139 848 et
1156 812 1284 861 legum
1304 823 1391 848 con-

327 867 462 903 ditores
490 866 585 902 iusta
614 866 827 903 decernunt.
858 866 969 902 Ratio
999 873 1128 902 autern
1163 864 1313 905 divinae
1334 876 1391 903 sa-

325 919 490 968 pientiae
519 925 575 957 est
603 919 662 954 lex
691 926 858 964 aeterna,
893 926 934 954 ut
962 930 1076 966 supra
1101 917 1121 939 '¹‘
1150 917 1293 954 dictum
1323 925 1388 954 est.

327 973 429 1019 Ergo
459 984 594 1008 omnes
623 972 724 1018 leges
753 984 775 1007 a
803 973 883 1018 lege
913 978 1066 1007 aeterna
1094 970 1317 1018 procedunt.

381 1026 606 1062 RESPONDEO
627 1036 811 1061 monimum
831 1025 947 1071 quod,
969 1023 1063 1059 sicut
1082 1035 1197 1071 supra
1211 1022 1231 1044 ²²
1247 1022 1389 1060 dictum

328 1085 400 1125 est,
435 1079 494 1114 lex
521 1078 700 1126 importat
729 1077 915 1113 rationem
946 1076 1140 1124 quandam
1168 1075 1389 1112 directivam

327 1138 483 1168 actuum
504 1132 551 1167 ad
572 1131 703 1167 finem.
733 1131 776 1166 In
797 1128 976 1165 omnibus
997 1136 1124 1165 autem
1145 1128 1390 1167 moventibus

327 1183 506 1220 ordinatis
540 1190 691 1231 oportet
719 1182 823 1230 quod
856 1181 977 1218 virtus
1006 1180 1163 1218 secundi
1199 1181 1390 1221 moventis

328 1236 519 1274 derivetur
537 1248 559 1272 a
576 1236 715 1273 virtute
744 1234 934 1272 moventis
961 1234 1090 1283 primi:
1118 1233 1207 1284 quia
1226 1246 1390 1272 movens

327 1290 539 1326 secundum
569 1301 647 1326 non
682 1295 814 1324 movet
851 1287 921 1324 nisi
950 1287 1175 1336 inquantum
1212 1294 1391 1324 movetur

327 1355 349 1379 a
364 1342 500 1391 primo.
523 1340 634 1379 Unde
656 1349 691 1378 et
710 1341 749 1378 in
770 1341 950 1377 omnibus
970 1339 1268 1388 gubernantibus
1287 1340 1390 1380 idem

324 1395 514 1442 videmus,
531 1395 635 1444 quod
655 1394 750 1431 ratio
770 1393 1053 1442 gubernationis
1074 1405 1095 1430 a
1113 1393 1239 1441 primo
1255 1393 1391 1442 guber-

327 1456 441 1485 nante
462 1449 509 1485 ad
529 1448 719 1485 secundos
739 1453 756 1468 α
776 1447 987 1484 derivatur:
1018 1447 1113 1483 sicut
1140 1446 1234 1482 ratio
1256 1458 1390 1484 eorum

326 1513 425 1550 quae
459 1509 545 1538 sunt
578 1500 725 1549 agenda
759 1500 797 1536 in
833 1499 998 1547 civitate,
1034 1499 1225 1536 derivatur
1253 1511 1275 1535 a
1303 1511 1391 1548 rege

325 1567 395 1603 per
408 1561 656 1604 praeceptum
671 1554 709 1590 in
729 1553 923 1590 inferiores
939 1552 1273 1592 administratores.
1290 1553 1340 1589 Et
1351 1550 1391 1589 in

326 1607 582 1644 artificialibus
612 1607 724 1643 etiam
743 1606 837 1643 ratio
857 1605 1107 1643 artificialium
1137 1612 1291 1642 actuum
1327 1605 1391 1642 de-

326 1660 483 1703 rivatur-
496 1661 543 1696 ab
572 1660 819 1696 architectore
839 1659 888 1695 ad
916 1658 1111 1696 inferiores
1131 1658 1305 1705 artifices,
1326 1658 1391 1709 q‘ui

324 1725 441 1750 manu
471 1720 687 1763 operantur.
719 1713 819 1749 Cum
849 1723 939 1760 ergo
969 1712 1027 1748 lex
1056 1719 1209 1748 aeterna
1229 1711 1276 1748 sit
1295 1711 1389 1748 ratio

325 1766 608 1814 gubernationis
628 1766 666 1802 in
686 1778 867 1814 supremo
888 1765 1136 1813 gubernante,
1158 1774 1313 1801 necesse
1335 1772 1391 1801 est

325 1820 430 1868 quod
451 1831 586 1856 omnes
606 1819 770 1856 rationes
798 1817 1082 1866 gubernationis
1111 1829 1210 1865 quae
1239 1824 1326 1854 sunt
1352 1817 1390 1854 in

323 1871 564 1909 inferioribus
593 1871 911 1920 gubernantibus,
942 1884 964 1908 a
991 1872 1073 1918 lege
1108 1877 1262 1908 aeterna
1296 1870 1392 1907 deri-

323 1933 473 1963 ventur.
496 1925 728 1962 Huiusmodi
748 1932 877 1962 autem
898 1924 1062 1961 rationes
1081 1923 1304 1961 inferiorum
1324 1935 1390 1972 gu-

322 1978 565 2015 bernantium
587 1986 675 2016 sunt
693 1990 962 2027 quaecumque
992 1977 1085 2014 aliae
1113 1977 1214 2025 leges
1242 1983 1391 2025 praeter

324 2031 447 2080 legem
477 2039 681 2069 aeternam.
715 2031 826 2069 Unde
856 2043 992 2071 omnes
1021 2030 1134 2079 leges,
1164 2029 1390 2079 inquantum

377 2181 404 2214 α)
424 2181 561 2206 secundos.
580 2194 599 2200 -
616 2180 760 2206 secundum
779 2180 830 2205 EF.

1001 154 1267 201 QUAESTIO
1297 155 1436 202 XCIII,
1465 155 1762 195 ARTICULUS
1791 159 1841 197 111

1447 233 1673 282 participant
1692 236 1738 273 de
1758 236 1903 274 ratione
1932 246 2045 287 recta,
2073 240 2262 280 intantum
2291 243 2512 282 derivantur

1446 298 1470 324 a
1497 287 1578 334 lege
1608 294 1772 326 aeterna.
1794 289 1843 326 Et
1870 297 2024 338 propter
2051 292 2126 330 hoc
2149 296 2381 342 Augustinus
2408 297 2509 344 dicit,

1445 339 1485 377 in
1505 340 1519 377 l
1546 339 1591 376 de
1609 340 1692 377 Lib.
1712 341 1805 379 Arb.
1825 340 1864 388 *,
1888 342 1996 390 quod
2020 343 2059 381 in
2088 348 2286 393 temporali
2308 349 2397 398 lege
2418 350 2512 386 nihil

1446 397 1501 428 est
1518 392 1653 428 iustum
1673 404 1720 429 ac
1739 393 1958 442 legitimum,
1975 396 2075 443 quod
2092 409 2167 434 non
2187 410 2236 435 ex
2255 399 2508 449 lege-aeterna

1445 445 1613 483 homines
1639 446 1711 483 sihi
1736 446 2012 485 derivaverunt.

1498 499 1557 535 An
1585 510 1723 535 PRIMUM
1751 510 1850 536 ERGO
1882 512 2067 538 monimum
2099 502 2205 550 quod
2239 503 2363 541 fomes
2394 505 2510 544 habet

1445 550 1634 588 rationem
1660 551 1753 598 legis
1781 552 1820 589 in
1846 553 2017 603 homine,
2045 554 2271 602 inquantum
2299 562 2356 592 est
2383 569 2509 604 poena

1446 615 1684 651 consequens
1713 604 1883 643 divinam
1910 606 2107 643 iustitiam:
2138 615 2175 643 et
2202 609 2412 646 secundum
2434 610 2509 647 hoc

1445 655 1690 692 manifestum
1726 663 1781 693 est
1817 659 1921 705 quod
1954 659 2147 696 derivatur
2176 673 2197 696 a
2226 661 2307 708 lege
2342 669 2506 700 aeterna.

1447 708 1676 756 Inquantum
1703 720 1798 745 vero
1827 710 1981 748 inclinat
2008 713 2056 749 ad
2084 721 2302 760 peccatum,
2333 714 2387 750 sic
2419 725 2509 750 con-

1446 760 1618 796 trariatur
1645 760 1717 808 legi
1735 761 1820 808 Dei,
1842 770 1878 799 et
1897 775 1976 801 non
1998 765 2114 802 habet
2138 766 2324 803 rationem
2344 765 2447 814 legis,
2467 774 2509 809 ut

1447 824 1492 848 ex
1520 812 1746 861 supradictis
1768 814 1787 834 *
1815 822 1929 862 patet.

1497 867 1557 906 An
1581 877 1772 903 SECUNDUM
1792 878 1978 905 DICENDUM
1998 871 2102 917 quod
2121 871 2180 907 lex
2200 872 2369 908 humana
2388 871 2508 908 intan-

1445 925 1525 955 tum
1540 919 1656 956 habet
1671 919 1859 956 rationem
1871 920 1974 968 leg1s,
1986 921 2209 970 inquantum
2225 932 2280 960 est
2294 924 2507 962 secundum

1445 971 1631 1008 rationem
1659 979 1820 1008 rectam:
1851 979 1887 1009 et
1914 976 2124 1011 secundum
2157 977 2231 1012 hoc
2263 977 2507 1014 manifestum

1445 1031 1502 1061 est
1521 1025 1626 1072 quod
1640 1036 1662 1060 a
1677 1025 1758 1071 lege
1778 1031 1932 1062 aeterna
1949 1026 2151 1064 derivatur.
2169 1030 2397 1077 Inquantum
2411 1042 2506 1067 vero

1445 1089 1467 1113 a
1487 1076 1631 1114 ratione
1651 1077 1804 1124 recedit,
1826 1077 1878 1113 sic
1898 1078 2032 1115 dicitur
2050 1080 2108 1116 lex
2129 1080 2275 1131 iniqua:
2301 1090 2338 1119 et
2357 1083 2410 1119 sic
2428 1095 2508 1120 non

1443 1130 1559 1167 habet
1583 1129 1768 1166 rationem
1798 1130 1901 1178 legis,
1922 1131 1990 1168 sed
2019 1130 2139 1181 magis
2157 1133 2359 1175 viotentiae
2380 1134 2507 1177 cuius-

1446 1183 1547 1219 dam.
1564 1203 1588 1210 -
1605 1183 1654 1219 Et
1681 1190 1811 1219 tamen
1838 1183 1878 1220 in
1905 1183 1987 1232 ipsa
2015 1185 2095 1233 lege
2124 1185 2253 1235 iniqua
2280 1187 2506 1236 inquantum

1444 1243 1614 1276 servatur
1642 1235 1781 1284 aliquid
1811 1235 1858 1272 de
1887 1236 2129 1274 similitudine
2158 1239 2248 1286 legis
2273 1245 2429 1293 propter
2444 1252 2506 1281 or-

1444 1288 1572 1326 dinem
1600 1288 1796 1338 potestatis
1816 1288 1897 1325 eius
1918 1289 1982 1338 qui
2010 1290 2132 1338 legem
2161 1288 2232 1328 sert
2242 1289 2272 1339 β,
2293 1293 2505 1335 secundum

1442 1342 1517 1378 hoc
1547 1341 1660 1377 etiam
1691 1341 1882 1378 derivatur
1909 1353 1931 1379 a
1954 1343 2036 1392 lege
2066 1351 2235 1384 aeterna:
2262 1345 2383 1382 omnis
2404 1342 2506 1393 enirn

1437 1399 1602 1442 potestas
1620 1406 1644 1430 a
1664 1394 1829 1430 Domino
1849 1396 1932 1432 Deo
1952 1401 2015 1442 est,
2044 1403 2086 1433 ut
2113 1397 2248 1434 dicitur
2265 1398 2377 1435 Rom.
2397 1408 2459 1435 xm
2468 1397 2504 1439 ⁴¹.
2533 1409 2544 1420 ·

1497 1449 1556 1484 An
1584 1459 1744 1484 TERTIUM
1772 1458 1956 1485 mertuum«
1981 1449 2087 1498 quod
2106 1450 2164 1486 lex
2182 1451 2353 1487 humana
2372 1450 2508 1488 dicitur

1443 1499 1568 1549 aliqua
1595 1500 1825 1548 permittere,
1855 1512 1934 1538 non
1963 1502 2071 1552 quasi
2100 1513 2145 1539 ea
2173 1503 2409 1551 approbans,
2437 1504 2507 1541 sed

1444 1553 1550 1605 quasi
1582 1564 1625 1589 ea
1655 1553 1812 1600 dirigere
1839 1565 1918 1590 non
1944 1561 2094 1604 potens.
2123 1556 2246 1592 Multa
2273 1564 2400 1594 autem
2420 1554 2506 1598 diri—

1443 1612 1581 1654 guntur
1607 1606 1688 1653 lege
1718 1605 1846 1643 divina
1874 1617 1973 1654 quae
1999 1607 2108 1656 dirigi
2131 1612 2210 1646 non
2236 1616 2398 1659 possunt
2417 1609 2505 1659 ‘lege

1442 1659 1611 1695 humana
1625 1658 1662 1695 *t
1683 1659 1791 1707 plura
1811 1658 1913 1696 enirn
1934 1660 2148 1697 subduntur
2163 1672 2301 1698 causae
2321 1661 2507 1714 superiori

1443 1723 1560 1760 quam
1590 1711 1767 1749 inferiori.
1796 1712 1907 1753 Unde
1942 1713 2017 1749 hoc
2050 1713 2178 1763 ipsum
2210 1714 2315 1763 quod
2345 1714 2406 1753 lex
2436 1715 2506 1753 hu‘-

1443 1776 1559 1801 mana
1586 1776 1664 1801 non
1685 1777 1724 1801 se
1745 1764 1966 1803 intromittat
1985 1766 2032 1804 de
2052 1766 2110 1803 his
2130 1778 2229 1816 quae
2249 1766 2409 1815 dirigere
2427 1778 2507 1810 non

1442 1824 1578 1866 potest,
1609 1829 1654 1854 ex
1683 1817 1816 1855 ordine
1841 1817 1934 1866 iegis
1963 1826 2140 1859 aeternae
2167 1820 2355 1871 provenit.
2379 1815 2506 1858 'Sectis

1443 1877 1571 1907 autem
1611 1878 1709 1907 esset
1740 1870 1770 1907 si
1799 1872 2029 1920 approbaret
2062 1883 2107 1909 ea
2139 1884 2239 1923 quae
2265 1873 2326 1910 lex
2354 1878 2507 1914 aeterna

1443 1923 1632 1971 reprobat.
1667 1923 1778 1960 Unde
1812 1935 1858 1960 ex
1894 1925 1970 1961 hoc
2004 1936 2083 1962 non
2113 1925 2275 1963 habetur
2308 1925 2413 1976 quod
2442 1922 2506 1970 Ie'ss

1443 1977 1610 2013 humana
1639 1988 1716 2013 non
1747 1976 1939 2014 derivetur
1957 1989 1979 2014 a
1997 1978 2080 2026 lege
2109 1985 2274 2027 aeterna,
2303 1978 2371 2016 sed
2399 1971 2506 2032 quod

1444 2041 1524 2070 non
1551 2029 1716 2078 perfecte
1745 2041 1831 2067 eam
1863 2030 2013 2081 assequi
2041 2031 2171 2080 possit.
2412 2030 2426 2041 ⁹

1497 2176 1523 2211 β)
1536 2178 1605 2212 sert.
1621 2193 1641 2200 -ω
1652 2179 1721 2212 feeit
1739 2179 1808 2204 PLa.
1824 2193 1845 2202 -
1858 2180 1943 2205 etiam
1959 2187 2014 2205 om.
2032 2179 2087 2211 Ex,
2105 2187 2171 2214 ergo
2188 2181 2276 2206 cetea.

1000 2267 1332 2302 Commentaxda
1355 2265 1604 2302 Cardinah‘s
1627 2237 1842 2305 Caietanr

395 2367 482 2387 Misso
501 2356 605 2397 primo
622 2356 765 2392 articulo,
785 2356 875 2386 cuius
889 2355 1089 2388 difficultates
1104 2354 1138 2385 in
1147 2355 1255 2388 Prima
1263 2353 1388 2390 Parte*
1408 2394 1410 2398 .

322 2367 496 2432 Oclarae
516 2408 602 2437 sunt3
627 2407 659 2431 et
681 2400 833 2437 secundo,
850 2400 925 2441 quia
942 2399 1043 2431 clarus
1068 2406 1129 2430 est:
1154 2399 1187 2429 in
1212 2398 1306 2430 tertio
1330 2398 1388 2429 du·

322 2446 413 2477 bium
436 2446 588 2482 occurrit,
617 2445 693 2485 quia
721 2447 844 2476 Auctor
867 2444 999 2475 deficere
1028 2444 1153 2475 videtur
1175 2444 1214 2474 ab
1245 2443 1386 2480 intento.

322 2497 379 2526 aut
401 2490 518 2523 falsum
541 2490 652 2526 dicere,
673 2499 748 2521 cum
771 2489 864 2521 dicit:
888 2490 1041 2520 Rationes
1063 2488 1256 2529 inferiorum
1271 2487 1387 2528 guber—

323 2535 470 2570 nantium
485 2539 561 2569 sunt
581 2543 797 2575 quaecumque
811 2534 896 2567 aliae
911 2533 1000 2575 leges
1009 2538 1144 2574 praeter
1164 2537 1341 2568 aeternam.
1351 2531 1387 2567 Si

323 2589 462 2620 namque
487 2579 525 2609 de
549 2577 638 2608 omni
660 2578 728 2618 lege
758 2584 880 2617 praeter
904 2585 1064 2611 aeternam
1086 2576 1246 2617 loquitur,
1271 2573 1387 2611 falsum

324 2623 413 2654 dicit:
460 2623 513 2654 uia
528 2622 577 2655 lex
602 2622 707 2652 divina
722 2632 789 2653 non
812 2629 858 2655 est
880 2621 960 2652 ratio
982 2621 1138 2652 inferioris
1157 2619 1386 2661 gubernatoris,

323 2667 378 2698 sed
401 2667 471 2703 Dei,
488 2673 519 2698 et
539 2673 586 2697 est
601 2666 661 2696 alia
685 2667 722 2697 ab
744 2673 877 2702 aeterna,
893 2673 931 2696 ut
946 2673 1032 2707 patet
1046 2665 1079 2696 in
1095 2675 1150 2706 qu.
1167 2673 1218 2695 xcx
1229 2665 1258 2696 *.
1275 2665 1308 2704 Si
1331 2674 1386 2696 au-

321 2718 389 2742 tem
419 2721 485 2742 non
507 2711 644 2742 intendit
667 2711 705 2741 de
734 2711 804 2750 Iege
828 2711 949 2747 divina,
974 2720 1040 2741 non
1062 2710 1197 2740 habetur
1224 2709 1386 2741 conclusio

322 2756 451 2792 intenta,
467 2755 584 2787 scilicet
606 2755 695 2796 quod
718 2755 824 2786 omnis
847 2755 897 2786 lex
919 2755 958 2786 ab
982 2762 1106 2789 aeterna
1130 2753 1297 2788 derivatur.

379 2801 416 2831 II.
432 2800 483 2830 Ad
498 2800 560 2830 hoc
573 2799 686 2830 dicitur
698 2800 787 2840 quod
802 2802 924 2829 Auctor
937 2799 1072 2830 intendit
1088 2798 1182 2829 etiam
1199 2799 1237 2830 de
1255 2799 1324 2840 lege
1339 2797 1386 2831 div

322 2844 395 2874 vina
410 2844 500 2884 quod
520 2844 677 2874 derivatur
694 2845 732 2874 ab
756 2850 890 2874 aeterna.
913 2844 998 2880 Quia
1017 2843 1108 2884 ponit
1129 2843 1232 2883 ipsam
1248 2853 1315 2873 esse
1332 2842 1387 2883 pei*

323 2889 596 2929 participationem
620 2888 696 2931 legis
721 2896 881 2924 aeternae;
907 2894 943 2918 ut
967 2898 1109 2928 expresse
1133 2895 1218 2928 patet
1242 2886 1386 2928 superius

323 2932 356 2962 in
380 2943 433 2974 qu.
456 2944 522 2971 xer,
548 2940 603 2963 art.
624 2943 660 2972 4,
683 2933 723 2963 ad
751 2943 781 2969 1,
802 2932 858 2963 ubi
882 2932 975 2962 dixit:
999 2933 1044 2963 Et
1066 2932 1136 2963 ideo
1157 2931 1387 2973 superadditur

324 2977 378 3007 lex
399 2977 552 3008 divinitus
574 2977 663 3015 data,
675 2987 738 3016 per
759 2987 854 3018 quam
881 2977 934 3007 lex
956 2982 1090 3007 aeterna
1101 2978 1322 3017 participatur
1337 2976 1385 3007 al-

324 3022 397 3051 tiori
421 3021 523 3052 modo.
542 3021 639 3052 -Nec
656 3028 702 3052 est
725 3031 836 3052 verum
852 3021 941 3062 quod
959 3021 1009 3051 lex
1036 3020 1142 3050 divina
1164 3030 1230 3050 non
1246 3021 1286 3051 sit
1305 3019 1384 3051 ratio

323 3065 509 3096 inferiorum
527 3065 783 3106 gubernantium.
809 3065 973 3103 Quoniam
995 3065 1045 3095 lex
1061 3065 1167 3100 divina
1188 3074 1255 3099 non
1271 3064 1386 3100 dicitur

325 3109 429 3140 divina
445 3120 462 3139 a
479 3110 629 3147 subiecto,
643 3117 796 3151 tanquam
812 3110 851 3141 sit
865 3109 985 3150 aliquid
1001 3109 1033 3139 in
1050 3109 1137 3139 Deo:
1155 3109 1223 3139 sola
1239 3108 1324 3139 enim
1336 3108 1384 3139 lex

325 3159 447 3184 aeterna
471 3161 517 3185 est
535 3154 709 3186 formaliter
723 3154 756 3185 in
778 3154 859 3186 Deo.
876 3154 937 3189 Sed
960 3153 1076 3188 dicitur
1091 3153 1197 3187 divina
1220 3154 1258 3187 ab
1275 3159 1383 3186 aucto-

1441 2353 1540 2390 ritate,
1558 2364 1575 2384 a
1597 2354 1697 2384 modo
1718 2361 1748 2385 et
1771 2365 1789 2385 a
1812 2354 1892 2386 fine:
1918 2362 1964 2387 est
1986 2365 2125 2398 namque
2149 2366 2167 2393 a
2189 2357 2260 2388 Deo
2284 2345 2505 2402 supernatur-'gss

1439 2398 1511 2429 liter
1534 2398 1605 2429 data
1629 2399 1668 2429 ad
1692 2399 1874 2430 ducendum
1901 2399 1935 2430 in
1957 2400 2065 2431 Deum
2094 2402 2367 2442 supernaturalem
2396 2401 2504 2445 fineiti,

1441 2443 1482 2473 Et
1505 2449 1551 2474 est
1573 2443 1623 2474 lex
1646 2443 1752 2475 divina
1774 2443 1853 2474 ratio
1882 2445 2128 2485 supernaturalis
2151 2445 2223 2477 data
2246 2446 2371 2478 homini
2393 2454 2430 2479 ut
2456 2455 2505 2479 se·

1440 2488 1548 2528 ipsum
1571 2488 1739 2527 gubernet:
1756 2495 1789 2519 et
1811 2489 1938 2529 proprie
1961 2498 1999 2520 ea
2013 2496 2062 2520 est
2083 2489 2163 2520 ratio
2180 2490 2369 2523 inferiorum
2391 2490 2505 2532 guber-

1440 2532 1595 2568 nantium,
1609 2532 1725 2565 scilicet
1740 2532 1921 2570 hominum,
1936 2543 2003 2566 non
2021 2534 2060 2564 ab
2076 2534 2119 2567 eie
2134 2534 2311 2572 adinventa,
2329 2536 2384 2569 sed
2399 2546 2417 2566 a
2430 2536 2502 2571 Dan

1441 2583 1595 2617 suscepta.
1623 2577 1665 2608 Et
1695 2577 1732 2607 de
1760 2577 1830 2620 lege
1859 2578 1956 2612 veteri
1983 2585 2071 2620 patet
2096 2578 2166 2611 Act.
2199 2589 2244 2610 vn
2268 2579 2302 2611 *2
2329 2580 2504 2623 accepist&

1441 2622 1543 2662 legem
1560 2622 1592 2651 in
1613 2621 1817 2662 diSpositione
1835 2623 2038 2664 angelorum.
2053 2621 2102 2653 De
2121 2632 2205 2654 nova
2220 2629 2328 2657 autem
2341 2618 2503 2667 inferius*=

1440 2665 1607 2696 habebitur
1631 2665 1720 2706 quod
1748 2672 1795 2696 est
1823 2666 1891 2707 ipsa
1913 2665 2012 2707 gratia
2040 2667 2174 2708 Spiritus
2201 2667 2316 2699 Sancti.
2343 2668 2502 2701 Neutrum

1439 2716 1547 2740 nutem
1569 2710 1687 2740 horum
1717 2717 1764 2741 est
1785 2710 1819 2740 in
1841 2710 1912 2741 Deo
1933 2710 1994 2741 nisi
2018 2711 2198 2743 causaliter:
2223 2712 2278 2743 sed
2304 2711 2339 2742 in
2362 2707 2503 2743 tuemini:⁷

1439 2754 1546 2786 anima
1568 2761 1750 2795 utrumque,
1775 2755 1917 2795 primum
1939 2764 1996 2796 per
2021 2756 2218 2792 inteneemm
2241 2762 2272 2787 et
2293 2757 2501 2795 memoriam,

1439 2799 1617 2831 secundum
1629 2809 1686 2839 per
1708 2799 1877 2834 essentiam
1892 2800 2017 2832 animae
2037 2807 2068 2832 et
2081 2800 2288 2835 voluntatem.
2305 2801 2347 2833 Et
2367 2810 2426 2842 per
2436 2800 2503 2842 hue

1439 2849 1526 2884 patet
1553 2843 1641 2884 quod
1665 2849 1731 2873 tam
1754 2843 1803 2874 lex
1826 2850 1950 2875 aeterna
1970 2854 2068 2886 quam
2092 2845 2242 2876 naturalis
2266 2851 2297 2875 et
2320 2844 2440 2882 divina,
2463 2843 2503 2876 sit

1439 2887 1569 2918 rationis
1593 2886 1749 2918 ordinatio
1773 2888 1812 2918 ad
1836 2889 1959 2919 bonurn
1983 2898 2156 2921 commune
2179 2899 2197 2919 a
2215 2889 2295 2925 Deo,
2313 2889 2369 2935 qui
2392 2897 2501 2920 curam

1439 2932 1532 2962 habet
1548 2931 1796 2968 communitatis,
1817 2933 2028 2972 promulgata.
2046 2933 2088 2963 Et
2102 2933 2183 2964 inter
2198 2927 2358 2964 aeternari]
2380 2939 2410 2964 et
2425 2929 2502 2963 alias

1438 2976 1516 3007 haec
1539 2983 1586 3007 est
1609 2975 1791 3014 differentia,
1808 2977 1897 3017 quod
1920 2984 2045 3008 aeterna
2068 2984 2114 3008 est
2137 2978 2170 3008 in
2192 2978 2278 3013 Deo,
2301 2987 2338 3007 ac
2360 2987 2417 3018 per
2438 2977 2501 3008 hoc

1439 3027 1485 3051 est
1508 3020 1575 3060 ipse
1598 3021 1699 3056 Deus;
1725 3020 1804 3050 aliae
1827 3027 1935 3052 autem
1958 3031 2024 3052 non
2047 3028 2122 3052 sunt
2143 3021 2177 3052 in
2199 3021 2280 3058 Deo,
2295 3021 2350 3052 sed
2374 3020 2501 3052 effectus

1438 3065 1506 3099 eius
1529 3065 1562 3095 in
1585 3064 1733 3099 creaturis
1757 3064 1972 3096 rationalibus.
1989 3067 2037 3096 Ac
2060 3075 2116 3105 per
2139 3065 2215 3102 hoc,
2240 3065 2293 3096 illa
2316 3071 2363 3096 est
2389 3073 2499 3101 causa,

1438 3116 1556 3140 ceterae
1573 3115 1647 3140 sunt
1661 3108 1916 3150 participationes
1930 3109 2032 3140 illius:
2049 3109 2102 3140 illa
2118 3115 2251 3146 aeterna,
2269 3109 2408 3150 reliquae
2421 3114 2500 3140 tem-

1436 3153 1572 3194 petales.

2542 361 2552 371 ·
2563 360 2620 389 Cap.
2635 367 2669 384 vr.

2535 826 2545 836 ·
2556 825 2605 854 Qu.
2613 832 2660 855 xer,
2671 830 2713 850 nrt.
2723 827 2748 850 6.

2559 1408 2625 1432 νει-ι.
2640 1415 2657 1432 ι.

2531 1670 2543 1683 ·“
2556 1670 2586 1693 D.
2600 1671 2653 1700 798.

2529 2582 2540 2593 ”
2553 2581 2622 2604 Vm.
2636 2588 2669 2611 53.

2529 2625 2540 2636 *
2553 2624 2603 2653 Qu.
2617 2629 2664 2657 cn,
2673 2627 2717 2648 m.
2725 2630 2743 2655 ¹,-
