2840 4010
126 497 138 509 ⁸
152 496 238 518 Psalm.
256 501 339 523 cxvin,

126 529 186 545 vers.
200 528 234 552 33.

213 1293 240 1314 v,
259 1290 302 1308 art.

374 205 444 241 156

366 282 561 318 nationem
590 281 800 317 naturalem
822 279 874 316 eis
894 278 1063 315 inditam.
1094 277 1195 323 Ergo
1216 276 1336 311 multo
1357 274 1426 311 mi-

1057 197 1323 245 QUAESTIO
1353 196 1456 242 XCI,
1486 195 1782 232 ARTICULUS
1810 197 1846 233 V

1483 280 1520 309 et
1539 272 1714 310 ordinare
1735 274 1965 311 sufficienter
1978 276 2173 313 interiores
2188 284 2311 324 actus,
2327 276 2396 314 sed
2411 288 2541 313 neces-

367 347 438 372 nus
472 341 642 371 creatura
679 332 868 369 rationalis
901 331 1014 367 debet
1038 334 1053 357 Υ
1082 329 1223 364 habere
1260 327 1426 375 aliquam
1482 325 1623 362 sarium
1654 326 1721 363 fuit
1749 327 1854 374 quod
1874 327 1924 364 ad
1942 328 2018 364 hoc
2036 329 2298 376 superveniret
2316 331 2375 366 lex
2398 329 2538 367 divina.

366 389 489 435 legem
520 386 687 423 divinam
715 392 863 433 praeter
891 382 1101 419 naturalem
1130 381 1266 427 legem.

421 441 495 476 SED
525 450 669 475 CONTRA
696 449 763 473 EST
795 436 899 483 quod
927 434 1055 471 David
1090 433 1228 481 expetit
1255 433 1377 480 legem
1404 444 1427 468 a

366 494 451 530 Deo
480 491 550 528 sibi
578 490 681 549 poni,
709 489 836 525 dicens
856 488 891 523 *τ
919 488 1063 536 Legem
1087 497 1190 534 pone
1217 485 1319 532 mihi,
1348 486 1427 522 Do-

366 546 477 590 mine,
506 545 543 580 in
572 543 634 579 via
662 541 964 588 iustificationum
993 545 1157 576 tuarum.

419 599 642 633 RESPONDEO
671 605 855 630 DICENDUM
883 592 988 641 quod
1009 599 1158 641 praeter
1175 592 1299 639 legem
1319 598 1425 627 natu-

365 650 483 686 ralem
513 655 548 684 et
575 648 698 694 legem
732 647 964 692 humanam,
993 644 1250 682 necessarium
1282 643 1350 681 fuit
1376 642 1426 679 ad

365 701 611 739 directionem
643 699 834 735 humanae
867 698 968 736 vitae
1005 698 1146 734 habere
1174 698 1298 745 legem
1333 695 1426 733 divi-

363 754 464 791 nam.
483 754 532 789 Et
549 753 624 788 hoc
643 758 797 799 propter
816 759 980 799 quatuor
999 751 1174 788 rationes.
1196 751 1326 787 Primo
1347 748 1427 796 qui-

364 807 474 852 dem,
504 805 593 853 quia
629 816 698 853 per
733 805 856 852 legem
893 804 1060 851 dirigitur
1096 804 1215 840 homo
1245 802 1294 840 ad
1321 810 1426 838 actus

362 858 537 908 proprios
565 858 604 895 in
632 857 765 894 ordine
794 857 843 894 ad
862 857 1038 894 ultimum
1067 857 1197 893 finem.
1220 857 1269 893 Et
1297 854 1327 891 si
1346 855 1426 903 qui-

364 912 453 948 dem
472 912 591 948 homo
621 910 858 948 ordinaretur
876 918 1023 947 tantum
1046 910 1096 946 ad
1114 910 1234 946 finem
1259 908 1323 956 qui
1348 919 1426 944 non

364 964 562 1001 excederet
589 963 879 1012 proportionem
904 962 1083 1000 naturalis
1102 962 1285 998 facultatis
1304 960 1427 997 homi-

363 1017 441 1063 nis,
471 1029 549 1053 non
578 1023 771 1065 oporteret
805 1016 908 1064 quod
945 1017 1065 1053 homo
1102 1015 1259 1052 haberet
1286 1013 1426 1062 aliquid

363 1070 588 1107 directivum
618 1081 660 1105 ex
690 1076 796 1117 parte
825 1069 995 1116 rationis,
1025 1080 1139 1116 supra
1167 1068 1289 1114 legem
1320 1074 1427 1103 natu-

363 1124 481 1160 ralem
506 1130 542 1159 et
564 1123 687 1170 legem
707 1122 927 1158 humanitus
946 1119 959 1143 δ
987 1121 1164 1169 positam,
1185 1132 1284 1168 quae
1309 1120 1356 1156 ab
1383 1132 1427 1156 ea

364 1176 566 1213 derivatur.
598 1175 675 1211 Sed
709 1174 797 1221 quia
833 1175 953 1210 homo
991 1173 1185 1210 ordinatur
1222 1173 1271 1209 ad
1307 1173 1425 1208 finem

363 1228 604 1266 beatitudinis
632 1235 818 1272 aeternae,
849 1238 949 1274 quae
973 1226 1121 1262 excedit
1138 1224 1426 1273 proportionem

331 1302 336 1308 ·
363 1281 540 1319 naturalis
564 1279 749 1317 facultatis
777 1280 980 1326 humanae,
1009 1286 1050 1314 ut
1077 1290 1191 1326 supra
1210 1277 1230 1299 ²³⁶
1256 1277 1427 1314 habitum

363 1342 438 1380 est3
467 1334 554 1370 ideo
584 1331 840 1369 necessarium
869 1332 937 1368 fuit
963 1339 1005 1367 ut
1032 1343 1147 1379 supra
1170 1331 1294 1378 legem
1320 1338 1427 1367 natu-

364 1388 480 1423 ralem
517 1393 553 1422 et
584 1387 815 1431 humanam,
847 1384 1067 1432 dirigeretur
1096 1383 1208 1420 etiam
1237 1383 1285 1421 ad
1314 1395 1426 1420 suum

362 1441 481 1476 finem
510 1440 591 1486 lege
621 1438 799 1475 divinitus
828 1438 926 1474 data.

417 1492 610 1538 Secundo,
640 1491 729 1539 quia
755 1497 912 1539 propter
940 1489 1243 1526 incertitudinem
1269 1488 1428 1525 humani

363 1545 502 1591 iudicii,
532 1544 736 1593 praecipue
761 1544 809 1580 de
829 1544 942 1580 rebus
964 1541 1268 1589 contingentibus
1288 1549 1324 1578 et
1342 1553 1427 1590 par—

362 1598 591 1644 ticularibus,
613 1596 794 1644 contingit
822 1596 869 1633 de
896 1595 1041 1632 actibus
1060 1594 1238 1631 humanis
1259 1594 1427 1631 diverso-

363 1664 449 1688 rum
480 1663 561 1687 esse
591 1650 741 1687 diversa
765 1649 914 1695 iudicia,
938 1661 981 1684 ex
1003 1648 1141 1696 quibus
1166 1648 1279 1684 etiam
1304 1647 1428 1684 diver-

363 1716 427 1741 sae
457 1711 493 1740 et
522 1703 730 1740 contrariae
754 1703 855 1750 leges
874 1701 1098 1750 procedunt.
1128 1701 1178 1738 Ut
1197 1712 1287 1747 ergo
1306 1701 1426 1736 homo

363 1758 507 1805 absque
536 1755 640 1792 omni
670 1755 904 1792 dubitatione
933 1754 1028 1791 scire
1056 1753 1176 1802 possit
1208 1753 1299 1802 quid
1324 1753 1358 1789 ei
1383 1752 1428 1790 sit

363 1809 556 1857 agendum
584 1816 620 1845 et
648 1809 739 1858 quid
765 1807 982 1854 vitandum,
1013 1806 1270 1843 necessarium
1298 1805 1366 1842 fuit
1387 1813 1429 1842 ut

363 1862 401 1899 in
421 1862 565 1899 actibus
593 1861 756 1910 propriis
782 1861 1002 1908 dirigeretur
1021 1872 1088 1908 per
1107 1861 1230 1907 legem
1252 1858 1428 1896 divinitus

364 1916 510 1961 datam,
541 1916 588 1952 de
618 1927 693 1962 qua
722 1921 868 1950 constat
896 1913 1002 1961 quod
1030 1924 1108 1948 non
1137 1919 1262 1961 potest
1289 1923 1426 1948 errare.

417 1967 562 2014 Tertio,
592 1967 682 2015 quia
711 1967 758 2004 de
782 1966 840 2003 his
859 1974 984 2015 potest
1003 1966 1122 2001 homo
1145 1966 1267 2013 legem
1288 1965 1383 2001 ferre
1403 1969 1427 2011 ⁸,

365 2021 411 2058 de
441 2021 579 2080 quibus
611 2027 736 2069 potest
773 2019 952 2056 iudicare.
984 2018 1170 2055 Iudicium
1204 2025 1332 2055 autem
1360 2018 1428 2054 ho-

364 2074 477 2110 minis
511 2085 592 2110 esse
621 2085 699 2109 non
727 2079 852 2121 potest
889 2072 936 2109 de
973 2071 1211 2108 interioribus
1240 2070 1427 2117 motibus,

363 2127 427 2176 qui
448 2127 573 2174 latent,
603 2126 672 2163 sed
700 2126 825 2162 solum
851 2124 899 2161 de
920 2124 1168 2161 exterioribus
1187 2123 1343 2170 actibus,
1365 2122 1429 2171 qui

363 2186 558 2239 apparent.
588 2180 637 2215 Et
663 2186 793 2215 tamen
821 2178 870 2215 ad
898 2177 1171 2226 perfectionem
1198 2175 1345 2214 virtutis
1373 2187 1429 2212 re-

364 2233 522 2281 quiritur
559 2232 664 2281 quod
692 2232 730 2268 in
765 2230 933 2279 utrisque
971 2230 1117 2268 actibus
1149 2230 1267 2267 homo
1305 2236 1429 2266 rectus

365 2285 506 2322 existat.
535 2286 584 2322 Et
611 2284 698 2321 ideo
727 2285 786 2321 lex
808 2284 977 2321 humana
1002 2295 1081 2320 non
1105 2282 1226 2331 potuit
1251 2282 1430 2319 cohibere

416 2400 444 2434 γ)
463 2400 584 2425 deben-
601 2401 707 2430 oportet
726 2397 836 2423 codices.

418 2435 442 2468 δ)
462 2435 624 2460 humanitus.
642 2434 824 2459 -humanam
843 2433 897 2458 EK.

1537 379 1682 425 Quarto
1703 380 1803 427 quia,
1824 380 1920 416 sicut
1937 380 2170 427 Augustinus
2190 381 2288 428 dicit,
2304 382 2344 419 in
2362 383 2376 418 I
2396 382 2442 419 de
2455 382 2538 418 Lib.

1480 432 1574 468 Arb.
1590 431 1621 479 ²¹²,
1645 432 1704 468 lex
1723 433 1893 469 humana
1912 444 1990 469 non
2014 440 2139 481 potest
2162 434 2293 470 omnia
2317 446 2416 482 quae
2440 435 2540 471 male
2567 442 2577 453 ·

1481 484 1597 531 fiunt,
1626 485 1761 532 punire
1788 486 1850 522 vel
1886 485 2111 534 prohibere:
2141 486 2230 533 quia
2265 485 2358 522 dum
2394 487 2540 523 auferre

1480 538 1593 574 vellet
1621 538 1752 574 omnia
1779 539 1891 585 mala,
1921 546 2142 587 sequeretur
2167 538 2270 586 quod
2291 538 2404 575 etiam
2423 540 2542 576 multa

1482 590 1583 626 bona
1602 591 1832 638 tollerentur,
1855 599 1891 628 et
1908 591 2155 640 impediretur
2173 590 2309 627 utilitas
2328 590 2420 627 boni
2437 600 2541 627 com-

1481 642 1620 689 munis,
1650 644 1754 691 quod
1784 651 1839 681 est
1865 644 2122 681 necessarium
2142 644 2191 680 ad
2211 642 2541 680 conversationem

1480 695 1703 732 humanam.
1728 696 1779 733 Ut
1801 709 1892 744 ergo
1913 697 2059 734 nullum
2083 697 2228 733 malum
2253 694 2541 744 improhibitum

1481 755 1516 784 et
1544 748 1773 796 impunitum
1802 757 2008 796 remaneat,
2020 749 2288 797 „necessarium
2318 748 2386 784 fuit
2413 759 2543 796 super-

1479 800 1610 837 venire
1637 801 1761 847 legem
1791 801 1973 850 divinam,
2001 814 2072 850 per
2099 814 2215 851 quam
2236 801 2367 838 omnia
2386 807 2543 849 peccata

1480 853 1738 902 prohibentur.

1533 907 1583 942 Et
1609 906 1701 942 istae
1730 913 1894 954 quatuor
1925 918 2061 943 causae
2089 914 2293 955 tanguntur
2321 906 2358 943 in
2387 905 2541 942 Psalmo

1480 970 1565 995 xvm
1583 959 1614 1005 ²¹²,
1635 959 1701 995 ubi
1721 958 1875 995 dicitur:
1894 960 1980 995 Lex
1997 960 2153 997 Domini
2171 959 2427 1003 immaculata,
2446 957 2544 995 idest

1481 1012 1624 1048 nullam
1652 1010 1797 1059 peccati
1821 1011 2094 1059 turpitudinem
2117 1012 2359 1061 permittens;
2387 1022 2542 1048 conver-

1481 1070 1559 1101 tens
1586 1065 1754 1109 animas,
1784 1063 1874 1111 quia
1906 1076 1985 1100 non
2013 1065 2137 1102 solum
2175 1066 2379 1102 exteriores
2415 1071 2541 1110 actus,

1481 1117 1549 1154 sed
1578 1117 1690 1153 etiarn
1718 1116 1914 1153 interiores
1943 1116 2083 1164 dirigit;
2111 1118 2359 1155 testimonium
2386 1117 2546 1155 Domini

1469 1170 1599 1218 fidele,
1628 1177 1784 1218 propter
1812 1169 2074 1206 certitudinem
2097 1170 2265 1207 veritatis
2293 1178 2330 1207 et
2357 1170 2543 1207 rectitudi-

1483 1223 1557 1269 nis3
1580 1223 1801 1270 sapientiam
1820 1228 2021 1270 praestans
2033 1223 2218 1270 parvulis,
2238 1223 2463 1272 inquantum
2483 1235 2543 1260 or-

1482 1276 1586 1313 dinat
1616 1275 1814 1312 hominem
1843 1275 1893 1311 ad
1921 1277 2247 1323 supernaturalem
2276 1276 2394 1313 finem
2423 1283 2462 1313 et
2487 1274 2543 1314 di—

1480 1330 1627 1366 vinum.

1534 1384 1593 1418 An
1621 1393 1758 1418 ptumum
1786 1391 1884 1417 ERGO
1913 1391 2098 1418 DmENnuM
2118 1381 2223 1429 quod
2243 1392 2312 1429 per
2330 1372 2543 1418 naturalem

1480 1435 1604 1494 legem
1632 1434 1875 1492 participatur
1902 1434 1961 1470 lex
1981 1440 2134 1470 aeterna
2151 1433 2364 1471 secundum
2384 1438 2544 1482 prosperb

1480 1487 1623 1524 tionem
1651 1486 1864 1535 capacitatis
1890 1486 2083 1523 humanae
2102 1494 2269 1523 naturae.
2299 1487 2375 1524 Sed
2395 1493 2546 1535 opor-tet

1480 1548 1521 1577 ut
1549 1540 1669 1577 altiori
1697 1541 1816 1576 modo
1837 1539 2014 1586 dirigatur
2031 1539 2180 1577 homo
2171 1551 2209 1576 in
2228 1539 2405 1577 ultimum
2424 1540 2544 1577 finem

2569 967 2581 979 ⁸
2595 967 2664 990 Vers-
2678 967 2701 990 8.

1480 1594 1818 1642 supernaturalem.
1848 1593 1898 1629 Et
1923 1591 2012 1628 ideo
2039 1592 2305 1641 superadditur
2332 1594 2391 1630 lex
2412 1583 2545 1630 divini·
2569 1611 2571 1613 ·
2599 1600 2601 1602 “
2622 1615 2638 1640 ,ι

1480 1654 1540 1683 tus
1569 1647 1676 1692 data,
1706 1658 1774 1694 per
1801 1657 1919 1693 quarn
1950 1645 2011 1681 lex
2038 1654 2192 1683 aeterna
2224 1645 2481 1723 participatur-
2490 1645 2545 1682 εἰ»

1481 1699 1565 1736 tiori
1593 1699 1725 1735 modo.
2515 1713 2533 1729 ³

1534 1754 1594 1788 An
1622 1763 1812 1788 SECUNDUM
1838 1762 2024 1788 mCENnuM
2051 1743 2158 1801 quod
2187 1751 2387 1788 consilium
2416 1758 2472 1788 est
2489 1759 2545 1793 me

1482 1804 1631 1852 quisitio
1669 1804 1880 1862 quaedam.
1909 1804 2013 1841 unde
2045 1811 2197 1853 oportet
2229 1804 2336 1852 quod
2359 1802 2546 1853 procedat

1482 1870 1527 1894 ex
1547 1857 1734 1916 aliquibus
1753 1856 1956 1905 principiis.
1979 1858 2063 1894 Nec
2082 1857 2221 1894 sufficit
2239 1857 2344 1906 quod
2362 1857 2547 1905 procedat

1483 1923 1528 1947 ex
1556 1910 1748 1959 principiis
1767 1909 1985 1946 naturaliter
2002 1910 2140 1957 inditis,
2161 1922 2260 1958 quae
2287 1917 2376 1947 sunt
2391 1922 2545 1962 praece-

1482 1971 1546 2012 pta
1565 1964 1655 2010 legis
1676 1970 1844 2009 naturae,
1860 1970 2016 2011 propter
2034 1962 2226 2011 praedicta
2244 1962 2282 2000 *τ
2307 1962 2375 2000 sed
2394 1969 2582 2023 oportet·

1483 2016 1589 2065 quod
1616 2015 1920 2064 superaddantur
1947 2016 2139 2064 quaedam
2169 2015 2240 2052 alia
2257 2015 2454 2075 principia,
2474 2015 2544 2053 sci-

1483 2070 1567 2106 licet
1595 2075 1796 2117 praecepta
1824 2068 1916 2116 legis
1944 2068 2108 2106 divinae.

1535 2123 1595 2158 An
1621 2133 1781 2158 ‘rani-ium
1813 2133 1997 2158 mel-:Nouia
2031 2121 2136 2171 quod
2172 2128 2365 2158 creaturae
2402 2120 2499 2158 irra'

1483 2175 1587 2211 nales
1619 2187 1696 2211 non
1734 2174 1957 2211 ordinantur
1984 2175 2032 2212 ad
2065 2174 2237 2221 altiorem
2270 2173 2393 2222 finem
2426 2171 2496 2222 quffi‘
2531 2214 2537 2222 ‚

1483 2227 1529 2264 sit
1542 2226 1628 2264 finis
1644 2227 1707 2275 qui
1729 2234 1783 2264 est
1797 2227 2105 2276 proportionatus
2123 2227 2284 2266 naturali
2300 2223 2431 2274 virtuti·
2445 2227 2544 2276 ipsaq-

1485 2292 1582 2317 rum.
1613 2281 1662 2317 Et
1689 2279 1776 2317 ideo
1804 2292 1883 2317 non
1913 2288 1968 2318 est
1995 2281 2126 2319 similis
2154 2279 2261 2319 ratio.
2390 2304 2392 2307 f
2498 2299 2537 2320 ³..

2431 2369 2437 2375 .
2511 2357 2514 2364 ·
2532 2359 2538 2374 ι

2432 2390 2539 2417 vum&

1453 2394 1458 2460 Ι
1535 2394 1557 2427 ε)
1571 2395 1656 2428 ferre.
1673 2406 1694 2414 —-
1704 2394 1799 2427 facere
1817 2394 1863 2420 Pa.
2523 2424 2538 2432 .-

2472 2449 2475 2451 .
2487 2434 2539 2452 nm

2595 1971 2622 1994 ln
2635 1977 2742 2000 corpore.

2464 2477 2539 2498 >goz
2570 2474 2654 2494 ‘tm-v.
2742 2480 2744 2485 ι
2774 2475 2779 2481 ·

2527 2512 2534 2518 --
2650 2508 2669 2523 s.

1146 2566 1462 2609 ARTICULUS
1492 2565 1747 2617 QUINTUS

937 2661 1121 2691 UTRUM
1151 2660 1251 2691 LEx
1283 2658 1468 2690 DlVlNA
1498 2657 1580 2716 813*
1614 2658 1721 2689 UNA
1751 2659 1976 2689 TANTUM

1075 2739 1150 2768 Infra,
1170 2747 1214 2771 qu.
1234 2745 1294 2768 evn,
1314 2743 1360 2762 art.
1383 2743 1411 2767 ¹5
1429 2735 1474 2760 Ad
1495 2736 1594 2765 Galat„
1615 2745 1671 2769 cap.
1691 2745 1708 2768 1,
1729 2738 1785 2762 lect.
1805 2745 1832 2762 u.

576 2832 599 2857 D
624 2831 786 2863 QU1NTUM
806 2831 858 2856 sm
878 2831 1117 2856 PROCEDrrUR.
1147 2819 1305 2856 Videtur
1323 2816 1439 2877 quod

504 2903 520 2927 Nx
547 2916 551 2924 .
577 2874 636 2909 lex
666 2872 795 2909 divina
823 2872 869 2908 sit
896 2885 971 2909 una
996 2880 1156 2909 tantum.
1186 2871 1307 2909 Unius
1327 2869 1439 2907 enim

386 2928 501 2987 'dja
516 2914 675 2974 'segis
703 2925 742 2962 in
769 2937 846 2961 uno
868 2937 984 2973 regno
1005 2932 1061 2961 est
1079 2937 1155 2961 una
1174 2925 1244 2961 lex.
1276 2923 1353 2961 Sed
1373 2931 1428 2959 to-

425 2957 522 3023 §4339
537 2974 660 3018 &turn
695 2979 910 3015 humanum
948 2990 1067 3026 genus
1105 2985 1348 3026 comparatur
1379 2976 1429 3013 ad

368 3034 496 3069 Deum
533 3032 626 3069 sicut
663 3031 712 3068 ad
747 3042 869 3068 unum
905 3043 1056 3079 regem3
1090 3031 1301 3067 secundum
1339 3029 1430 3066 illud

369 3085 510 3122 Psalmi
536 3097 619 3121 XLV1
642 3085 675 3121 *z
705 3085 794 3121 Rex
815 3084 938 3120 omnis
960 3089 1085 3120 terrae
1102 3084 1350 3130 Deus.,Erg0
1377 3089 1432 3119 est

369 3150 446 3174 una
473 3145 620 3174 tantum
648 3138 706 3174 lex
735 3137 874 3174 divina.

425 3202 459 3226 2.
489 3191 727 3237 PRAETEREA,
757 3189 883 3227 omnis
920 3190 979 3226 lex
1007 3189 1204 3226 ordinatur
1235 3189 1284 3226 ad
1311 3189 1431 3225 finem

372 3254 488 3289 quem
515 3242 701 3289 legislator
728 3242 886 3280 intendit
908 3242 947 3279 in
971 3242 1024 3279 eis
1047 3243 1187 3290 quibus
1206 3243 1330 3290 legem
1349 3243 1430 3278 fert.

374 3294 450 3331 Sed
482 3306 602 3331 unum
640 3302 676 3331 et
707 3295 808 3332 idem
842 3302 897 3332 est
933 3295 1040 3343 quod
1071 3297 1178 3332 Deus
1209 3295 1367 3333 intendit
1394 3295 1433 3332 in

373 3346 551 3383 omnibus
567 3347 804 3394 hominibus;
820 3349 1031 3385 secundum
1052 3349 1142 3385 illud
1158 3349 1171 3385 I
1188 3348 1240 3386 ad
1255 3349 1350 3385 Tim.
1363 3348 1431 3385 11⁸⁸:

380 3398 465 3436 Vult
488 3410 616 3435 omnes
634 3400 802 3437 homines
825 3401 950 3438 salvos
957 3401 1063 3448 fieri,
1082 3406 1119 3438 et
1134 3401 1186 3438 ad
1202 3401 1433 3451 agnitionem

373 3451 538 3487 veritatis
564 3452 702 3487 venire.
734 3453 835 3499 Ergo
863 3466 940 3489 una
968 3461 1114 3490 tantum
1143 3462 1198 3490 est
1216 3455 1273 3491 lex
1294 3454 1432 3491 divina.

434 2842 461 2857 ,ι

410 2866 443 2883 ,η
485 2844 557 2905 *QZ-K

417 2886 438 2897 οι
511 2877 554 2919 ,ἢ

400 2908 403 2916 κ

431 3505 464 3540 3.
495 3504 727 3551 PRAETEREA,
757 3505 815 3540 lex
843 3505 972 3542 divina
999 3506 1251 3555 propinquior
1279 3519 1361 3544 esse
1379 3507 1435 3544 vi-

1485 2816 1594 2853 detur
1614 2816 1684 2864 legi
1713 2825 1901 2864 aeternae,
1922 2829 2020 2866 quae
2041 2825 2097 2854 est
2115 2829 2203 2864 una,
2224 2829 2341 2866 quam
2361 2819 2420 2854 lex
2439 2826 2546 2856 natu-

1483 2869 1582 2915 ralis,
1603 2877 1745 2917 quanto
1772 2869 1879 2907 altior
1898 2878 1953 2907 est
1977 2870 2157 2907 revelatio
2187 2871 2326 2918 gratiae
2346 2879 2475 2931 quam·
2483 2883 2546 2908 co-

1483 2922 1598 2969 gnitio
1628 2930 1794 2959 naturae.
1817 2923 1894 2960 Sed
1913 2924 1972 2959 lex
1993 2923 2170 2960 naturalis
2191 2931 2247 2960 est
2268 2936 2345 2960 una
2373 2924 2547 2979 omnium

1482 2975 1697 3012 hominum.
1728 2975 1830 3023 Ergo
1859 2977 1979 3012 multo
2007 2976 2128 3024 tnagis
2156 2977 2215 3013 lex
2243 2976 2405 3014 divina.
2427 2991 2438 3001 ³

1540 3029 1613 3065 SED
1642 3039 1787 3065 CONTRA
1811 3039 1877 3065 Es'r
1905 3028 2011 3076 quod
2029 3030 2236 3078 Apostolus
2259 3029 2359 3078 dicit,
2379 3026 2437 3068 ad
2443 3021 2546 3090 Q.

1483 3093 1532 3118 vn
1555 3082 1590 3103 *·
1625 3083 1660 3118 T
1656 3082 1823 3118 ranslato
1859 3082 2088 3128 sacerdotio,
2118 3092 2265 3119 necesse
2301 3088 2356 3120 est
2384 3084 2443 3123 κί’
2447 3082 2549 3144 Q

1485 3135 1678 3172 translatio
1701 3136 1789 3183 fiat.
1825 3135 1903 3172 Sed
1939 3135 2193 3172 sacerdotium
2227 3142 2284 3173 est
2319 3136 2468 3185 duplex-
2469 3138 2550 3183 ,Q

1485 3188 1628 3225 ibidem
1651 3188 1672 3210 ²¹⁶
1691 3188 1844 3225 dicitur:
1873 3188 2012 3225 scilicet
2040 3188 2295 3226 sacerdotium
2321 3187 2585 3235 Levitifflm‘,-

1486 3249 1523 3278 et
1542 3241 1795 3279 sacerdotium
1817 3241 1966 3278 Christi.
1987 3242 2089 3289 Ergo
2109 3241 2223 3279 etiam
2249 3241 2389 3298 duplex
2405 3244 2469 3278 est·
2478 3215 2548 3312 seii

1487 3295 1633 3332 divina:
1664 3294 1803 3332 scilicet
1828 3295 1887 3331 lex
1913 3302 2037 3342 vetus,
2066 3302 2108 3332 et
2129 3295 2188 3332 lex
2215 3302 2331 3332 nova.
2332 3305 2387 3318 ¹¹¹¹¹
2423 3307 2426 3315 ’

1541 3349 1766 3385 RESPONDEO
1795 3358 1979 3385 mcENnuM
2003 3347 2119 3396 quod,
2140 3347 2236 3384 sicut
2253 3347 2295 3384 in
2310 3335 2476 3383 Primo⁸
2495 3344 2549 3382 di-

1488 3408 1590 3438 ctum
1621 3409 1687 3447 est,
1717 3400 1904 3438 distinctio
1935 3408 1991 3437 est
2018 3410 2142 3437 causa
2151 3399 2312 3437 numeri.
2341 3392 2550 3447 Dupliciter

1488 3462 1616 3491 autem
1653 3454 1895 3491 inveniuntur
1927 3453 2053 3502 aliqua
2081 3452 2266 3500 distingui.
2296 3451 2383 3489 Uno
2411 3451 2547 3498 modo,

1489 3507 1584 3544 sicut
1612 3519 1658 3543 ea
1693 3519 1791 3556 quae
1827 3513 1914 3544 sunt
1951 3505 2109 3542 omnino
2146 3504 2271 3554 specie
2308 3504 2480 3541 diversa:
2508 3511 2550 3540 ut

2575 3104 2585 3114 ·
2599 3101 2668 3124 Vm.
2681 3107 2710 3124 υ.

2574 3208 2668 3231 ’νει-ι.
2683 3214 2701 3231 n
2714 3213 2766 3237 nqq.
2837 3186 2840 3214 i

2720 3246 2758 3261 ,ὼ
2777 3244 2779 3246 -
2835 3246 2840 3255 ,

2575 3366 2786 3412 ⁸Qu.xxxgffl735
2834 3346 2840 3390 i
