2840 4010
116 693 146 715 cf
174 699 204 720 qu
234 699 287 714 xcix

86 694 97 704 .

84 709 171 741 intro'd.
207 709 212 715 ⁶

85 1747 93 1756 ·
109 1745 176 1767 Vers.
191 1753 212 1774 9.

78 2549 87 2559 ·
103 2549 168 2571 Vers.
185 2550 206 2571 6.

325 117 399 153 206

1055 117 1319 163 QUAESTIO
1350 116 1399 162 C,
1430 117 1724 154 ARTICULUS
1754 119 1767 154 I

950 287 1361 365 QUAESTIO
1401 288 1872 345 CENTESIMA

726 416 807 455 DE
841 404 1212 456 PRAECEPTIS
1245 415 1598 458 MORALIBUS
1631 416 1891 457 VETERIS
1924 417 2100 458 LEGIS

1099 535 1133 559 lN
1162 535 1347 560 DUODECIM
1375 535 1576 562 ARTICULOS
1604 536 1720 561 DIVlSA

407 648 513 673 EINDE
543 635 864 673 considerandum
900 644 955 674 est
983 636 1030 674 de
1060 637 1212 686 singulis
1240 639 1383 686 generi-

324 647 477 728 Dbus
504 696 796 737 praeceptorum
829 689 968 727 veteris
994 690 1085 738 legis
1108 690 1140 727 ³¹³.
1170 691 1219 728 Et
1244 691 1382 740 primo,

323 742 371 779 de
398 742 609 791 praeceptis
638 742 868 788 moralibus;
897 744 1083 789 secundo,
1115 743 1161 789 de
1191 755 1384 781 caeremo—

323 794 483 833 nialibus
501 794 542 840 ’¹⁶3
571 794 693 842 tertio,
725 795 772 832 de
801 795 1037 833 iudicialibus
1063 796 1116 833 **.

323 848 432 884 Circa
459 847 627 896 primurn
656 855 888 895 quaeruntur
917 848 1131 885 duodecim.

375 900 526 938 Primo:
555 908 684 937 utrum
713 901 842 938 omnia
862 909 1064 951 praecepta
1093 902 1253 939 moralia
1280 910 1383 940 vete-

429 953 478 990 ris
506 953 597 1001 legis
624 953 696 990 sint
724 954 771 991 de
799 955 881 1002 lege
909 962 1078 992 naturae.

376 1006 575 1044 Secundo:
604 1014 730 1043 utrum
751 1015 953 1055 praecepta
982 1007 1141 1044 moralia
1168 1008 1305 1044 veteris
1333 1009 1383 1045 le-

427 1059 482 1107 gis
511 1059 583 1096 sint
611 1059 657 1096 de
687 1060 832 1096 actibus
861 1060 1034 1097 omnium
1061 1060 1255 1097 virtutum.

366 1111 522 1148 Tertio:
544 1120 670 1148 utrum
690 1112 818 1149 omnia
837 1120 1041 1161 praecepta
1064 1113 1223 1149 moralia
1245 1113 1384 1150 veteris

428 1165 518 1212 legis
533 1165 760 1201 reducantur
770 1165 819 1202 ad
830 1165 965 1202 decem
979 1173 1183 1214 praecepta
1198 1166 1380 1214 decalogi.

377 1218 543 1263 Quarto:
566 1217 613 1254 de
634 1217 871 1262 distinctione
886 1226 1179 1266 praeceptorum
1200 1218 1382 1266 decalogi.

1492 639 1654 685 Quinto:
1686 639 1733 676 de
1762 651 1922 677 numero
1952 652 2098 677 eorum.

1492 692 1627 728 Sexto:
1659 691 1706 728 de
1735 692 1878 729 ordine.

1491 744 1683 793 Septimo:
1713 744 1760 781 de
1790 744 1908 782 modo
1937 745 2110 782 tradendi
2136 746 2230 794 ipsa.

1492 798 1662 834 Octavo:
1692 803 1818 834 utrum
1847 797 1920 834 sint
1947 798 2224 847 dispensabilia.

1491 851 1626 886 Nono:
1648 856 1775 886 utrum
1791 850 1931 887 modus
1951 851 2182 890 observandi
2196 853 2374 890 virtutem
2391 853 2500 891 cadat

1544 903 1614 939 sub
1642 910 1858 951 praecepto.

1490 955 1671 992 Decimo:
1693 962 1821 992 utrum
1837 955 1977 993 modus
1997 957 2157 995 caritatis
2172 959 2282 996 cadat
2301 960 2372 996 sub
2390 971 2499 1009 prae-

1544 1016 1665 1056 cepto.

1489 1061 1725 1099 Undecimo:
1756 1060 1804 1097 de
1824 1060 2063 1099 distinctione
2091 1063 2252 1101 aliorum
2277 1072 2498 1114 praecepto-

1545 1126 1629 1151 rum
1659 1113 1874 1150 moralium.

1490 1166 1755 1204 Duodecimo:
1784 1173 1911 1203 utrum
1940 1175 2149 1216 praecepta
2172 1170 2332 1207 moralia
2359 1170 2498 1207 veteris

1542 1219 1632 1267 legis
1660 1219 1870 1256 iustificent.
2360 1232 2366 1236 ·

1133 1327 1448 1370 ARTICULUS
1481 1329 1684 1370 PRIMUS

608 1419 762 1450 UTRUM
787 1419 927 1450 OMNIA
953 1419 1208 1450 PRAECEPTA
1232 1419 1429 1451 MORALIA
1451 1421 1726 1452 PERTINEANT
1750 1422 1808 1452 AD
1834 1422 1982 1453 LEGEM
2004 1423 2212 1454 NATURAE

1250 1498 1324 1528 infra.
1344 1506 1387 1531 qu.
1407 1507 1458 1531 ειν,
1477 1505 1523 1525 art.
1548 1508 1568 1526 ι.

361 1615 387 1632 ·.
439 1600 496 1633 μ(
534 1598 556 1623 D
586 1598 723 1623 PRIMUM
749 1598 802 1622 sic
828 1597 1065 1623 PROCEDITUR.
1096 1586 1255 1624 Videtur
1279 1588 1383 1635 quod

351 1625 516 1695 '55¹2ae
534 1651 612 1675 non
628 1639 756 1676 omnia
774 1647 978 1688 praecepta
998 1640 1157 1677 moralia
1174 1640 1384 1688 pertineant

337 1673 582 1739 ‘ffiralss'ad
610 1692 733 1739 legem
766 1699 933 1728 naturae.
963 1692 1108 1728 Dicitur
1138 1693 1239 1730 enim
1266 1694 1381 1731 Eccli.

326 1735 356 1751 ·
380 1716 478 1774 ῥῖν’)
494 1733 654 1781 xv11*:
683 1745 837 1781 Addidit
853 1745 923 1781 illis
942 1745 1187 1793 disciplinam,
1208 1752 1245 1783 et
1261 1747 1382 1796 legem

321 1798 419 1834 vitae
454 1798 700 1834 haereditavit
734 1798 824 1834 illos.
866 1798 942 1835 Sed
976 1798 1169 1847 disciplina
1208 1799 1383 1837 dividitur

322 1858 452 1887 contra
471 1851 594 1898 legem
622 1859 794 1887 naturae:
817 1863 862 1887 eo
883 1851 987 1899 quod
1014 1852 1073 1888 lex
1098 1853 1276 1890 naturalis
1303 1866 1383 1890 non

321 1903 535 1949 addiscitur,
561 1903 629 1940 sed
650 1916 694 1940 ex
713 1903 873 1940 naturali
892 1904 1068 1941 instinctu
1087 1906 1258 1943 habetur.
1279 1907 1381 1954 Ergo

319 1969 396 1993 non
413 1956 542 1993 omnia
556 1965 757 2006 praecepta
774 1957 932 1993 moralia
947 1965 1034 1994 sunt
1049 1958 1096 1995 de
1114 1959 1196 2006 lege
1211 1967 1380 1998 naturae.

375 2022 409 2047 2.
440 2011 677 2056 PRAETEREA,
707 2011 764 2046 lex
793 2010 921 2047 divina
955 2011 1154 2058 perfectior
1182 2020 1236 2049 est
1264 2025 1380 2062 quam

320 2063 378 2099 lex
405 2063 586 2100 humana.
618 2063 695 2099 Sed
723 2064 781 2099 lex
810 2063 980 2100 humana
1008 2065 1228 2112 superaddit
1254 2065 1380 2116 aliqua

319 2116 367 2152 ad
406 2117 528 2152 bonos
566 2128 693 2152 mores
728 2116 951 2164 pertinentia
988 2117 1046 2154 his
1084 2129 1182 2166 quae
1214 2125 1302 2157 sunt
1329 2119 1377 2159 de

318 2169 399 2216 lege
429 2177 604 2206 naturae:
634 2170 739 2217 quod
766 2177 869 2217 patet
897 2181 942 2206 ex
976 2170 1051 2206 hoc
1084 2171 1190 2219 quod
1222 2172 1287 2211 lex
1314 2183 1382 2210 na·
1411 2215 1414 2217 Α

319 2229 424 2259 turae
445 2230 500 2259 est
529 2223 664 2259 eadem
693 2222 795 2270 apud
816 2234 971 2269 omnes,
1001 2220 1379 2278 huiusmodi‘autem

318 2287 471 2312 morum
492 2275 656 2312 instituta
675 2283 761 2311 sunt
781 2275 930 2312 diversa
949 2278 1052 2324 apud
1072 2277 1255 2315 diversos.
1275 2279 1378 2327 Ergo

317 2329 436 2365 multo
466 2328 596 2364 fortius
624 2327 751 2365 divina
779 2329 837 2364 lex
872 2328 998 2377 aliqua
1026 2329 1075 2366 ad
1100 2331 1224 2368 bonos
1251 2343 1379 2371 mores

315 2381 540 2429 pertinentia
569 2381 699 2418 debuit
727 2381 866 2418 addere
895 2394 1008 2430 supra
1036 2383 1158 2431 legem
1186 2391 1352 2423 naturae.

372 2436 405 2471 3.
434 2435 675 2481 PRAETEREA,
705 2434 800 2470 sicut
828 2435 920 2471 ratio
949 2436 1126 2473 naturalis
1157 2437 1301 2475 inducit
1328 2438 1377 2476 ad

316 2487 462 2536 aliquos
499 2488 623 2524 bonos
656 2499 804 2534 mores,
833 2487 883 2524 ita
913 2495 949 2524 et
975 2489 1091 2526 fides:
1121 2490 1225 2527 unde
1263 2490 1375 2529 etiarn

316 2540 450 2577 dicitur
477 2542 528 2578 ad
559 2540 680 2577 Galat.
706 2552 729 2576 v
747 2539 778 2586 ²¹²,
809 2540 914 2588 quod
932 2542 1032 2588 fides
1055 2554 1126 2591 per
1144 2543 1375 2582 dilectionem

314 2599 502 2641 operatur.
535 2593 612 2630 Sed
639 2592 736 2630 fides
765 2605 842 2630 non
872 2594 1084 2631 continetur
1102 2597 1173 2633 sub
1201 2597 1282 2644 lege
1310 2609 1376 2634 na-

314 2654 435 2683 turae:
465 2647 554 2696 quia
574 2658 618 2683 ea
637 2658 738 2694 quae
765 2654 851 2683 sunt
879 2647 979 2695 fidei,
1009 2656 1096 2685 sunt
1123 2661 1238 2698 supra
1266 2650 1376 2687 ratio-

314 2712 403 2736 nem
433 2700 653 2736 naturalem.
685 2700 786 2747 Ergo
816 2712 894 2736 non
923 2700 1053 2737 omnia
1071 2709 1273 2751 praecepta
1293 2715 1376 2740 mo-

315 2753 403 2789 ralia
432 2753 522 2800 legis
552 2753 702 2789 divinae
730 2752 920 2800 pertinent
947 2753 996 2790 ad
1025 2755 1148 2802 legem
1176 2762 1344 2793 naturae.

368 2806 441 2842 SED
462 2818 607 2842 CONTRA
626 2817 691 2842 EST
710 2805 814 2853 quod
835 2805 922 2842 dicit
940 2808 1159 2855 Apostolus,
1179 2809 1291 2846 Rom.
1309 2810 1373 2856 11¹⁸,

314 2859 417 2906 quod
445 2865 584 2908 gentes,
610 2870 705 2907 quae
724 2859 845 2908 legem
875 2871 948 2895 non
977 2860 1124 2906 habent,
1155 2861 1376 2900 naturaliter

314 2923 357 2947 ea
386 2923 482 2959 quae
509 2912 602 2961 legis
628 2917 733 2957 sunt,
751 2912 922 2959 faciunt:
953 2912 1057 2960 quod
1085 2921 1235 2962 oportet
1268 2914 1374 2952 intel·

313 2963 374 3011 ligi
403 2964 448 3000 de
477 2965 534 3001 his
553 2977 652 3012 quae
681 2964 867 3013 pertinent
887 2965 934 3002 ad
954 2965 1078 3002 bonos
1101 2978 1240 3003 mores.
1271 2968 1373 3016 Ergo

314 3017 442 3053 omnia
472 3017 631 3054 moralia
659 3025 862 3070 praecepta
890 3017 980 3066 legis
1009 3026 1095 3055 sunt
1123 3019 1170 3056 de
1198 3020 1279 3067 lege
1309 3033 1373 3058 na-

314 3076 429 3105 turae.

367 3123 590 3159 RESPONDEO
611 3135 794 3162 D1CENDUM
813 3123 918 3171 quod
938 3131 1141 3173 praecepta
1160 3125 1331 3174 moralia,
1351 3139 1374 3163 a

1437 1588 1569 1625 ordine
1590 1588 1637 1625 ad
1666 1588 1862 1636 rationem,
1892 1601 1990 1636 quae
2011 1588 2026 1618 β
2055 1598 2110 1627 est
2136 1591 2335 1639 proprium
2363 1591 2499 1640 princi—

1435 1641 1541 1690 pium
1578 1642 1835 1678 humanorum
1873 1649 2046 1689 actuum,
2075 1642 2125 1679 illi
2158 1655 2286 1680 mores
2324 1644 2498 1682 dicuntur

1436 1694 1528 1731 boni
1562 1694 1626 1742 qui
1656 1694 1789 1731 rationi
1823 1703 2055 1742 congruunt,
2087 1696 2175 1732 mali
2210 1704 2338 1734 autem
2374 1697 2439 1745 qui
2475 1710 2498 1735 a

1436 1747 1580 1784 ratione
1610 1747 1836 1785 discordant.
1876 1748 1981 1785 Sicut
2008 1756 2137 1785 autern
2171 1761 2288 1786 omne
2316 1749 2497 1788 iudicium

1436 1800 1589 1837 rationis
1605 1801 1860 1849 speculativae
1878 1801 2051 1849 procedit
2065 1814 2086 1838 a
2101 1802 2261 1839 naturali
2281 1803 2497 1851 cognitione

1435 1853 1647 1901 primorum
1667 1854 1953 1903 principiorum,
1973 1854 2023 1891 ita
2047 1855 2160 1892 etiam
2176 1867 2293 1893 omne
2311 1856 2495 1894 iudicium
2557 1865 2559 1868 ’

1435 1906 1589 1943 rationis
1603 1907 1790 1955 practicae
1806 1907 1978 1956 procedit
1992 1919 2038 1944 ex
2053 1908 2288 1957 quibusdam
2302 1909 2496 1958 principiis

1434 1960 1649 1996 naturaliter
1668 1959 1837 2007 cognitis,
1858 1968 1899 1997 ut
1918 1973 2032 2010 supra
2046 1960 2067 1982 ’¹‘
2086 1961 2230 1999 dictum
2251 1969 2318 1999 est.
2338 1962 2397 1999 Ex
2416 1962 2498 2012 qui-

2521 1969 2530 1979 ·
2549 1969 2602 1998 Qu..
2615 1975 2676 1998 xcxv,
2689 1974 2739 1993 nrt.

2523 2001 2535 2018 ²
2557 2003 2582 2024 4·

1434 2011 1505 2049 bus
1535 2012 1791 2050 diversimode
1828 2013 1983 2062 procedi
2012 2021 2138 2062 potest
2164 2014 2213 2051 ad
2249 2012 2544 2053 iudicandum)

1434 2064 1481 2101 de
1501 2065 1670 2103 diversis.
1697 2066 1898 2112 Quaedam
1927 2066 2029 2104 enim
2049 2074 2136 2104 sunt
2154 2067 2192 2104 in
2211 2068 2390 2106 humanis
2409 2068 2497 2106 acti-

1415 2118 1504 2155 ·bus
1531 2119 1629 2156 adeo
1651 2119 1820 2168 explicita
1840 2120 1946 2167 quod
1966 2119 2102 2165 statim,
2124 2132 2212 2158 curn
2232 2121 2386 2158 modica
2405 2133 2495 2159 con-

1432 2170 1671 2219 sideratione,
1701 2180 1860 2220 possunt
1887 2173 2091 2221 approbari
2113 2175 2176 2211 vel
2205 2174 2400 2222 reprobari
2425 2186 2496 2224 per

1428 2222 1493 2261 'illa
1517 2225 1736 2262 communia
1757 2233 1792 2262 et
1811 2225 1934 2274 prima
1957 2226 2152 2275 principia.
2166 2227 2377 2274 Quaedam
2396 2239 2492 2265 vero

1431 2284 1520 2314 sunt
1541 2278 1589 2315 ad
1610 2290 1775 2326 quorum
1803 2278 1987 2316 iudicium
2013 2279 2214 2328 requiritur
2233 2281 2350 2317 multa
2374 2280 2494 2318 consi-

1432 2329 1576 2367 deratio
1597 2331 1832 2368 diversarum
1856 2331 2237 2380 circumstantiarum,
2258 2345 2352 2381 quas
2372 2333 2494 2371 consi-

1432 2383 1563 2420 derare
1579 2384 1773 2431 diligenter
1787 2397 1865 2421 non
1880 2392 1936 2422 est
1955 2385 2161 2432 cuiuslibet,
2178 2385 2247 2422 sed
2261 2385 2492 2434 sapientum:

1431 2435 1527 2473 sicut
1547 2437 1785 2474 considerare
1810 2438 2054 2486 particulares
2081 2438 2346 2475 conclusiones
2373 2439 2492 2476 scien-

1430 2489 1565 2526 tiarum
1586 2502 1663 2527 non
1688 2490 1849 2539 pertinet
1873 2491 1923 2528 ad
1941 2503 2089 2538 omnes,
2119 2491 2186 2528 sed
2205 2491 2256 2528 ad
2281 2492 2384 2528 solos
2409 2483 2508 2541 phi-N

1430 2542 1624 2591 losophos.
1647 2543 1849 2590 Quaedam
1862 2555 1956 2580 vero
1972 2551 2059 2581 sunt
2073 2544 2121 2581 ad
2136 2555 2235 2592 quae
2250 2544 2491 2582 diiudicanda

1428 2595 1568 2643 indiget
1585 2597 1704 2632 homo
1725 2596 1895 2634 adiuvari
1913 2609 1981 2645 per
1999 2596 2286 2644 instructionem
2305 2597 2490 2635 divinam:

1429 2648 1523 2684 sicut
1552 2657 1606 2685 est
1634 2649 1732 2686 circa
1757 2649 1957 2687 credenda.

1484 2701 1545 2738 Sic
1573 2702 1683 2749 igitur
1710 2710 1813 2751 patet
1841 2703 1957 2751 quod,
1988 2714 2076 2739 cum
2104 2702 2262 2739 moralia
2288 2711 2492 2752 praecepta

1429 2753 1501 2791 sint
1529 2755 1575 2791 de
1605 2755 1661 2791 his
1690 2767 1789 2803 quae
1812 2755 2002 2804 pertinent
2021 2755 2069 2792 ad
2089 2756 2213 2792 bonos
2232 2767 2377 2802 mores3
2396 2757 2492 2793 haec

1429 2814 1555 2844 autern
1586 2815 1672 2844 sunt
1699 2820 1797 2856 quae
1827 2808 1961 2845 rationi
1991 2815 2204 2856 congruunt
2222 2813 2255 2855 Υ;
2285 2821 2403 2847 omne
2426 2821 2491 2846 au-

1428 2867 1505 2896 tem
1534 2860 1686 2897 rationis
1713 2861 1905 2898 humanae
1933 2861 2116 2898 iudicium
2139 2861 2349 2910 aliqualiter
2377 2874 2399 2899 a
2427 2873 2492 2900 na-

1428 2913 1537 2949 turali
1565 2913 1708 2950 ratione
1738 2913 1944 2951 derivatur:
1975 2926 2129 2951 necesse
2159 2915 2343 2963 estquod
2362 2915 2492 2952 omnia

1428 2973 1630 3015 praecepta
1658 2966 1817 3004 moralia
1850 2967 2060 3015 pertineant
2088 2968 2136 3005 ad
2163 2968 2288 3016 legem
2315 2976 2490 3015 naturae,

1428 3019 1495 3056 sed
1516 3019 1782 3057 diversimode.
1804 3020 2005 3066 Quaedam
2026 3020 2127 3058 enirn
2145 3028 2231 3058 sunt
2245 3033 2346 3070 quae
2365 3021 2491 3058 statim

1427 3084 1497 3120 per
1515 3084 1555 3109 se
1576 3072 1669 3109 ratio
1689 3073 1867 3110 naturalis
1896 3073 2091 3111 cuiuslibet
2117 3073 2283 3112 hominis
2312 3073 2491 3112 diiudicat

1429 3137 1510 3162 esse
1543 3125 1715 3162 facienda
1746 3127 1808 3162 vel
1846 3139 1924 3163 non
1957 3126 2150 3164 facienda:
2184 3126 2297 3174 sicut,
2324 3127 2490 3164 Honora

315 3175 651 3212 caeremonialibus
687 3184 722 3212 et
757 3176 994 3213 iudicialibus
1023 3177 1214 3226 distincta,
1244 3186 1330 3216 sunt
1356 3185 1373 3200 α
1419 3184 1570 3226 patrem
1599 3184 1703 3215 tuum
1732 3184 1767 3215 et
1793 3185 1952 3217 matrem
1980 3185 2101 3226 tuam,
2134 3187 2187 3227 et,
2206 3180 2298 3217 Non
2327 3179 2488 3226 occides,

316 3226 362 3263 de
391 3227 459 3263 illis
487 3240 583 3275 quae
604 3229 814 3266 secundum
844 3242 884 3266 se
914 3229 962 3266 ad
990 3230 1115 3267 bonos
1143 3243 1270 3268 mores
1289 3244 1372 3281 per·
1425 3231 1516 3268 Non
1534 3233 1688 3279 furtum
1705 3232 1832 3280 facies
1850 3232 1881 3269 ²¹⁸.
1906 3233 1955 3270 Et
1973 3232 2193 3270 huiusmodi
2213 3240 2300 3271 sunt
2317 3233 2489 3269 absolute

314 3279 442 3316 tinent.
474 3280 574 3316 Cum
611 3289 738 3318 autern
775 3282 934 3318 humani
972 3295 1100 3320 mores
1136 3284 1306 3322 dicantur
1333 3285 1371 3322 in
1426 3284 1472 3321 de
1492 3285 1572 3332 lege
1598 3292 1765 3322 naturae.
1786 3306 1809 3312 -
1830 3285 2033 3332 Quaedam
2056 3298 2150 3325 vero
2174 3293 2261 3323 sunt
2283 3297 2382 3335 quae
2401 3285 2488 3322 sub-

368 3405 394 3437 α)
415 3404 548 3434 distincta,
568 3409 638 3430 sunt.
657 3420 675 3425 »-
695 3407 820 3431 distincta
838 3411 912 3437 sunt,
933 3408 995 3440 quia
1011 3413 1155 3441 praecepta
1180 3410 1293 3434 moralia
1312 3413 1373 3435 sunt

313 3441 362 3471 sB;
378 3439 504 3465 distincta
518 3443 587 3470 sunt,
602 3447 668 3471 quae
682 3444 744 3465 sunt
759 3442 809 3470 sH;
824 3445 885 3466 sunt
900 3443 1033 3473 distincta,
1045 3444 1161 3470 moralia
1172 3445 1240 3469 enim
1251 3448 1314 3470 sunt
1328 3446 1373 3470 Pa.

1480 3409 1505 3443 β)
1525 3418 1600 3443 quae.
1619 3425 1636 3429 -
1655 3411 1726 3443 quod
1744 3411 1991 3437 ABCDEGfflKLa.

1479 3446 1506 3479 γ)
1525 3449 1685 3479 congruunt.
1703 3459 1721 3466 ·—
1739 3447 1899 3472 conveniunt
1916 3447 1962 3471 Pa.

2516 3229 2525 3238 ·
2536 3227 2612 3250 Exod.
2624 3234 2675 3257 etp.
2686 3234 2728 3257 xx,

2516 3260 2584 3303 15:32
2590 3260 2677 3310 Ἥ]
2691 3261 2728 3304 ¹3²

2516 3313 2576 3330 vere.
2589 3307 2621 3336 16,
2631 3313 2662 3336 17,
2672 3313 2681 3330 ι
2720 3298 2728 3311 ”
