2840 4010
7 927 22 940 ⁸
35 926 103 950 Ver·-
115 933 146 950 u.

12 1178 163 1212 ''G-mr.

7 2459 133 2483 ‘Vero-1.

894 199 1158 245 QUAESTIO
1188 201 1364 247 LXXXI,
1393 201 1686 239 ARTICULUS
1714 202 1766 238 lV

2364 217 2407 252 91

923 285 1252 318 commentaria
1274 285 1522 320 Car-dinalis
1544 287 1742 321 Caietam·

248 367 295 429 In
319 357 450 400 articulo
474 360 566 390 tertio
582 361 724 392 eiusdem
740 364 1072 405 octogesimaeprimae
1095 363 1298 405 quaestioniS‚

275 401 396 432 omisso
420 404 574 441 secundo,
601 406 725 437 adverte
750 407 815 437 duo
840 408 918 438 circa
942 407 1206 438 universalitatem
1230 417 1301 447 pec-

246 445 305 475 cati
329 445 498 485 originaliS.
514 448 657 479 Primum
672 457 727 486 est,
744 451 834 490 quod
857 451 896 481 ad
918 451 1015 482 fidem
1031 450 1218 481 catholicam
1235 460 1304 489 spe-

246 495 308 519 ctat
326 490 414 529 quod
434 500 545 522 omnes
562 501 683 532 praeter
701 495 807 524 solum
831 494 1004 529 Christum,
1025 493 1210 524 contrahant
1233 503 1306 533 pec-

247 539 355 563 catum
371 534 531 573 originale.
556 537 653 574 Quod
677 538 798 568 dictum
816 548 883 567 non
901 537 1142 576 intelligendum
1157 543 1204 567 est
1218 537 1306 566 aliter

246 586 345 616 quam
361 578 399 607 de
415 586 526 616 morte,
542 590 624 621 quae
640 588 686 612 est
700 591 804 621 poena
828 581 945 621 peccati
961 580 1121 619 originalis
1134 589 1140 609 ;
1160 580 1202 610 ita
1217 580 1306 620 quod

247 619 328 651 sicut
340 630 452 652 omnes
467 622 631 654 incurrunt
653 631 800 659 mortem,
815 624 895 654 idest
910 623 1125 654 necessitatem
1140 623 1305 658 moriendi,

247 663 290 694 ita
313 674 425 695 omnes
441 666 605 698 incurrunt
627 673 791 707 peccatum
811 666 978 706 originale,
987 667 1068 697 idest
1091 667 1307 697 necessitatem

247 707 383 738 habendi
402 718 568 750 peccatum
591 708 752 751 originale.
776 710 818 740 Et
831 710 912 740 sicut
926 720 992 740 non
1008 717 1126 751 spectat
1149 711 1190 740 ad
1210 709 1307 740 fidem

248 761 287 781 an
312 752 427 792 singuli
450 753 627 785 moriantur
648 753 819 790 actualiter,
836 764 876 784 an
900 754 1005 784 divina
1029 754 1236 794 dispositione
1252 753 1306 783 ali-

249 794 321 836 quis
344 805 409 827 non
433 796 600 833 merismu
623 796 668 827 ita
689 807 756 827 non
772 804 891 837 spectat
906 798 946 828 ad
962 797 1057 828 fidem
1073 808 1112 828 an
1129 797 1252 838 aliquis,
1271 807 1307 827 ex

248 838 374 879 speciali
397 839 612 881 praerogativa
634 841 759 880 gratiae,
783 849 850 871 non
872 841 1010 872 incurrat
1032 841 1192 872 actualiter
1215 840 1307 880 origi-

248 881 319 913 nale
338 889 512 923 peceatum.
537 884 584 914 De
609 891 745 925 utroque
769 885 854 915 enirn
878 885 973 915 simul
995 885 1100 926 inquit
1122 884 1306 924 Apostolus,

248 926 293 957 ad
313 925 403 959 Rom.
425 936 446 956 v
463 924 497 957 *τ
520 927 584 958 Per
605 938 705 958 unum
732 929 887 959 hominem
910 934 1078 969 peccatum
1103 928 1245 959 introivit
1275 928 1307 958 in

249 969 421 1007 mundum,
447 975 478 1000 et
493 980 557 1011 per
572 977 741 1012 peccatum
766 983 861 1004 mors.
886 968 943 1003 Est
973 973 1068 1013 igitur
1098 970 1307 1003 necessarium

249 1012 426 1043 secundum
445 1014 632 1046 catholicam
651 1015 759 1052 fidem,
775 1017 899 1047 credere
914 1017 1002 1057 quod
1022 1015 1127 1050 omnis
1144 1014 1307 1055 utriusque

248 1056 341 1086 sexus
362 1056 401 1087 ab
418 1057 522 1089 Adam
537 1060 714 1090 secundum
733 1060 889 1090 rationem
905 1060 1090 1091 seminalem
1108 1058 1306 1099 proveniens,

249 1109 286 1130 ex
308 1099 377 1140 ipsa
400 1111 456 1131 sua
479 1103 680 1142 generatione
704 1104 743 1134 sit
762 1104 919 1134 obnoxius
942 1110 1071 1144 peccato
1095 1102 1248 1143 originali.
1268 1102 1308 1132 Et

249 1150 358 1174 contra
379 1144 565 1186 Pelagianos
586 1147 724 1178 dicentes
749 1148 946 1188 oppositum,
965 1146 1164 1187 Augustinus
1188 1145 1308 1176 disserit

249 1193 280 1218 et
294 1187 404 1219 definit
417 1189 444 1220 *.
468 1190 516 1220 De
540 1191 610 1221 solo
627 1198 734 1222 autem
750 1192 819 1222 Iesu
836 1191 963 1222 Christo
978 1200 1089 1221 verum
1106 1196 1152 1220 est
1167 1190 1256 1230 quod
1273 1199 1309 1219 ex

247 1230 317 1271 ipsa
339 1234 542 1272 generatione
556 1235 636 1265 nulli
659 1235 817 1266 obnoxius
833 1243 879 1266 est
902 1241 1049 1275 peccato:
1072 1234 1158 1264 iuxta
1176 1234 1308 1263 verbum

245 1275 362 1315 Angeii
386 1277 425 1307 ad
440 1278 565 1308 beatam
587 1279 750 1319 Virginem
766 1286 838 1310 ante
862 1279 932 1309 Filii
958 1278 1209 1318 conceptionem,
1227 1287 1308 1317 quae

248 1326 381 1350 vocatur
403 1321 547 1352 nativitas
565 1322 598 1352 in
622 1331 727 1359 utero,
753 1323 902 1353 dicentis:
930 1322 1024 1359 Quod
1046 1331 1088 1353 ex
1106 1327 1137 1352 te
1159 1326 1310 1351 nascetur

247 1368 394 1394 sanctum
411 1365 438 1395 *.
461 1366 503 1396 Et
524 1366 611 1397 iuxta
637 1367 723 1405 hunc
751 1376 880 1396 sensum
903 1366 1017 1396 militat
1039 1365 1118 1396 ratio
1142 1365 1307 1401 Auctoris,

249 1406 366 1439 scilicet
393 1409 469 1450 quia
495 1409 584 1440 aliter
605 1419 670 1440 non
699 1410 875 1449 indigerent
904 1409 1122 1449 redemptione
1150 1419 1231 1449 quae
1253 1419 1310 1449 per

250 1450 356 1482 lesum
379 1451 542 1484 Christum
562 1452 644 1483 facta
659 1459 714 1484 est.
739 1453 771 1484 Si
791 1453 876 1483 enim
892 1460 1058 1493 peccatum
1081 1452 1243 1492 originale,
1258 1453 1311 1483 vel

247 1494 284 1525 in
305 1501 376 1526 actu
399 1495 450 1526 vel
471 1496 505 1526 in
528 1496 711 1527 necessitate
739 1497 874 1527 habendi
897 1497 991 1533 illud,
1020 1497 1092 1537 quis
1115 1507 1182 1526 non
1205 1496 1309 1527 incur-

248 1545 338 1575 reret,
358 1546 425 1570 non
449 1547 552 1580 egeret
574 1540 806 1581 redemptione:
830 1541 919 1581 quod
942 1541 1135 1571 haereticum
1159 1547 1239 1570 esset
1262 1541 1307 1570 di—

249 1591 328 1613 cere.
352 1582 414 1613 Sed
437 1583 463 1614 si
479 1594 591 1615 omnes
615 1585 745 1615 obnoxii
765 1592 839 1616 sunt
861 1592 991 1625 peccato
1016 1584 1171 1624 originali,
1194 1584 1311 1615 sufficit

248 1625 290 1656 ad
310 1626 517 1669 indigentiam
544 1629 787 1669 redemptionis:
811 1638 916 1669 neque
943 1628 1029 1659 enim
1052 1629 1158 1658 solum
1187 1629 1308 1658 redem-

248 1669 358 1710 ptione
381 1677 451 1711 eget
473 1672 636 1703 actualiter
658 1673 810 1713 captivus,
831 1673 886 1703 sed
910 1672 1005 1703 etiam
1029 1672 1187 1703 obnoxius
1211 1672 1308 1712 capti-

248 1713 346 1749 Vm.
369 1715 411 1747 Et
425 1715 502 1747 haec
525 1717 606 1748 bene
628 1717 752 1747 notabis
775 1724 820 1753 tu,
837 1717 1015 1753 Themista,
1039 1726 1079 1747 ne
1103 1716 1203 1746 nimio
1228 1717 1307 1752 zelo,

248 1768 316 1789 non
339 1760 516 1790 secundum
532 1760 704 1797 scientiam,
722 1771 880 1797 accensus,
898 1770 1028 1792 erronea
1049 1760 1133 1791 dicas
1156 1770 1238 1801 quae
1261 1770 1308 1790 er-

1358 375 1453 396 ronea
1476 377 1541 397 non
1565 375 1647 404 sunt,
1664 379 1738 399 cum
1761 369 1799 399 de
1823 368 2019 400 beatissimae
2034 368 2171 409 Virginis
2195 369 2415 410 Conceptione

1359 409 1498 448 disputas
1526 418 1580 441 aut
1602 412 1771 451 praedicas.

1412 453 1449 482 ll.
1465 453 1647 485 Secundum
1663 452 1839 486 notandum
1855 463 1901 487 est
1916 457 2004 497 quod
2018 456 2100 495 licet,
2118 464 2152 488 ut
2168 457 2287 488 dictum
2303 464 2358 494 est,
2375 458 2414 488 ad

1358 494 1453 525 fidem
1478 506 1543 526 non
1566 505 1683 537 spectet
1708 506 1858 539 tanquam
1882 500 2055 531 necessario
2079 501 2283 537 credendum,
2306 508 2414 532 utrum

1360 538 1471 578 aliquis
1495 541 1655 571 actualiter
1677 552 1742 572 non
1765 543 1917 580 habuerit,
1933 554 1969 574 ex
1985 544 2110 584 speciali
2133 544 2239 584 gratia,
2264 545 2414 585 originale

1360 589 1538 620 peccatum;
1558 594 1614 623 per
1636 585 1697 615 hoc
1713 596 1778 616 non
1795 587 1969 618 excluditur
1984 588 2061 628 quin
2077 595 2215 628 spectare
2231 589 2331 629 possit
2346 597 2412 620 tan-

1360 634 1457 664 quam
1481 627 1655 664 probabile,
1681 636 1808 668 propter
1830 631 2028 662 auctoritates
2048 631 2246 663 Sanctorum.
2271 633 2306 662 In
2328 633 2414 673 prin—

1361 667 1444 707 cipio
1474 679 1612 710 namque
1638 671 1760 702 Primae
1787 673 1884 704 Partis
1899 674 1916 693 *
1939 675 2078 705 distinxit
2100 678 2221 706 Auctor
2247 677 2414 717 quomodo

1361 711 1574 750 multipliciter
1601 713 1705 754 aliqua
1728 723 1867 755 spectent
1890 718 1928 747 ad
1952 728 2070 748 sacram
2093 719 2314 760 Theologiam.
2338 721 2414 750 Pro-

1361 760 1429 794 pter
1443 756 1531 795 quod
1547 764 1672 796 oportet
1685 759 1786 788 sobrie
1803 769 1834 789 se
1851 760 1962 791 habere
1977 762 2140 793 hominem
2155 763 2188 793 in
2203 773 2236 793 re
2250 764 2317 800 hac,
2335 764 2415 795 sicut

1362 805 1392 828 et
1412 799 1450 827 de
1474 799 1586 829 actuali
1603 807 1704 831 morte
1721 812 1832 832 eorum
1856 804 1893 833 de
1917 804 2031 844 quibus
2047 806 2187 846 loquitur
2210 808 2385 847 Apostolus
2401 808 2413 838 1

1361 841 1405 871 ad
1437 842 1542 873 ῚῚιεεε.
1568 853 1599 872 1v
1619 841 1652 880 *;
1683 851 1713 874 et
1741 845 1908 876 diabolicas
1936 849 2179 886 aemulationes,
2209 851 2414 881 detractiones

1361 885 1514 925 rixasque,
1531 893 1596 916 tam
1615 888 1672 917 sub
1688 889 1746 918 zeli
1762 899 1859 929 quam
1874 891 1931 920 sub
1951 891 2072 930 pietatis
2089 894 2209 930 umbra,
2227 894 2355 931 evitare;
2380 905 2415 925 ac

1361 928 1491 968 Spiritui
1514 930 1628 960 Sancto
1652 931 1776 962 obicem
1800 942 1864 962 non
1888 944 2014 974 ponere,
2035 935 2235 967 iureiurando
2259 937 2414 968 firmando

1362 971 1422 1002 hoc
1445 973 1495 1002 vel
1517 973 1606 1004 illud.

1417 1016 1468 1047 111.
1487 1017 1522 1046 In
1537 1018 1741 1057 responsione
1758 1020 1797 1049 ad
1813 1021 1988 1051 secundum
2003 1021 2035 1051 in
2052 1023 2163 1053 eodem
2180 1023 2320 1061 articulo,
2338 1025 2414 1055 scito

1361 1060 1450 1099 quod
1466 1067 1631 1100 peccatum
1647 1062 1797 1102 originale
1808 1063 1840 1093 in
1856 1064 2011 1104 baptizato
2025 1065 2137 1096 dicitur
2149 1076 2315 1098 remanere
2329 1074 2414 1106 actu,

1362 1108 1391 1133 et
1414 1105 1555 1135 transire
1577 1111 1668 1136 reatu
1685 1106 1712 1136 *.
1733 1107 1816 1143 Quia
1839 1115 1869 1138 et
1886 1118 1958 1138 vere
1974 1115 2044 1139 actu
2067 1117 2206 1140 remanet
2221 1111 2352 1151 privatio
2369 1113 2415 1142 iu-

1362 1146 1461 1177 stitiae
1485 1148 1660 1188 originalis:
1685 1160 1796 1180 sumus
1813 1151 1898 1181 enim
1917 1152 2019 1183 adhuc
2042 1153 2093 1183 illa
2112 1154 2232 1194 privati.
2255 1155 2416 1192 Quoniam

1362 1191 1505 1231 quamvis
1517 1192 1688 1223 habeamus
1705 1194 1836 1233 gratiam
1851 1203 1975 1235 gratum
1992 1196 2158 1228 facientem
2174 1198 2417 1238 coniungentem

1362 1245 1547 1274 supremum
1570 1237 1708 1267 hominis
1728 1238 1806 1274 Deo,
1827 1249 1892 1269 non
1916 1247 2021 1270 tamen
2042 1241 2194 1271 habemus
2218 1252 2287 1272 eam
2307 1253 2416 1273 secun-

1362 1279 1438 1308 dum
1463 1279 1547 1310 hunc
1562 1280 1706 1311 effectum
1727 1283 1781 1322 qui
1805 1290 1851 1313 est
1873 1283 1989 1314 iustitIa
2006 1285 2175 1325 originalis,
2195 1286 2227 1315 in
2246 1293 2328 1316 statu
2344 1287 2416 1317 isto.

1362 1322 1468 1353 Gratia
1484 1324 1578 1360 enim,
1596 1332 1631 1355 ut
1646 1325 1678 1355 in
1702 1326 1806 1356 Prima
1822 1327 1911 1357 Parte
1926 1327 1943 1346 *
1966 1328 2086 1358 dictum
2109 1328 2177 1365 fuit,
2195 1336 2241 1367 est
2256 1330 2341 1360 radix
2357 1331 2418 1360 ori-

1362 1366 1472 1405 ginalis
1496 1367 1644 1404 iustitiae;
1671 1379 1768 1409 quae,
1794 1370 1872 1400 olim
1895 1381 1969 1401 cum
1992 1382 2051 1402 suo
2075 1372 2178 1403 fructu
2202 1373 2339 1413 perdita,
2365 1384 2420 1414 per

1362 1411 1555 1450 baptismum
1571 1420 1730 1453 reparatur
1749 1415 1925 1444 secundum
1943 1425 1987 1452 se,
2004 1422 2127 1446 tantum
2148 1416 2286 1447 fructum
2302 1417 2419 1448 factura

1362 1454 1496 1484 iustitiae
1511 1456 1669 1495 originalis
1687 1464 1760 1496 post
1774 1458 2044 1489 resurrectionem.
2060 1459 2100 1489 Et
2113 1469 2184 1489 vere
2199 1461 2307 1490 transit
2322 1468 2418 1491 reatu.

1363 1498 1446 1535 Quia
1465 1509 1530 1528 non
1554 1507 1694 1530 remanet
1717 1500 1749 1530 in
1769 1501 1931 1540 baptizatis
1947 1501 2080 1541 privatio
2104 1503 2262 1542 originalis
2285 1504 2420 1534 iustitiae

1363 1543 1420 1572 sub
1445 1542 1564 1573 ratione
1595 1544 1723 1584 culpae:
1749 1553 1814 1574 non
1842 1544 1927 1574 enim
1951 1545 2087 1584 amplius
2111 1546 2154 1575 eis
2184 1546 2359 1586 imputatur
2381 1549 2420 1577 ad

1362 1586 1498 1625 culpam,
1516 1597 1574 1617 nec
1597 1594 1770 1617 reservatur
1792 1588 1961 1627 punienda.
1987 1589 2027 1619 Et
2050 1589 2092 1619 sic
2115 1590 2261 1620 brevibus
2284 1590 2335 1620 hic
2358 1591 2420 1621 col-

1361 1629 1454 1669 ligere
1485 1631 1602 1669 poteris
1632 1632 1799 1672 quomodo
1828 1632 1978 1671 originale
2009 1640 2173 1672 peccatum
2201 1634 2233 1663 in
2263 1634 2420 1674 baptizato

1363 1681 1433 1704 actu
1456 1682 1626 1711 remaneat,
1649 1681 1736 1705 reatu
1756 1685 1830 1705 vero
1853 1682 2003 1712 transeat;
2028 1683 2057 1706 et
2081 1677 2140 1706 alia
2164 1677 2264 1708 multa
2282 1687 2422 1708 necessa-

1363 1717 1406 1747 ria
1430 1728 1488 1757 pro
1516 1719 1724 1749 declaratione
1753 1729 1864 1749 eorum
1893 1730 1974 1759 quae
2002 1727 2126 1751 sanctus
2150 1722 2271 1752 Doctor
2293 1722 2367 1753 dicit
2389 1722 2422 1752 in

1362 1761 1471 1792 littera.

1025 1913 1342 1955 ARTICULUS
1373 1914 1644 1966 QUARTUS

573 2005 743 2042 UTRUM,
768 2005 803 2036 SI
827 2005 999 2043 ALIQUIS
1022 2005 1079 2037 EX
1103 2005 1291 2038 HUMANA
1315 2006 1459 2037 CARNE
1483 2007 1784 2038 FORMARETUR
1808 2006 2100 2043 MIRACULOSE‚

899 2049 1230 2081 CONTRAHERET
1253 2050 1488 2081 ORIGINALE
1512 2048 1752 2082 PECCATUM

466 2127 589 2157 liseur..
610 2128 667 2152 dist.
686 2135 757 2159 xxxl,
777 2135 822 2160 qu.
840 2135 862 2157 ι,
881 2133 930 2153 art.
949 2135 979 2158 2,
998 2128 1031 2153 ad
1050 2127 1080 2158 33
1099 2128 1160 2154 dist.
1177 2135 1270 2159 xxxm,
1289 2136 1334 2161 qu.
1352 2136 1376 2158 ι,
1396 2134 1442 2153 art.
1461 2137 1482 2158 1,
1502 2129 1533 2153 ad
1554 2128 1583 2160 55
1603 2129 1647 2160 111,
1667 2129 1726 2154 dist.
1744 2136 1778 2160 11,
1798 2137 1841 2161 qu.
1861 2137 1882 2160 1,
1902 2134 1949 2154 art.
1971 2137 1999 2160 2,
2019 2131 2066 2162 qu'
2083 2137 2110 2160 2,
2130 2131 2161 2154 ad
2182 2137 2210 2160 23

561 2170 563 2175 ¹
1151 2163 1194 2189 De
1211 2163 1294 2193 Malo,
1315 2172 1360 2196 qu.
1379 2171 1412 2195 iv,
1433 2169 1479 2188 art.
1493 2172 1517 2196 7.

267 2261 342 2297 ,μή
369 2269 433 2303 fe«
459 2254 483 2278 n
499 2253 671 2284 QUARTuM
686 2253 740 2278 su:
754 2253 993 2280 PROCEDITUR.
1010 2242 1170 2280 Videtur
1188 2244 1305 2291 quod,

284 2293 328 2322 ἰ·
382 2294 430 2354 ᾗ..
460 2294 492 2331 si
518 2294 653 2343 aliquis
679 2295 905 2332 formaretur
925 2307 973 2332 ex
999 2307 1111 2332 came
1138 2296 1308 2333 humana

265 2380 400 2434 'lq-'⁴³2
417 2393 448 2435 *s
459 2408 554 2437 tum.
573 2400 675 2437 Dicit
703 2400 804 2437 enim
834 2401 1023 2449 quaedam
1045 2402 1182 2439 Glossa
1214 2403 1311 2441 Gen..

248 2463 285 2490 w
303 2452 335 2499 ²⁸,
356 2454 463 2501 quod
482 2454 518 2490 in
549 2453 683 2489 lumbis
700 2453 809 2490 Adae
815 2454 900 2501 fuit
915 2459 991 2491 tota
1008 2454 1209 2502 posteritas
1227 2467 1310 2492 cor-

248 2510 372 2554 rupta,
391 2506 480 2554 quia
507 2518 582 2543 non
611 2511 666 2543 est
690 2512 865 2554 separata
887 2507 997 2554 prius
1025 2508 1062 2543 in
1091 2507 1172 2544 loco
1198 2508 1308 2554 vitae,

247 2558 313 2595 sed
334 2564 464 2607 postea
485 2559 522 2595 in
550 2559 632 2595 loco
661 2559 776 2596 exilii.
799 2560 875 2596 Sed
895 2559 925 2596 si
953 2559 1088 2608 aliquis
1113 2561 1234 2597 homo
1256 2561 1310 2598 sic

248 2611 476 2649 formaretur
492 2612 591 2648 'sicut
610 2611 750 2648 dictum
771 2620 836 2658 est,
859 2625 946 2649 caro
974 2613 1054 2649 eius
1075 2621 1311 2662 separaretur

248 2663 391 2702 inineo
408 2664 516 2701 exilii.
534 2665 635 2712 Ergo
653 2665 890 2702 contraheret
905 2665 1084 2713 originale
1098 2674 1309 2714 peccatum.

305 2728 340 2754 2.
354 2718 602 2763 <Pam-raam,
632 2726 832 2765 peccatum
862 2718 1041 2766 originale
1071 2727 1245 2757 causatur
1271 2720 1310 2756 in

249 2768 361 2805 nobis
389 2769 614 2817 inquantum
650 2770 778 2807 anima
812 2771 976 2807 inficitur
1005 2783 1049 2808 ex
1078 2784 1201 2809 carne.
1233 2773 1310 2810 Sed

251 2832 340 2858 caro
369 2828 455 2858 tota»
474 2821 640 2858 hominis
669 2830 726 2858 est
752 2822 900 2871 infecta.
922 2825 1024 2871 Ergo
1054 2836 1099 2861 ex
1127 2837 1311 2873 quacum-

251 2885 326 2922 que
354 2881 460 2921 parte
489 2874 610 2911 carnis
646 2875 766 2912 homo
795 2876 1041 2923 formaretur,
1072 2877 1198 2915 anima
1231 2879 1311 2915 eius

251 2925 467 2964 inficeretur
493 2926 693 2964 infectione
721 2928 911 2976 originalis
940 2930 1096 2978 peccati.
1304 2958 1306 2960 -

279 3001 292 3004 -
307 2980 342 3016 3.
364 2980 596 3025 Pais-mm,
615 2988 814 3028 peccatum
843 2981 1022 3030 originale
1042 2995 1065 3019 a
1091 2983 1216 3031 primo
1245 2995 1311 3031 pa-

252 3039 357 3069 rente
385 3031 558 3080 pervenit
575 3031 614 3068 in
633 3044 783 3080 omnes,
804 3034 1030 3083 inquantum
1051 3047 1187 3071 omnes
1205 3035 1243 3071 in
1263 3037 1310 3071 eo

251 3092 431 3133 peccante
460 3084 622 3121 fuerunt.
653 3085 731 3121 Sed
758 3085 808 3122 illi
835 3087 901 3133 qui
929 3099 974 3123 ex
1003 3099 1114 3123 carne
1143 3088 1312 3124 humana

252 3137 525 3183 formarentur,
555 3136 594 3173 in
621 3138 747 3174 Adam
781 3137 948 3175 fuissent.
976 3139 1077 3186 Ergo
1112 3147 1312 3187 peccatum

253 3189 433 3238 originale
461 3190 735 3226 contraherent.

307 3243 382 3280 SED
411 3254 556 3279 CONTRA
584 3254 649 3279 Es‘r
685 3242 775 3291 quia
802 3254 880 3278 non
917 3241 1074 3278 fuissent
1109 3242 1148 3278 in
1184 3243 1310 3280 Adam

252 3296 455 3333 secundum
484 3296 700 3332 seminalem
721 3295 924 3338 rationem‚·
952 3295 1056 3341 quod
1076 3295 1200 3331 solum
1226 3307 1312 3331 cau-

254 3356 310 3386 sat
329 3348 607 3386 traductionem
636 3347 779 3396 peccati
800 3346 1000 3394 originalis,
1021 3354 1062 3382 ut
1081 3347 1312 3394 Augustinus

8 3412 226 3442 ’Cap-xvmffx.
255 3401 353 3448 dicit,
382 3402 418 3438 X
445 3413 558 3450 super
581 3401 671 3437 Gen.
693 3401 744 3437 ad
770 3400 833 3437 litt.
854 3400 874 3421 '³‘

308 3516 335 3548 α)
355 3523 406 3540 eos.
423 3526 446 3548 -Γ
461 3522 550 3540 omnes
569 3515 615 3539 Pa.

409 2345 698 2394 miraculose,
720 2348 959 2385 contraheret
976 2348 1155 2396 originale
1174 2361 1318 2397 pecca--

1418 2244 1642 2280 Responmzo
1671 2255 1856 2280 niel-:unum
1884 2244 2001 2291 quod,
2028 2243 2123 2280 sicut
2141 2244 2219 2281 iarn
2239 2245 2259 2267 '³‘
2284 2245 2427 2282 dictum

1366 2304 1432 2343 est,
1454 2304 1658 2344 peccatum·
1684 2296 1861 2344 originale
1882 2309 1904 2333 a
1932 2297 2058 2345 primo
2082 2305 2239 2345 parente
2267 2299 2430 2335 traduci-

1348 2357 1424 2395 stur
1442 2349 1479 2385 in
1500 2357 1687 2398 posteros,
1707 2349 1933 2397 inquantum
1955 2357 2162 2400 moventur
2189 2351 2236 2387 ab
2256 2351 2340 2399 ipso
2359 2364 2428 2400 per

1366 2402 1664 2449 generationem,
1685 2401 1781 2439 sicut
1799 2403 1975 2439 membra
1995 2410 2201 2440 moventur
2228 2404 2276 2440 ab
2301 2404 2428 2441 anima

1366 2455 1415 2491 ad
1443 2463 1643 2503 peccatum
1681 2456 1838 2492 actuale.
1870 2452 1962 2492 Non
1990 2463 2119 2493 autem
2149 2464 2204 2492 est
2232 2458 2351 2494 motio
2380 2458 2429 2494 ad

1365 2509 1650 2555 generationem
1677 2508 1748 2545 nisi
1772 2519 1841 2556 per
1868 2508 2047 2546 virtutem
2071 2509 2234 2546 activam
2259 2510 2296 2546 in
2316 2522 2427 2557 gene-

1366 2561 1522 2598 ratione.
1553 2562 1667 2599 Unde
1685 2561 1734 2597 illi
1761 2561 1831 2598 soli
1850 2569 2051 2610 peccatum
2077 2562 2255 2609 originale
2281 2570 2428 2599 contra-

1365 2614 1471 2661 hunt,
1492 2614 1557 2663 qui
1577 2615 1625 2651 ab
1653 2614 1779 2651 Adam
1801 2614 2037 2651 descendunt
2054 2627 2124 2662 per
2141 2615 2319 2651 virtutem
2339 2615 2426 2651 aeti-

1364 2679 1455 2703 vam
1476 2667 1514 2703 in
1542 2667 1786 2714 generatione
1808 2667 2034 2714 originaliter
2062 2668 2109 2704 ab
2129 2667 2255 2703 Adam
2280 2667 2424 2703 deriva-

1364 2727 1442 2756 tam
1461 2719 1492 2766 *,
1523 2722 1627 2768 quod
1657 2727 1712 2756 est
1739 2720 1949 2756 secundum
1984 2720 2206 2756 seminalem
2240 2719 2424 2755 rationem

1365 2773 1412 2808 ab
1434 2785 1479 2808 eo
1501 2772 1751 2809 descendere:
1782 2784 1871 2808 nam
1893 2772 1985 2808 ratio
2006 2771 2196 2807 seminalis
2215 2771 2304 2806 nihil
2324 2770 2424 2806 aliud

1366 2833 1421 2861 est
1444 2837 1559 2873 quam
1580 2825 1637 2861 vis
1666 2825 1790 2861 activa
1814 2825 1851 2860 in
1871 2823 2124 2871 generatione.
2150 2823 2189 2858 Si
2213 2830 2339 2858 autem
2359 2822 2423 2857 ali-

1365 2878 1449 2925 quis
1476 2878 1703 2922 formaretur
1729 2876 1867 2913 virtute
1884 2876 2023 2921 ‚divina
2043 2887 2087 2910 ex
2109 2886 2218 2910 carne
2242 2874 2419 2919 humana,

1365 2929 1608 2966 manifestum
1638 2936 1694 2965 est
1721 2929 1825 2977 quod
1852 2927 1910 2964 vis
1936 2927 2057 2964 activa
2085 2938 2162 2962 non
2192 2926 2423 2982 derivaretur

1365 2983 1414 3018 ab
1443 2982 1581 3018 Adam.
1611 2982 1722 3018 Unde
1751 2993 1829 3016 non
1860 2980 2096 3015 contraheret
2122 2984 2319 3025 peccatum
2349 2988 2421 3012 or1-

1365 3035 1507 3082 ginale:
1537 3034 1633 3070 sieut
1651 3045 1722 3069 nec
1745 3040 1850 3068 actus
1877 3043 2012 3067 manus
2039 3029 2239 3077 pertineret
2258 3029 2305 3064 ad
2332 3039 2421 3075 pec—

1367 3094 1492 3123 catum
1513 3087 1737 3130 humanum,
1759 3084 1789 3119 si
1809 3095 1944 3119 manus
1974 3094 2050 3117 non
2075 3087 2293 3116 moveretur
2311 3091 2333 3115 a
2352 3091 2421 3115 vo-

1366 3139 1505 3175 luntate
1520 3136 1696 3180 hominis,
1718 3136 1784 3171 sed
1800 3135 1847 3170 ab
1863 3134 1989 3181 aliquo
2007 3132 2212 3168 extrinseco
2227 3139 2418 3167 movente.

1417 3192 1478 3226 AD
1498 3200 1634 3226 pthJM
1652 3198 1749 3223 ERGO
1774 3197 1956 3222 DicENDUM
1985 3185 2087 3232 quod
2111 3184 2235 3220 Adam
2255 3195 2333 3220 non
2353 3183 2421 3219 fuit

1365 3243 1404 3278 in
1432 3243 1517 3278 loco
1547 3239 1640 3276 exilii
1660 3238 1729 3274 nisi
1757 3245 1844 3286 post
1862 3244 2072 3285 peccatum.
2102 3236 2213 3273 Unde
2236 3248 2315 3272 non
2333 3248 2421 3284 pro-

1365 3301 1448 3341 pter
1462 3294 1589 3329 locum
1607 3290 1713 3337 exilii,
1729 3290 1796 3326 sed
1812 3297 1965 3337 propter
1983 3296 2196 3337 peccatum,
2218 3289 2421 3326 traducitur

1366 3344 1555 3392 originalis
1585 3343 1694 3390 culpa
1714 3342 1763 3379 ad
1783 3354 1848 3378 eos
1869 3347 1885 3362 ‘²
1906 3341 1955 3378 ad
1984 3353 2080 3390 quos
2109 3341 2231 3378 activa
2261 3341 2338 3378 eius
2358 3353 2420 3388 ge-

1338 3405 1340 3445 Ι
1367 3397 1509 3433 neratio
1538 3395 1721 3443 pervenit.

2441 682 2513 730 iszu'
2529 689 2549 709 ι,
2566 686 2607 704 art.
2623 682 2651 710 8,

2441 862 2452 873 ¹*
2467 861 2501 884 Cf.
2516 867 2577 890 resp.
2591 861 2619 883 ad
2634 868 2650 883 ι.

2442 1119 2451 1127 ·
2464 1118 2500 1140 Cf.
2509 1118 2620 1146 Magistr..
2631 1119 2652 1140 11

2442 1145 2514 1171 Seni„
2521 1145 2574 1166 dist.
2580 1151 2652 1166 xxxii.

2443 1337 2455 1348 ⁴
2464 1336 2512 1364 Qu.
2522 1342 2573 1363 xcv,
2585 1340 2625 1358 art.
2637 1343 2652 1358 ι.

2457 2259 2466 2267 ·
2479 2259 2531 2280 Art.
2546 2264 2561 2284 1,
2576 2264 2596 2287 3.

2452 2733 2463 2743 *
2478 2733 2505 2754 D.
2519 2739 2569 2760 370.
