2840 4010
0 3164 9 3228 -πτ
0 3071 16 3156 -ἡ-τ-
0 2841 14 3064 <ww-‚-

0 578 12 964 21-w——ffvq-1-xz-w--z-aeww<
0 528 7 566 q-
0 512 1 517 Α
0 478 5 495 -η
0 451 2 455 <
0 426 2 435 ⁴<
0 407 1 411 „

97 442 107 451 ·
123 440 190 462 Ver».
205 445 235 468 ¹3.

99 643 111 654 ⁸
124 643 175 665 Art.
189 648 210 664 2.

1045 133 1309 184 QUA‘ESTIO
1339 137 1387 183 e,
1416 135 1709 173 ARTICULUS
1737 135 1772 172 v

334 225 442 267 cepta
468 218 507 254 in
535 217 717 265 decalogo
743 217 955 254 debuerunt
975 216 1066 265 poni
1089 228 1157 264 per
1181 227 1279 264 quae
1302 226 1389 263 pro—

333 271 525 308 hiberetur
543 269 768 307 inordinatio
788 269 992 306 irascibilis.
1021 270 1113 305 Non
1133 279 1222 315 ergo
1241 266 1391 303 videtur

335 323 440 371 quod
460 323 730 359 convenienter
750 323 882 359 decern
897 328 1099 371 praecepta
1113 319 1283 366 decalogi
1302 330 1392 355 enu-

335 383 540 413 merentur.
1062 416 1067 419 .

390 429 464 465 SED
484 439 629 465 CONTRA
647 439 713 464 EST
731 427 836 476 quod
865 426 998 463 dicitur
1015 425 1124 460 Dent.
1146 434 1181 459 ιν
1197 423 1232 458 *z
1266 422 1390 459 Osten-

336 481 390 518 dit
413 481 518 518 vobis
539 485 694 529 pactum
725 491 855 524 suum,
884 477 984 525 quod
1003 475 1197 524 praecepit
1223 480 1263 510 ut
1282 475 1393 522 face-

337 534 446 578 retis‚·
473 539 509 570 et
529 534 655 570 decem
683 533 812 577 verba,
830 541 927 578 quae
949 527 1094 575 scripsit
1121 527 1158 563 in
1177 527 1322 563 duabus
1340 531 1394 562 ta-

338 586 432 623 bulis
458 585 623 633 lapideis.

392 640 616 676 Responnsso
634 645 817 674 111611ΝοοΜ
836 633 952 682 quod,
967 632 1062 668 sicut
1080 644 1193 680 supra
1211 631 1231 653 ’¹‘
1250 631 1393 668 dictum

340 699 406 737 est,
427 691 522 728 sicut
539 695 741 738 praecepta
759 685 850 733 legis
869 686 1060 722 humanae
1079 684 1255 721 ordinant
1272 683 1395 720 homi-

338 756 430 780 nem
450 743 499 780 ad
518 740 830 779 communitatem
847 737 861 768 β
884 738 1105 784 humanam,
1125 737 1175 774 ita
1193 744 1394 785 praecepta

339 796 428 844 legis
443 794 594 833 divinae
612 792 787 830 ordinant
803 791 1003 828 hominem
1018 790 1067 827 ad
1081 790 1275 838 quandam
1291 801 1394 825 com-

341 848 564 886 munitatem
592 857 660 882 seu
679 844 953 892 rempublicam
979 843 1179 880 hominum
1207 842 1276 878 sub
1295 843 1393 878 Deo.

340 901 402 938 Ad
427 901 504 936 hoc
530 905 658 935 autem
687 896 791 945 quod
811 897 943 945 aliquis
972 896 1010 932 in
1038 896 1164 944 aliqua
1182 894 1395 931 communi—

341 959 415 990 tate
443 952 541 988 bene
561 957 832 995 commoretur,
853 951 930 986 duo
955 948 1208 998 requiruntur:
1229 959 1393 995 quorum

340 1005 507 1053 primum
529 1010 584 1039 est
604 1010 645 1039 ut
664 1003 762 1038 bene
784 1014 823 1038 se
839 1002 976 1038 habeat
995 1001 1044 1038 ad
1060 1012 1147 1037 eum
1169 999 1233 1048 qui
1247 1007 1397 1047 praeest

342 1055 621 1105 communitam
650 1055 751 1092 aliud
779 1062 907 1092 autem
935 1062 991 1091 est
1023 1061 1065 1091 ut
1089 1054 1208 1090 homo
1229 1052 1327 1089 bene
1356 1064 1395 1088 se

340 1110 480 1147 habeat
508 1108 557 1145 ad
585 1108 679 1144 alios
708 1107 989 1144 communitatis
1018 1105 1218 1143 consocios
1237 1112 1274 1142 et
1293 1117 1396 1141 corn-

339 1161 552 1211 participeS.
591 1161 753 1209 Oportet
788 1160 898 1208 igitur
938 1159 1042 1208 quod
1078 1158 1117 1195 in
1151 1158 1233 1205 lege
1271 1157 1396 1194 divina

341 1214 466 1264 primo
486 1214 652 1251 ferantur
671 1213 861 1260 quaedam
881 1218 1084 1261 praecepta
1102 1209 1310 1247 ordinantia
1329 1210 1397 1246 ho-

342 1264 488 1304 minem
508 1266 557 1303 ad
584 1267 733 1311 Deum;
762 1263 799 1302 et
827 1265 964 1302 deinde
983 1264 1055 1301 alia
1072 1269 1088 1292 Υ
1115 1269 1318 1312 praecepta
1337 1274 1397 1299 or-

343 1319 509 1357 dinantia
536 1318 734 1355 hominem
763 1319 812 1355 ad
839 1317 932 1354 alios
960 1316 1155 1366 proximos
1178 1315 1289 1352 simul
1309 1327 1397 1352 con-

342 1372 515 1410 viventes
542 1371 613 1408 sub
642 1372 739 1407 Deo.

396 1423 561 1472 Principi
588 1430 716 1460 autem
737 1422 1017 1459 communitatis
1035 1421 1105 1459 tria
1124 1420 1237 1458 debet
1255 1421 1396 1457 homo:

342 1473 468 1526 primo
489 1476 658 1525 quidem,
673 1474 912 1520 fidelitatem;
933 1474 1114 1522 secundo,
1129 1474 1397 1519 reverentiam,

342 1529 463 1576 tertio,
483 1529 720 1565 famulatum.
747 1527 923 1564 Fidelitas
946 1527 1102 1576 quidem
1130 1526 1180 1563 ad
1198 1526 1398 1564 dominum

343 1581 383 1619 in
402 1582 477 1619 hoc
495 1580 674 1627 consistit,
694 1588 735 1617 ut
754 1581 942 1616 honorem
967 1580 1195 1628 principatus
1213 1579 1264 1616 ad
1282 1579 1398 1616 aliurn

343 1646 423 1673 non
439 1634 591 1671 deferat.
612 1634 661 1670 Et
679 1640 864 1681 quantum
884 1633 933 1669 ad
950 1633 1026 1669 hoc
1040 1631 1218 1681 accipitur
1231 1631 1398 1680 primum

344 1694 603 1735 praeceptum,
624 1698 712 1722 cum
737 1685 881 1732 dicitur,
901 1685 992 1722 Non
1014 1685 1164 1722 habebis
1185 1686 1287 1722 Deos
1313 1685 1400 1721 alie—

346 1751 424 1777 nos.
444 1760 468 1767 -
488 1738 718 1776 Reverentia
746 1745 872 1775 autem
900 1738 949 1775 ad
978 1738 1178 1775 dominum
1202 1737 1401 1786 requiritur

345 1852 428 1882 tum
447 1844 496 1882 ad
510 1845 584 1881 hoc
599 1843 779 1892 accipitur
798 1843 1010 1880 secundum
1027 1850 1282 1892 praeceptum,
1298 1843 1402 1890 quod

348 1905 413 1944 est,
433 1898 524 1934 Non
552 1908 718 1933 assumes
745 1908 879 1933 nomen
908 1896 1066 1933 Domini
1094 1896 1168 1933 Dei
1193 1896 1247 1933 tui
1272 1896 1309 1932 in
1336 1908 1402 1933 va-

348 1962 451 1987 num.
473 1970 497 1977 -
514 1950 543 1986 F
546 1950 734 1986 amulatus
761 1956 890 1985 autem
920 1948 1078 1985 debetur
1101 1948 1256 1986 domino
1284 1948 1323 1985 in
1347 1961 1403 1985 re-

349 2002 699 2051 compensationem
723 2001 999 2038 beneficiorum
1025 2006 1122 2050 quae
1146 2002 1194 2038 ab
1218 2002 1300 2050 ipso
1320 2014 1404 2050 per-

350 2055 492 2104 cipiunt
520 2054 669 2091 subditi.
699 2055 748 2090 Et
775 2053 824 2090 ad
851 2054 926 2090 hoc
952 2054 1113 2102 pertinet
1132 2053 1279 2091 tertium
1298 2066 1406 2102 prae-

350 2120 393 2144 ce
422 2115 515 2154 tum,
541 2107 588 2144 de
617 2106 911 2143 sanctificatione
940 2106 1086 2143 sabbati
1113 2107 1151 2143 in
1179 2107 1405 2144 memoriam

351 2172 389 2197 cr
416 2159 551 2197 ationis
577 2171 718 2196 rerum.

403 2213 464 2250 Ad
490 2211 686 2261 proximos
714 2219 841 2248 autem
875 2211 1006 2259 aliquis
1034 2212 1132 2251 bene
1160 2224 1200 2249 se
1228 2212 1343 2249 habet
1371 2219 1407 2248 et

351 2265 572 2314 specialiter,
584 2271 621 2308 et
634 2264 865 2312 generaliter.
879 2264 1096 2313 Specialiter
1109 2265 1276 2313 quidem,
1288 2277 1406 2312 quan-

351 2325 432 2355 tum
460 2318 509 2355 ad
536 2317 619 2354 illos
647 2329 813 2364 quorum
838 2323 893 2353 est
917 2316 1075 2364 debitor,
1094 2324 1136 2354 ut
1159 2317 1212 2354 eis
1236 2317 1406 2354 debitum

351 2370 496 2408 reddat.
508 2371 557 2407 Et
571 2377 755 2419 quantum
770 2370 818 2406 ad
832 2370 907 2406 hoc
917 2369 1095 2417 accipitur
1104 2378 1348 2419 praeceptum
1360 2371 1406 2408 de

351 2422 602 2460 honoratione
614 2429 827 2471 parentum.
843 2443 867 2449 -
884 2422 1114 2459 Generaliter
1135 2430 1274 2470 autem,
1290 2435 1408 2471 quan-

352 2483 434 2513 tum
462 2476 512 2513 ad
540 2487 687 2522 omnes,
708 2483 749 2512 ut
776 2474 866 2511 nulli
885 2482 1160 2512 nocumentum
1182 2475 1362 2513 inferatur
1379 2475 1404 2524 ⁶,

353 2540 478 2576 neque
506 2540 622 2576 opere
642 2540 767 2576 neque
795 2539 861 2564 ore
884 2539 1008 2576 neque
1033 2528 1158 2565 corde.
1180 2528 1307 2577 Opere
1326 2529 1407 2576 qui-

354 2581 442 2618 dem
469 2581 626 2617 infertur
652 2587 927 2617 nocumentum
954 2580 1148 2629 proximo,
1177 2582 1408 2630 quandoque

354 2633 510 2681 quidem
529 2633 567 2670 in
586 2645 789 2681 personam
818 2633 1023 2682 propriam,
1049 2641 1231 2681 quantum
1251 2634 1299 2671 ad
1319 2646 1408 2671 con-

355 2685 560 2722 sistentiam
589 2685 727 2722 scilicet
747 2691 759 2706 ⁵
787 2698 984 2734 personae.
1015 2686 1064 2722 Et
1090 2686 1164 2723 hoc
1188 2686 1409 2735 prohibetur

354 2750 424 2786 per
449 2739 525 2774 1106
551 2738 658 2785 quod
686 2737 837 2785 dicitur,
865 2738 956 2775 Non
989 2739 1142 2775 occides.
1171 2759 1195 2766 -
1224 2739 1407 2786 Quando-

355 2802 429 2838 que
450 2797 577 2827 autem
601 2790 638 2826 in
659 2802 864 2838 personam
888 2790 1128 2828 coniunctam
1157 2799 1339 2840 quantum
1358 2792 1408 2830 ad

353 2842 668 2891 propagationem
692 2843 818 2891 prolis.
848 2844 898 2880 Et
915 2843 990 2880 hoc
1007 2844 1228 2892 prohibetur
1247 2857 1335 2882 611111
1355 2845 1408 2882 di-

356 2895 468 2943 citur,
495 2896 587 2933 Non
616 2896 879 2933 moechaberis.
899 2916 923 2923 —
944 2896 1187 2946 Quandoque
1214 2904 1342 2934 autem
1369 2898 1408 2934 in

354 2960 436 2985 rem
464 2960 694 2996 possessam,
713 2960 812 2998 quae
835 2948 1030 2986 ordinatur
1057 2949 1106 2986 ad
1124 2947 1339 2999 utrumque.
1359 2951 1409 2987 Et

354 3008 539 3050 quantum
557 3000 605 3037 ad
622 3001 698 3037 hoc
713 3000 856 3048 dicitur,
875 3001 966 3039 Non
972 3003 1128 3050 furtum
1134 3003 1274 3050 facies.
1291 3023 1315 3029 -
1327 3003 1408 3039 No—

355 3060 575 3091 cumentum
609 3061 735 3090 autem
766 3054 842 3090 oris
874 3053 1095 3102 prohibetur
1132 3066 1219 3091 cum
1253 3054 1406 3103 dicitur,

301 3155 306 3160 .
353 3106 444 3143 Non
465 3106 626 3155 loqueris
644 3111 774 3143 contra
790 3106 1011 3155 proximum
1030 3112 1134 3143 tuum
1146 3107 1294 3155 falsum
1314 3108 1408 3144 testi-

353 3171 534 3196 monium.
551 3179 573 3187 -
591 3159 878 3196 Nocumentum
898 3165 1024 3196 autem
1043 3159 1166 3196 cordis
1184 3159 1406 3208 prohibetur

355 3223 444 3249 cum
473 3211 626 3258 dicitur,
654 3211 746 3249 Non
774 3212 1020 3260 concupisces.

407 3350 432 3384 β)
451 3351 674 3377 communitatem.
692 3365 711 3370 -
729 3351 863 3384 quandam
881 3351 1096 3376 communitatem
1114 3351 1161 3376 Pa.

405 3388 432 3420 γ)
452 3387 548 3412 ἀείηάε
566 3387 630 3412 alia.
641 3401 660 3407 -
672 3387 733 3412 inde
751 3387 806 3412 alia
819 3387 949 3420 quaedam
970 3387 1016 3412 Pa.
1027 3400 1046 3406 -
1059 3387 1125 3412 alios
1144 3394 1196 3411 om.
1209 3386 1267 3417 EF;
1287 3394 1334 3420 pro
1347 3394 1408 3412 con-

355 3421 477 3452 viventes,
495 3422 676 3447 convenientes
696 3422 724 3446 P.

406 3455 432 3490 ὃ)
451 3458 592 3491 inseratur.
609 3471 628 3476 -
646 3457 746 3490 inferat
763 3457 814 3482 EF.

2422 148 2493 173 211

1496 216 1546 251 Et
1573 214 1784 251 secundum
1811 215 1910 251 113116
1938 214 2052 251 6113111
2076 213 2326 251 differentiam
2346 222 2501 263 possent

1446 267 1620 315 distingui
1633 267 1702 303 tria
1717 266 1729 292 ζ
1743 275 1945 316 praecepta
1959 267 2171 305 ordinantia
2185 267 2222 303 in
2238 268 2377 304 Deum.
2395 268 2500 313 Quo-

1445 331 1529 355 rum
1558 320 1723 367 primum
1751 319 1911 368 pertinet
1938 321 1986 357 ad
2010 332 2124 369 opus:
2153 321 2256 356 unde
2275 319 2326 356 ibi
2356 319 2499 365 dicitur,

1445 372 1535 407 Non
1552 373 1678 419 facies
1700 373 1876 420 sculptile.
1898 373 2118 410 Secundum
2147 373 2196 409 ad
2225 385 2288 409 os:
2318 373 2419 409 unde
2448 372 2501 409 di-

1447 423 1558 468 citur,
1587 425 1678 460 Non
1713 437 1878 461 assumes
1911 437 2046 462 nomen
2079 426 2153 462 Dei
2187 425 2242 461 tui
2275 426 2312 462 in
2346 436 2499 462 vanum.

1447 476 1619 512 Tertium
1648 477 1807 523 pertinet
1840 477 1888 514 ad
1917 490 1996 514 cor:
2026 478 2114 526 quia
2141 478 2179 514 in
2207 477 2500 514 sanctificatione

1447 528 1605 573 sabbati,
1623 529 1833 566 secundum
1862 531 1967 578 quod
1996 538 2051 567 est
2075 531 2220 567 morale
2242 538 2500 579 praeceptum,

1448 580 1674 627 praecipitur
1697 581 1804 628 quies
1824 583 1946 619 cordis
1968 583 2005 619 in
2027 584 2153 619 Deum
2172 583 2204 620 *.
2226 604 2250 610 -
2265 584 2346 630 Vel,
2369 595 2500 620 secun-

1449 631 1541 668 dum
1566 634 1818 679 Augustinum
1833 634 1869 680 ⁸,
1894 647 1961 683 per
1986 636 2150 683 primum
2176 643 2421 684 praeceptum
2446 648 2502 672 re-

1447 696 1626 720 veremur
1641 686 1823 722 unitatem
1840 687 1951 734 primi
1971 688 2161 736 principii3
2186 700 2253 737 per
2276 689 2500 736 secundum,

1448 737 1645 773 veritatem
1673 738 1859 783 divinam;
1890 751 1957 787 per
1983 741 2148 786 tertium,
2175 741 2254 777 eius
2277 741 2501 788 bonitatem,

1450 802 1524 837 qua
1543 789 1833 837 sanctificamur,
1864 798 1899 827 et
1927 792 1964 828 in
1993 805 2068 840 qua
2097 792 2324 840 quiescimus
2353 794 2446 830 sicut
2464 794 2503 830 in

1449 843 1537 879 fine.

1502 897 1560 931 AD
1590 907 1725 931 ptumum
1751 907 1848 932 ERGO
1869 901 1886 922 η
1914 903 2039 944 potest
2058 898 2277 945 responderi
2297 898 2502 946 dupliciter.

1449 947 1578 983 Primo
1604 947 1771 995 quidem,
1797 948 1886 995 quia
1914 957 2115 997 praecepta
2143 951 2310 997 decalogi
2339 952 2505 988 referun-

1450 1007 1510 1036 tur
1528 1000 1576 1036 ad
1595 1009 1796 1048 praecepta
1825 1001 2044 1038 dilectionis.
2075 1002 2161 1038 Fuit
2179 1010 2306 1038 autem
2337 1003 2506 1040 dandum

1449 1060 1695 1101 praeceptum
1723 1053 1869 1089 homini
1890 1054 1936 1090 de
1957 1054 2155 1091 dilectione
2175 1055 2247 1091 Dei
2268 1062 2304 1092 et
2321 1056 2504 1103 proximi,

1451 1105 1540 1152 quia
1577 1113 1762 1154 quantum
1799 1106 1848 1142 ad
1885 1107 1959 1143 hoc
1995 1108 2054 1143 lex
2092 1107 2269 1144 naturalis
2307 1108 2508 1145 obscurata

1451 1166 1530 1194 erat
1557 1165 1711 1206 propter
1737 1166 1956 1206 peccatum:
1985 1172 2063 1196 non
2091 1167 2218 1196 autem
2247 1168 2430 1209 quantum
2460 1161 2509 1198 ad

1451 1210 1689 1247 dilectionem
1705 1211 1762 1247 sui
1776 1211 1904 1259 ipsius,
1920 1212 2008 1260 quia
2022 1220 2206 1261 quantum
2221 1213 2269 1250 ad
2282 1214 2356 1250 hoc
2370 1214 2428 1250 lex
2443 1226 2509 1250 na-

1450 1263 1578 1300 turalis
1592 1263 1755 1311 vigebat.
1772 1285 1794 1291 -
1810 1265 1879 1300 Vel
1899 1264 1987 1312 quia
2007 1265 2119 1302 etiam
2141 1265 2288 1302 dilectio
2313 1266 2370 1302 sui
2394 1266 2508 1314 ipsius

1451 1316 1651 1353 includitur
1687 1316 1726 1353 in
1760 1316 1959 1354 dilectione
1991 1317 2062 1354 Dei
2095 1325 2132 1354 et
2158 1318 2339 1366 proximi:
2369 1319 2407 1355 in
2434 1319 2509 1355 hoc

1453 1369 1554 1405 enim
1586 1369 1706 1405 homo
1733 1381 1825 1406 vere
1860 1382 1900 1405 se
1934 1369 2062 1417 diligit,
2093 1370 2195 1418 quod
2228 1383 2267 1407 se
2297 1371 2444 1408 ordinat
2470 1372 2509 1408 in

1452 1422 1590 1458 Deum.
1613 1422 1662 1458 Et
1689 1421 1775 1458 ideo
1806 1421 1918 1458 etiam
1946 1422 1985 1459 in
2011 1422 2222 1470 praeceptis
2250 1424 2418 1471 decalogi
2442 1436 2510 1472 po-

1452 1481 1592 1510 nuntur
1610 1475 1735 1511 solum
1755 1482 1958 1523 praecepta
1981 1475 2204 1523 pertinentia
2223 1475 2272 1512 ad
2291 1476 2509 1524 proximum

1454 1534 1488 1563 et
1516 1527 1565 1563 ad
1592 1527 1731 1563 Deum.

1505 1579 1622 1616 Aliter
1649 1586 1773 1627 potest
1798 1578 1870 1615 dici
1892 1579 1997 1628 quod
2016 1587 2218 1628 praecepta
2237 1581 2405 1628 decalogi
2424 1588 2511 1617 sunt

1453 1631 1513 1668 illa
1537 1644 1635 1680 quae
1656 1631 1874 1668 immediate
1897 1633 2062 1680 populus
2082 1633 2222 1681 recepit
2240 1645 2262 1669 a
2281 1635 2387 1670 Deo:
2408 1634 2510 1670 unde

1455 1684 1588 1721 dicitur
1606 1686 1716 1721 Deut.
1736 1697 1760 1721 x
1778 1684 1814 1720 *z
1838 1685 1992 1733 Scripsit
2010 1686 2047 1721 in
2068 1686 2211 1731 tabulis,
2232 1686 2337 1722 iuxta
2357 1687 2396 1722 id
2412 1687 2513 1734 quod

1450 1737 1557 1785 prius
1584 1737 1794 1785 scripserat,
1822 1738 1938 1774 verba
1957 1738 2095 1783 decem,
2116 1750 2212 1786 quae
2232 1739 2373 1775 locutus
2392 1745 2446 1775 est
2462 1739 2513 1775 ad

1455 1801 1521 1827 vos
1553 1791 1750 1827 Dominus.
1786 1790 1898 1828 Unde
1931 1798 2081 1839 oportet
2112 1798 2315 1839 praecepta
2343 1791 2511 1839 decalogi

1456 1842 1542 1879 talia
1561 1840 1573 1863 ⁰
1603 1855 1684 1879 esse
1713 1855 1811 1890 quae
1844 1843 1968 1880 statim
1996 1843 2034 1880 in
2062 1851 2190 1880 mente
2218 1843 2349 1892 populi
2377 1844 2511 1881 cadere

1456 1903 1626 1943 possunt.
1655 1896 1906 1944 Praeceptum
1936 1903 2063 1932 autem
2091 1897 2207 1932 habet
2234 1896 2418 1933 rationem
2448 1897 2511 1933 de-

1458 1948 1535 1984 biti.
1565 1948 1682 1994 Quod
1706 1955 1833 1985 autem
1852 1949 1972 1985 homo
1993 1961 2038 1985 ex
2058 1949 2276 1985 necessitate
2297 1949 2433 1985 debeat
2451 1949 2514 1986 ali-

1459 2000 1550 2048 quid
1579 2002 1663 2037 Deo
1683 2002 1745 2038 vel
1763 2001 1952 2049 proximo,
1973 2002 2047 2038 hoc
2068 2001 2114 2038 de
2134 2001 2230 2037 facili
2250 2001 2348 2038 cadit
2367 2002 2405 2038 in
2425 2014 2514 2038 con-

1460 2053 1632 2101 ceptione
1656 2053 1833 2101 hominis,
1863 2061 1900 2090 et
1926 2054 2129 2102 praecipue
2149 2054 2281 2091 fidelis.
2313 2055 2388 2091 Sed
2410 2055 2514 2102 quod

1460 2106 1599 2154 aliquid
1628 2118 1673 2143 ex
1701 2106 1921 2143 necessitate
1950 2106 1995 2143 sit
2023 2106 2192 2143 debitum
2221 2107 2367 2143 homini
2392 2108 2438 2143 de
2457 2107 2514 2143 his

1460 2171 1557 2207 quae
1586 2159 1771 2207 pertinent
1798 2159 1847 2196 ad
1875 2159 2043 2207 seipsum
2073 2167 2109 2195 et
2128 2171 2206 2195 non
2226 2159 2274 2196 ad
2293 2159 2420 2206 alium,
2440 2160 2515 2196 hoc

1460 2223 1538 2248 non
1557 2211 1608 2248 ita
1635 2211 1673 2248 in
1696 2219 1877 2260 promptu
1896 2219 2069 2260 apparet:
2098 2211 2247 2249 videtur
2270 2212 2371 2248 enim
2390 2212 2513 2260 primo

1461 2272 1615 2312 aspectu
1649 2264 1754 2313 quod
1787 2264 1944 2313 quilibet
1977 2264 2023 2301 sit
2054 2264 2148 2301 liber
2179 2265 2217 2301 in
2246 2264 2302 2301 his
2336 2277 2434 2313 quae
2467 2265 2515 2301 ad

1462 2317 1587 2365 ipsum
1615 2317 1813 2366 pertinent.
1842 2318 1891 2353 Et
1918 2317 2005 2354 ideo
2033 2325 2235 2366 praecepta
2266 2317 2403 2365 quibus
2428 2330 2515 2366 pro-

1460 2370 1636 2406 hibentur
1662 2370 1960 2407 inordinationes
1979 2370 2144 2407 homi-nis
2164 2370 2213 2406 ad
2232 2370 2411 2419 seipsum,
2431 2383 2515 2419 per-

1459 2422 1616 2459 veniunt
1636 2423 1684 2460 ad
1702 2423 1890 2471 populum
1905 2422 2093 2459 mediante
2113 2423 2355 2460 instructione
2370 2423 2516 2471 sapien-

1459 2482 1553 2511 tum.
1574 2475 1683 2512 Unde
1711 2487 1791 2512 non
1817 2475 2005 2525 pertinent
2031 2475 2080 2512 ad
2108 2476 2344 2523 decalogum.

1514 2530 1572 2564 AD
1599 2539 1789 2565 SECUNDUM
1822 2539 2004 2565 monimum
2037 2528 2142 2576 quod
2175 2540 2310 2565 omnes
2340 2528 2516 2564 solemni-

1460 2587 1553 2617 tates
1586 2580 1676 2628 legis
1703 2580 1841 2617 veteris
1874 2588 1960 2617 sunt
1991 2581 2178 2617 institutae
2211 2581 2249 2617 in
2282 2593 2517 2617 commemo-

1461 2634 1645 2669 rationem
1683 2633 1839 2670 alicuius
1876 2633 1994 2670 divini
2029 2633 2203 2670 beneficii
2237 2634 2298 2670 vel
2329 2633 2517 2681 praeteriti

1463 2686 1763 2732 commemorati,
1783 2687 1845 2722 vel
1870 2686 1981 2723 futuri
2000 2686 2249 2734 praefigurati.
2279 2687 2328 2722 Et
2350 2685 2517 2722 similiter

1461 2746 1616 2787 propter
1643 2739 1718 2775 hoc
1746 2738 1875 2776 omnia
1903 2738 2086 2775 sacrificia
2114 2739 2381 2775 offerebantur.
2419 2739 2518 2774 Inter

1463 2791 1592 2828 omnia
1611 2798 1738 2827 autern
1759 2791 1945 2828 beneficia
1973 2791 2045 2828 Dei
2074 2791 2424 2837 commemoranda,
2444 2790 2518 2839 pri-

1462 2856 1570 2881 murn
1600 2851 1636 2880 et
1662 2843 1911 2892 praecipuum
1941 2851 2018 2880 erat
2047 2843 2275 2880 beneficium
2309 2843 2516 2890 creationis,

1462 2898 1566 2946 quod
1597 2904 1921 2934 commemoratur
1954 2896 1993 2933 in
2027 2895 2320 2933 sanctificatione
2349 2895 2516 2932 sabbati:

1461 2949 1563 2986 unde
1582 2949 1704 2986 Exod.
1725 2961 1772 2986 xx
1790 2948 1811 2970 '¹‘
1837 2961 1908 2998 pro
1937 2949 2079 2986 ratione
2099 2948 2212 2985 huius
2234 2948 2426 2997 praecepti
2449 2960 2519 2997 po·
2545 2966 2554 2975 ·

1462 3002 1580 3039 nitur:
1609 3003 1687 3038 Sex
1713 3002 1812 3038 enim
1840 3002 1967 3038 diebus
1980 3002 2080 3049 fecit
2101 3002 2204 3037 Deus
2222 3001 2367 3037 caelum
2394 3006 2431 3037 et
2447 3006 2518 3037 ter-

1462 3067 1546 3092 ram
1584 3062 1653 3091 etc.
1687 3055 1787 3091 Inter
1823 3053 1951 3090 omnia
1985 3061 2112 3090 autem
2148 3054 2272 3090 futura
2308 3053 2516 3101 beneficia,

1462 3119 1559 3156 quae
1589 3114 1694 3143 erant
1719 3106 2032 3154 praefiguranda,
2060 3106 2309 3155 praecipuum
2339 3113 2375 3142 et
2405 3106 2518 3143 finale

1463 3167 1542 3196 erat
1574 3159 1680 3207 quies
1712 3158 1849 3195 mentis
1882 3158 1920 3195 in
1947 3160 2052 3206 Deo,
2081 3159 2143 3195 vel
2170 3158 2209 3195 in
2236 3159 2424 3208 praesenti
2451 3170 2520 3207 per

1462 3211 1635 3260 gratiam,
1664 3211 1727 3248 vel
1754 3211 1792 3248 in
1821 3211 1945 3247 futuro
1978 3223 2046 3259 per
2073 3211 2248 3259 gloriam:
2277 3223 2376 3260 quae
2405 3211 2518 3248 etiam

1514 3351 1536 3382 ε)
1556 3350 1661 3376 scilicet.
1679 3365 1698 3369 —
1715 3350 1777 3375 Om.
1795 3351 1847 3375 PK.

1513 3386 1539 3417 ζ)
1554 3388 1665 3418 possent
1682 3386 1813 3419 distingui
1831 3386 1893 3411 tria.
1910 3399 1930 3405 —
1948 3386 2002 3411 tria
2019 3388 2082 3410 sunt
2100 3385 2152 3410 EF.

1515 3422 1541 3453 η)
1561 3428 1636 3454 ergo.
1653 3435 1672 3440 -
1690 3421 1751 3446 Om.
1770 3420 1976 3447 ABCDEGHIL.

1515 3454 1539 3489 θ)
1559 3457 1634 3482 talia.
1651 3470 1669 3475 -
1686 3456 1742 3481 alia
1759 3456 1958 3489 ABCDEleH.

2528 597 2537 606 ‘
2551 596 2580 618 D.
2595 601 2649 624 994.

2527 648 2565 670 ‘In
2570 648 2655 670 Psalm.
2665 654 2738 670 xxxrr.

2531 681 2600 697 serm.
2615 681 2631 696 1.

2538 1697 2547 1705 ·
2561 1696 2627 1718 Ver-s.
2641 1703 2665 1723 4.

2569 2965 2636 2987 Vers.
2649 2971 2676 2986 n.
