2840 4010
0 1675 2 1694 η
0 1487 10 1655 -,,.,,,,,,,,..,7,,,-
0 1466 3 1468 .
0 1427 2 1434 .
0 1405 3 1412 .

92 901 305 955 ο,ίὶιρὶινγιμῃιμέἓ

94 960 114 976 ι.
163 970 170 976 .
194 943 246 976 fect.
260 959 304 980 vn,

94 986 150 1003 rx.-
139 979 197 1003 -Cfi
217 985 268 1008 cap.
284 986 305 1006 1,

93 1005 241 1056 21:⁴3⁸.st
253 1007 304 1028 lect.

92 1320 107 1333 ⁹
119 1319 187 1343 να·-
200 1325 220 1349 ¹⁵
234 1325 287 1348 ‚qq

1026 180 1291 231 QUAESTIO
1322 184 1422 230 cix,
1454 181 1746 221 ARTmULUs
1775 184 1810 220 x

2424 181 2498 227 309

1116 322 1432 370 ARTICULUS
1462 322 1710 369 DECIMUS

647 428 804 460 UTRUM
826 427 957 460 HOMO
978 427 1022 459 m
1047 426 1210 458 GRAUA
1232 424 1537 457 CONSTITUTUS
1560 426 1767 457 INDIGEAT
1789 426 1967 457 AUXlLIO
1991 425 2181 456 GRATIAE

888 499 891 503 Δ
910 499 913 501 Α
1189 469 1248 499 AD
1271 469 1645 501 PERSEVERANDUM

549 546 582 574 11²
602 549 647 574 11⁸⁶
651 557 721 582 ,qu.
740 555 853 579 cmvn,
872 551 918 573 art.
930 554 962 578 4;
981 546 1001 582 ll
1021 543 1104 576 Sent„
1125 546 1182 570 dist.
1197 552 1261 574 xxix,
1281 552 1369 578 expos.
1389 545 1450 575 litt.;
1470 543 1500 570 111
1517 546 1592 571 Cont.
1610 547 1695 575 Gent„
1716 553 1771 579 cap.
1785 553 1846 577 οινς
1867 545 1907 572 De
1924 545 2012 575 Verit„
2033 554 2076 579 qu.
2090 554 2156 576 xxiv.
2175 550 2222 571 art.
2240 545 2280 572 13,

332 644 336 647 ’
362 653 422 695 :⁵⁵³
445 656 453 670 s
584 648 763 679 numm
771 620 829 672 sic
846 623 1084 676 euoenon-ua.
1105 632 1264 671 Videtur
1283 632 1388 681 quod

356 684 411 741 ‘'i-2³³
426 700 451 743 >2
463 668 515 749 ζῆ
537 691 676 726 hmo
673 689 721 726 in
737 687 855 736 gratia
873 687 1096 724 constitutus
1116 698 1196 724 non
1222 685 1388 733 indigeat

347 745 425 806 bt„
435 760 467 795 ιζ,
494 741 691 781 rj-auxffio
703 740 844 799 gratiae
863 740 909 776 ad
930 739 1269 789 perseverandum.
1299 737 1388 774 Per—

460 788 773 832 severanna
783 791 886 830 enim
913 799 971 830 est
999 789 1146 842 aliquid
1169 790 1294 845 minus
1312 788 1388 827 vir—

268 837 290 879 Ᾰ
330 840 432 894 tute,
430 838 571 884 sicut
577 851 613 883 et
639 844 886 893 continentia,
914 851 956 883 ut
987 852 1090 894 patet
1113 857 1185 895 per
1216 840 1388 881 Philoso-

332 900 465 948 phum,
494 899 533 936 in
550 899 619 935 VII
638 899 758 935 Ethic.
774 897 794 920 ’¹‘
814 896 890 935 Sed
909 899 1029 935 homo
1050 910 1128 934 non
1155 896 1296 944 indiget
1315 895 1387 932 alio

333 951 469 989 auxilio
498 952 636 999 gratiae
665 951 712 988 ad
741 951 961 988 habendum
980 951 1148 998 virtutes,
1174 961 1219 986 ex
1238 960 1314 997 quo
1336 956 1390 984 est

331 1004 554 1041 iustificatus
572 1016 641 1052 per
655 1004 824 1051 gratiam.
845 1004 947 1051 Ergo
968 1005 1085 1040 multo
1106 1003 1231 1040 minus
1252 1001 1390 1048 indiget

333 1056 470 1093 auxilio
498 1057 639 1104 gratiae
669 1058 716 1094 ad
744 1057 964 1093 habendum
993 1054 1327 1105 perseverantiam.

388 1121 423 1146 2.
454 1110 685 1156 PRAETEREA,
716 1121 851 1146 omnes
879 1109 1034 1146 virtutes
1057 1108 1169 1145 simul
1186 1106 1390 1144 infundun-

333 1169 403 1198 tur.
440 1162 515 1198 Sed
542 1163 824 1210 perseverantia
861 1162 1014 1210 ponitur
1042 1160 1231 1210 quaedam
1259 1159 1388 1195 virtus.

334 1215 465 1265 Ergo
464 1214 615 1256 videtur
642 1215 763 1263 quod,
785 1215 894 1251 simul
914 1227 1002 1251 cum
1026 1214 1142 1262 gratia
1161 1212 1291 1250 infusis
1310 1211 1390 1248 aliis

332 1265 544 1315 virtutibus,
571 1267 854 1317 perseverantia
882 1267 1001 1304 detur.

390 1321 425 1358 3.
444 1320 678 1367 PRAETEREA,
695 1320 788 1357 sicut
806 1321 1012 1368 Apostolus
1027 1319 1126 1366 dicit,
1142 1319 1194 1355 ad
1204 1319 1316 1355 Rom.
1328 1317 1389 1363 v*,

333 1373 420 1421 plus
447 1373 660 1410 restitutum
689 1381 744 1409 est
778 1372 925 1409 homini
961 1385 1030 1421 per
1058 1372 1203 1409 donum
1232 1370 1388 1416 Christi,

335 1437 450 1474 quam
485 1425 652 1463 amiserit
678 1437 748 1474 per
779 1432 979 1474 peccatum
1011 1425 1131 1461 Adae.
1161 1424 1238 1465 Sed
1266 1422 1390 1460 Adam

335 1477 480 1527 accepit
497 1479 600 1516 unde
619 1485 748 1527 posset
766 1490 1023 1527 perseverare.
1051 1478 1152 1526 Ergo
1173 1477 1292 1514 multo
1311 1487 1392 1512 ma-

334 1530 390 1578 gis
417 1530 528 1568 nobis
561 1531 764 1568 restituitur
792 1542 859 1579 per
892 1530 1057 1578 gratiam>
1077 1529 1213 1567 Christi
1240 1537 1282 1566 ut
1309 1541 1393 1577 per-

333 1594 509 1620 severare
529 1584 731 1632 possimus.
753 1584 801 1620 Et
819 1583 869 1620 ita
887 1584 1007 1620 homo
1023 1595 1101 1620 non
1119 1582 1258 1630 indiget
1277 1581 1393 1629 gratia

334 1636 384 1673 ad
409 1637 747 1685 perseverandum.

389 1690 464 1727 SED
484 1701 630 1727 coum
648 1701 714 1726 EST
733 1688 839 1737 quod
857 1688 1090 1736 Augustinus
1119 1688 1217 1734 dicit,
1246 1687 1284 1724 in
1299 1687 1392 1723 libro

335 1742 381 1779 de
406 1743 690 1780 Perseverantia
709 1741 745 1778 *t
779 1742 858 1778 Cur
878 1742 1160 1790 perseverantia
1182 1740 1351 1789 poscitur
1369 1751 1393 1775 a

335 1796 435 1842 Deo,
463 1797 496 1832 si
527 1807 602 1832 non
638 1795 751 1832 datur
777 1806 801 1830 a
829 1794 943 1831 Deo?
969 1795 1030 1831 An
1059 1800 1095 1830 et
1120 1794 1188 1831 ista
1223 1793 1392 1830 irrisoria

330 1848 459 1896 petitio
487 1853 551 1894 est,
580 1860 665 1885 cum
695 1847 734 1884 id
758 1848 807 1884 ab
835 1859 878 1883 eo
901 1848 1042 1895 petitur
1069 1847 1169 1895 quod
1185 1846 1300 1883 scitur
1319 1857 1393 1882 non

336 1901 457 1949 ipsum
485 1901 588 1947 dare,
616 1901 691 1946 sed,
721 1900 799 1948 ipso
828 1913 902 1936 non
932 1901 1053 1945 dante,
1082 1912 1160 1936 esse
1178 1900 1214 1936 in
1234 1898 1394 1936 hominis

330 1953 539 2002 potestate?
558 1953 635 1991 Sed
660 1953 942 2002 perseverantia
961 1953 1098 2001 petitur
1118 1952 1230 1989 etiam
1250 1952 1297 1991 ab
1325 1951 1395 1988 illis

336 2006 399 2055 qui
427 2014 514 2045 sunt
540 2019 609 2056 per
627 2005 785 2054 gratiam
805 2006 1040 2043 sanctificati:
1061 2005 1167 2054 quod
1185 2004 1397 2053 intelligitur

336 2071 425 2096 cum
454 2059 634 2106 dicimus,
664 2059 923 2107 Sanctificetur
949 2070 1085 2096 nomen
1114 2064 1231 2106 tuum,
1258 2065 1302 2094 ut
1327 2056 1395 2094 ibi-

242 2113 248 2118 '
267 2128 273 2134 ·
296 2119 309 2154 ἷ
337 2111 426 2148 dem
443 2112 464 2134 *
490 2111 722 2160 Augustinus
751 2112 953 2149 confirmat
974 2124 1044 2160 per
1061 2111 1190 2148 verba
1201 2108 1393 2163 Cypriani.

336 2165 438 2213 Ergo
466 2166 586 2202 homo
617 2166 731 2202 etiam
751 2170 769 2186 ‘²
797 2164 836 2202 in
863 2164 981 2212 gratia
1001 2164 1235 2212 constitutus,
1255 2159 1396 2214 indiget

335 2225 376 2254 ut
405 2218 438 2254 ei
465 2217 749 2267 perseverantia
777 2229 798 2254 a
822 2219 906 2255 Deo
936 2217 1056 2254 detur.

387 2272 618 2313 RESPONDEO,
633 2281 818 2307 mmmmm
841 2270 946 2319 quod
973 2269 1256 2319 perseverantia
1282 2267 1395 2318 tripli-

336 2324 426 2361 citer
454 2323 599 2361 dicitur.
630 2323 874 2371 Quandoque
895 2322 997 2360 enim
1022 2322 1205 2370 significat
1221 2319 1394 2360 habiturn

335 2376 472 2414 mentis
500 2389 569 2425 per
597 2388 713 2424 quem
742 2377 862 2413 homo
891 2375 1050 2412 firmiter
1077 2383 1164 2423 stat,
1194 2387 1241 2412 ne
1270 2386 1395 2412 remo-

334 2437 468 2467 veatur
500 2430 548 2466 ab
573 2441 620 2466 eo
641 2429 747 2477 quod
782 2436 838 2465 est
869 2428 1080 2465 secundum
1108 2428 1298 2475 virtutem,
1329 2439 1396 2476 per

333 2482 497 2519 tristitias
525 2482 726 2519 irruentes:
755 2489 797 2518 ut
815 2481 867 2518 sic
887 2493 926 2517 se
950 2481 1088 2517 habeat
1114 2480 1395 2529 perseverantia

335 2536 382 2573 ad
411 2535 586 2582 tristitias,
617 2535 712 2571 sicut
740 2534 969 2571 continentia
997 2534 1046 2571 ad
1071 2533 1395 2582 concupiscentias

387 2651 415 2682 α)
434 2650 525 2675 etiam.
541 2662 562 2669 ·-
578 2649 641 2674 Om.
659 2649 712 2674 EF.

387 2684 412 2718 β)
432 2692 492 2718 quo.
510 2698 528 2703 -
546 2692 599 2716 qua
618 2685 648 2709 E.
667 2698 686 2703 -
705 2684 755 2708 Pro
769 2687 891 2716 possunt,
906 2683 1013 2715 possint
1031 2682 1198 2708 ABCDEFH.

1444 641 1479 670 et
1499 634 1776 679 delectationes,
1788 642 1830 670 ut
1844 634 2095 682 Philosophus
2109 634 2208 680 dicit,
2223 634 2263 671 in
2276 633 2497 671 V11Ethic.*

1442 686 1526 722 Alio
1555 686 1674 723 modo
1701 693 1826 734 potest
1854 686 1927 723 dici
1948 687 2228 735 perseverantia
2247 687 2396 724 habitus
2415 686 2497 735 qui-

1443 738 1532 775 dam
1565 739 1776 775 secundum
1812 748 1927 787 quem
1960 740 2074 776 habet
2106 740 2225 776 homo
2257 739 2495 788 propositum

1442 790 1711 849 perseverandi
1729 791 1768 827 in
1787 790 1889 828 bono
1909 801 2030 840 usque
2050 792 2089 828 in
2108 791 2237 829 finem.
2268 790 2315 828 Et
2333 800 2495 841 utroque
2513 822 2515 824 .

1443 842 1602 880 istorum
1619 843 1838 891 modorum,
1858 844 2138 892 perseverantia
2150 844 2263 881 simul
2279 857 2364 881 cum
2381 843 2496 892 gratia

1443 896 1662 943 infunditur,
1691 896 1787 932 sicut
1810 904 1846 932 et
1864 897 2091 933 continentia
2110 904 2146 934 et
2165 905 2310 934 ceterae
2328 897 2495 934 virtutes.

1503 948 1587 984 Alio
1625 948 1742 985 modo
1782 948 1915 984 dicitur
1951 950 2230 996 perseverantia
2267 950 2495 986 continuatio

1444 1001 1634 1048 quaedam
1655 1001 1744 1045 boni
1765 1013 1886 1049 usque
1906 1001 1955 1037 ad
1974 1001 2090 1037 finem
2111 1001 2222 1038 vitae.
2248 1003 2296 1038 Et
2315 1002 2362 1039 ad
2381 1003 2495 1039 talem

1444 1053 1765 1101 perseverantiam
1789 1053 2006 1090 habendam
2030 1054 2149 1090 homo
2169 1054 2206 1090 in
2225 1055 2340 1102 gratia
2364 1055 2498 1091 consti-

1444 1114 1544 1142 tutus
1563 1118 1640 1142 non
1661 1106 1816 1153 quidem
1837 1106 1976 1153 indiget
1996 1106 2120 1153 aliqua
2136 1106 2206 1143 alia
2220 1107 2399 1143 habituali
2418 1119 2497 1155 gra-

1445 1159 1506 1205 tia,
1518 1159 1584 1196 sed
1602 1158 1731 1195 divino
1746 1158 1883 1195 auxilio
1899 1159 2022 1207 ipsum
2039 1159 2219 1206 dirigente
2230 1167 2266 1196 et
2279 1167 2498 1208 protegente

1446 1219 1575 1248 contra
1594 1211 1844 1248 tentationum
1868 1211 2062 1259 impulsus,
2083 1212 2177 1248 sicut
2195 1225 2240 1248 ex
2259 1212 2499 1260 praecedenti

1446 1264 1663 1313 quaestione
1677 1263 1697 1285 ’¹‘
1717 1271 1883 1312 apparet.
1905 1265 1953 1300 Et
1971 1264 2057 1301 ideo
2073 1272 2277 1313 postquam
2293 1265 2423 1313 aliquis
2444 1273 2500 1302 est

1446 1317 1664 1354 iustificatus
1692 1329 1761 1365 per
1788 1316 1958 1364 gratiam,
1980 1329 2134 1354 necesse
2158 1318 2272 1354 habet
2290 1331 2311 1354 a
2331 1319 2414 1354 Deo
2434 1331 2499 1366 pe-

1445 1378 1522 1407 tere
1542 1369 1775 1418 praedictum
1799 1370 2102 1418 perseverantiae
2124 1370 2282 1417 donum,
2302 1379 2343 1407 ut
2362 1371 2498 1408 scilicet

1447 1423 1676 1459 custodiatur
1704 1434 1726 1458 a
1754 1422 1855 1458 malo
1883 1434 2004 1470 usque
2026 1423 2074 1459 ad
2094 1424 2210 1459 finem
2229 1423 2341 1459 vitae.
2372 1424 2499 1460 Multis

1447 1476 1547 1512 enim
1577 1475 1685 1511 datur
1713 1474 1839 1522 gratia,
1870 1474 2005 1523 quibus
2030 1488 2108 1512 non
2129 1475 2238 1512 datur
2256 1487 2499 1524 perseverare

1446 1529 1483 1565 in
1512 1528 1638 1576 gratia.

1499 1584 1557 1617 AD
1590 1592 1726 1617 PRlMUM
1760 1591 1858 1616 ERGO
1889 1591 2070 1617 mensuum
2103 1581 2207 1629 quod
2245 1581 2406 1617 obiectio
2439 1581 2500 1618 illa

1446 1633 1617 1682 procedit
1644 1633 1690 1670 de
1718 1632 1842 1680 primo
1866 1632 1984 1669 modo
2007 1633 2327 1681 perseverantiae:
2351 1634 2445 1671 sicut
2464 1643 2500 1671 et

1447 1687 1612 1723 secunda
1641 1685 1802 1722 obiectio
1830 1685 2001 1733 procedit
2028 1687 2075 1722 de
2103 1687 2282 1723 secundo.

1500 1739 1609 1776 Unde
1638 1745 1740 1786 patet
1767 1738 1903 1774 solutio
1932 1738 1979 1774 ad
2007 1739 2230 1775 secundum.

1500 1794 1558 1828 AD
1577 1802 1736 1828 TERTmM
1754 1802 1937 1827 chENDUM
1957 1791 2073 1839 quod,
2095 1791 2189 1828 sicut
2202 1792 2432 1839 Augustinus
2448 1792 2500 1829 di-

1449 1846 1505 1891 cit,
1526 1845 1564 1881 in
1583 1844 1678 1880 libro
1694 1843 1740 1879 de
1758 1843 1911 1880 Natura
1927 1849 1963 1879 et
1987 1844 2118 1880 Gratia
2134 1844 2166 1890 ²⁸¹,
2186 1846 2297 1881 homo
2322 1845 2358 1881 in
2372 1846 2499 1893 primo

1446 1903 1541 1934 statu
1570 1896 1711 1944 accepit
1736 1896 1875 1932 donum
1890 1907 1962 1943 per
1980 1897 2080 1944 quod
2091 1908 2337 1944 perseverare
2356 1903 2499 1947 posset:

1448 1963 1521 1987 non
1550 1955 1674 1987 autem
1702 1949 1844 1996 accepit
1871 1954 1911 1984 ut
1935 1956 2204 1996 perseveraret.
2233 1951 2350 1987 Nunc
2376 1957 2500 1987 autem

1442 2014 1514 2052 per
1530 2002 1695 2053 gratiam
1721 2001 1857 2038 Christi
1873 2002 1981 2037 multi
1997 2002 2184 2050 accipiunt
2200 2009 2236 2039 et
2252 2003 2391 2039 donum
2410 2015 2501 2052 gra-

1448 2056 1520 2093 tiae
1537 2067 1610 2105 quo
1626 2053 1641 2084 β
1655 2065 1900 2103 perseverare
1915 2060 2079 2101 possunt,
2100 2061 2136 2091 et
2152 2056 2303 2092 ulterius
2321 2056 2373 2092 eis
2391 2057 2502 2093 datur

1447 2109 1548 2158 quod
1566 2112 1816 2156 perseverent.
1844 2107 1892 2142 Et
1911 2106 1963 2143 sic
1983 2107 2128 2144 donum
2149 2108 2286 2144 Christi
2306 2116 2361 2145 est
2380 2109 2502 2145 maius

1448 2173 1564 2211 quam
1579 2160 1758 2198 delictum
1773 2160 1891 2196 Adae.
1906 2180 1930 2186 -
1946 2160 1994 2196 Et
2007 2167 2132 2197 tamen
2148 2161 2288 2197 facilius
2303 2162 2420 2197 homo
2435 2174 2504 2210 per

1447 2214 1584 2263 gratiae
1613 2213 1759 2250 donum
1788 2223 2032 2260 perseverare
2057 2221 2204 2261 poterat
2223 2214 2261 2250 in
2281 2221 2376 2250 statu
2396 2215 2502 2251 inno·

1449 2267 1603 2314 centiae,
1632 2266 1670 2302 in
1699 2277 1776 2313 quo
1806 2265 1907 2301 nulla
1936 2273 2014 2301 erat
2041 2266 2195 2303 rebellio
2219 2267 2340 2303 carnis
2359 2267 2407 2304 ad
2427 2267 2502 2316 spi-

1448 2320 1571 2366 ritum,
1601 2330 1717 2366 quam
1742 2329 1843 2354 nunc
1861 2330 2067 2365 possumus
2086 2323 2113 2365 Υ,
2144 2321 2297 2367 quando
2318 2320 2502 2368 reparatio

1448 2373 1586 2422 gratiae
1612 2370 1765 2418 Christi,
1784 2370 1850 2406 etsi
1870 2370 1914 2407 sit
1932 2370 2107 2407 inchoata
2126 2380 2310 2420 quantum
2329 2373 2378 2409 ad
2397 2385 2502 2410 men-

1448 2434 1537 2472 tem,
1554 2424 1727 2462 nondum
1747 2431 1876 2459 tamen
1897 2431 1952 2459 est
1971 2432 2236 2461 consummata
2251 2433 2434 2473 quantum
2455 2426 2503 2463 ad

1450 2490 1614 2515 carnem.
1637 2476 1754 2522 Quod
1774 2475 1842 2512 erit
1862 2476 1898 2512 in
1918 2476 2050 2524 patria,
2065 2477 2129 2513 ubi
2149 2478 2267 2514 homo
2283 2491 2361 2515 non
2380 2479 2502 2515 solum

1450 2541 1693 2580 perseverare
1707 2528 1855 2577 poterit,
1872 2529 1938 2566 sed
1955 2529 2066 2566 etiam
2082 2542 2238 2578 peccare
2258 2543 2336 2567 non
2355 2531 2501 2579 poterit.

1503 2648 1529 2681 γ)
1546 2655 1694 2679 possumus.
1712 2663 1730 2668 —
1745 2650 1879 2681 possimus
1898 2649 1965 2673 Psi-1.

1013 2752 1343 2786 Commentaria
1367 2753 1614 2786 Cardinalis
1637 2753 1835 2787 Caietam

366 2845 386 2864 N
410 2833 541 2864 articulo
566 2833 690 2863 decimo
714 2832 856 2862 eiusdem
881 2832 1075 2872 quaestionis
1095 2833 1396 2869 centesimaenonae,

339 2846 502 2908 Idubium
531 2877 667 2907 occurrit
690 2876 769 2907 circa
798 2875 879 2906 dicta
902 2876 935 2906 in
962 2876 1168 2916 responsione
1191 2877 1231 2907 ad
1253 2877 1397 2913 tertium,

337 2931 403 2963 quo
427 2928 520 2962 pacto
545 2927 627 2951 stant
650 2921 726 2950 haec
743 2920 807 2950 duo
824 2919 935 2950 simul:
954 2920 1062 2951 Homo
1077 2921 1170 2951 habet
1184 2921 1301 2952 donum
1320 2931 1398 2962 gra-

337 2967 400 2996 tiae
423 2975 485 3006 quo
502 2970 608 3005 potest
625 2971 856 3005 perseverare;
879 2970 919 3000 et,
938 2964 1046 2995 Homo
1070 2975 1133 2995 non
1152 2970 1257 3005 potest
1272 2975 1314 2995 ex
1328 2966 1397 2995 sola

336 3010 448 3050 gratia
465 3018 686 3049 perseverare.
712 3008 892 3048 Utrumque
911 3008 1069 3048 siquidem
1083 3009 1116 3038 in
1131 3009 1232 3039 littera
1255 3009 1397 3045 habetur,

338 3053 479 3093 primum
502 3063 539 3083 ex
562 3051 759 3092 Augustino,
784 3051 960 3082 secundum
989 3062 1025 3082 ex
1048 3055 1187 3083 Auctore
1210 3052 1242 3082 in
1266 3063 1398 3093 corpore

338 3096 470 3128 articuli.
499 3097 540 3127 Et
562 3103 608 3127 est
637 3096 723 3126 idem
753 3095 887 3126 dubium
918 3096 1150 3126 extendendum
1173 3096 1211 3126 ad
1235 3097 1398 3127 materiam

339 3140 553 3181 praecedentis
572 3140 708 3171 articuli:
733 3139 809 3180 quia
827 3139 927 3170 homo
943 3140 1037 3170 habet
1055 3139 1179 3170 donum
1197 3140 1312 3180 gratiae
1331 3151 1397 3181 quo

338 3192 444 3225 potest
466 3185 547 3215 bene
570 3183 692 3224 operari
717 3190 747 3214 et
769 3184 851 3214 mala
875 3184 987 3224 culpae
1009 3183 1124 3220 vitare;
1149 3190 1180 3214 et
1202 3190 1307 3214 tamen
1324 3194 1399 3215 con-

339 3229 476 3260 cluditur
499 3228 588 3269 quod
607 3238 673 3258 non
693 3234 797 3268 potest
813 3237 849 3258 ex
865 3228 932 3258 sola
948 3227 1099 3258 habituali
1113 3227 1212 3267 gratia
1227 3228 1306 3258 bene
1323 3238 1398 3268 ope-

338 3273 399 3303 rari
415 3280 445 3304 et
460 3278 626 3313 peccatum
641 3272 748 3303 vitare.
773 3271 870 3309 Quod
891 3271 975 3302 enirn
991 3271 1089 3311 gratia
1112 3277 1143 3301 et
1158 3271 1282 3302 caritate
1298 3272 1397 3302 horno

339 3318 378 3348 sit
402 3323 516 3357 potens
539 3316 662 3357 operari
690 3316 827 3351 bonurn,
851 3325 907 3356 per
930 3325 963 3346 se
996 3322 1110 3346 notum
1135 3321 1195 3346 est:
1220 3315 1295 3356 quia
1325 3322 1399 3346 sunt

338 3361 493 3402 principia
509 3361 653 3401 proxima
676 3361 837 3390 bonorum
857 3369 1001 3401 operum.
1027 3359 1125 3396 Quod
1140 3368 1214 3389 vero
1231 3359 1270 3390 sit
1286 3366 1399 3399 potens

338 3405 434 3436 vitare
458 3405 589 3441 malum,
615 3415 651 3435 ex
674 3414 706 3434 se
731 3413 861 3445 quoque
885 3410 986 3444 patet:
1011 3403 1085 3444 quia
1108 3402 1265 3443 peridem
1286 3403 1398 3443 princi-

340 3449 426 3480 cium
441 3449 578 3480 vitamus
593 3448 796 3484 contrarium,
813 3458 869 3488 per
884 3448 973 3488 quod
989 3457 1160 3487 possumus
1176 3446 1207 3476 in
1224 3447 1396 3487 reliquum;

339 3503 395 3533 per
418 3493 504 3524 idem
528 3493 614 3524 enim
637 3493 717 3533 ignis
742 3491 882 3522 calefacit
906 3498 936 3522 et
959 3491 1046 3531 fugat
1066 3491 1172 3530 frigus
1193 3498 1223 3521 et
1238 3500 1329 3530 grave
1346 3491 1397 3520 de-

1452 2833 1570 2863 scendit
1594 2840 1623 2863 et
1646 2833 1759 2864 resistit
1782 2833 1933 2868 ascensui,
1955 2839 1984 2862 et
2003 2832 2090 2862 fortis
2108 2837 2227 2871 pugnat
2242 2840 2299 2869 pro
2321 2830 2458 2860 libertate
2475 2837 2506 2860 et

1452 2877 1564 2907 resistit
1587 2877 1738 2908 servituti.
2162 2872 2165 2874 .

1507 2922 1543 2952 ΙΙ.
1561 2921 1610 2951 Ad
1632 2921 1693 2951 hoc
1710 2919 1939 2961 dicitur1qu0d‚
1961 2920 2228 2960 quandocumque
2252 2927 2327 2948 usus
2353 2928 2407 2948 seu
2429 2927 2505 2957 ope-

1452 2965 1529 2996 ratio
1554 2965 1712 3005 potentiae
1734 2965 1866 2995 alicuius
1889 2964 2014 2994 aliunde
2036 2962 2151 3003 pendet
2173 2971 2270 3002 quam
2290 2971 2326 2991 ex
2350 2961 2504 3002 potentia,

1452 3017 1527 3040 tunc
1543 3019 1579 3039 ex
1596 3009 1663 3039 sola
1686 3008 1827 3048 potentia
1846 3018 1910 3038 non
1932 3012 2035 3047 potest
2058 3005 2162 3036 inferri
2182 3015 2258 3035 usus
2281 3015 2336 3035 seu
2362 3005 2504 3045 operatio

1452 3054 1535 3083 illius
1551 3053 1583 3082 in
1600 3059 1670 3082 actu
1688 3052 1830 3082 exercito.
1844 3051 1937 3082 Verbi
1954 3051 2060 3090 gratia,
2078 3049 2217 3089 potentia
2232 3049 2329 3079 visiva
2343 3049 2436 3080 habet
2446 3059 2505 3089 pro

1452 3096 1581 3137 proprio
1605 3103 1675 3126 actu
1700 3106 1758 3126 suo
1782 3096 1895 3131 videre,
1919 3095 2006 3135 quod
2027 3094 2181 3133 dependet
2204 3093 2298 3123 etiam
2318 3093 2356 3123 ab
2381 3093 2505 3123 obiecto

1452 3148 1481 3171 et
1495 3140 1630 3170 lumine:
1648 3147 1678 3169 et
1700 3146 1864 3179 propterea
1881 3148 1945 3168 non
1962 3144 2065 3178 potest
2085 3147 2121 3167 ex
2135 3137 2196 3167 hoc
2217 3137 2286 3167 solo
2302 3137 2390 3177 quod
2406 3137 2506 3167 homo

1451 3185 1543 3214 habet
1566 3183 1741 3223 potentiam
1756 3182 1896 3218 visivam,
1920 3182 2035 3217 inferri,
2059 3181 2143 3221 Ergo
2160 3191 2196 3211 ex
2217 3181 2284 3211 sola
2306 3181 2447 3220 potentia
2463 3181 2506 3210 vi-

1452 3228 1516 3258 siva
1529 3234 1632 3267 potest
1642 3227 1759 3262 videre;
1773 3226 1926 3267 quoniam
1938 3226 2003 3256 sine
2017 3225 2188 3255 extrinseco
2202 3225 2323 3255 lumine
2340 3234 2506 3265 nunquam

1452 3271 1545 3302 exibit
1559 3271 1591 3300 in
1608 3277 1722 3301 actum.
1747 3269 1890 3301 Potentia
1913 3279 1987 3309 ergo
2004 3269 2128 3308 exigens
2149 3269 2278 3310 aliquod
2299 3269 2507 3299 extrinsecum

1452 3316 1492 3345 ad
1515 3314 1732 3344 executionem
1760 3314 1808 3344 sui
1833 3320 1933 3349 actus,
1958 3323 2023 3343 non
2048 3312 2162 3343 sufficit
2184 3313 2252 3343 sola
2274 3313 2314 3343 ad
2342 3312 2507 3353 proprium

1453 3365 1567 3389 actum.
1586 3358 1677 3388 Unde
1698 3358 1971 3398 quemadmodum
1992 3363 2073 3387 stant
2094 3356 2170 3387 haec
2186 3357 2251 3387 duo
2275 3356 2380 3393 simul,
2400 3357 2506 3386 Homo

1451 3403 1544 3432 hahet
1561 3403 1736 3442 potentiam
1761 3411 1824 3442 qua
1848 3407 1952 3441 potest
1975 3401 2096 3438 videre,
2121 3407 2164 3437 et,
2188 3400 2295 3431 Homo
2323 3410 2384 3431 non
2403 3405 2507 3440 potest

1453 3456 1493 3476 ex
1508 3446 1577 3476 sola
1595 3447 1740 3486 potentia
1756 3447 1855 3476 visiva
1873 3445 1998 3482 videre;
2020 3445 2063 3475 ita
2082 3444 2115 3474 in
2130 3444 2304 3485 proposito,
2322 3445 2395 3484 quia
2412 3444 2507 3483 gratia

1453 3497 1498 3520 est
1521 3500 1583 3530 qua
1613 3490 1712 3520 homo
1737 3496 1783 3520 est
1810 3497 1922 3529 potens
1953 3489 2061 3520 elicere
2085 3489 2302 3528 operationem
2330 3489 2446 3518 bonam
2478 3494 2507 3516 et

2523 639 2533 647 '
2543 637 2575 659 Ca
2595 652 2600 658 .
2611 643 2652 662 vn,
2663 643 2686 658 n.
2697 643 2712 658 ι.
2722 649 2733 653 -

2523 663 2548 686 S.
2558 643 2603 685 Τῇ.
2618 664 2669 685 lect.
2678 669 2718 685 vu.

2526 1276 2536 1285 '¹
2550 1275 2600 1296 Art.
2617 1276 2719 1303 praeced,

2527 1858 2536 1867 ·
2546 1857 2582 1878 De
2592 1856 2698 1884 Corrept,
2715 1858 2738 1877 et

2528 1882 2621 1909 Gratia,
2633 1888 2683 1909 cap.
2694 1888 2734 1904 xii,
