2840 4010
1013 146 1278 192 QUAESTIO
1306 146 1447 193 XCIX,
1477 147 1772 184 ARTICULUS
1801 148 1815 182 Ι
2429 158 2499 194 199

814 317 1222 395 QUAESTIO
1259 317 2014 375 NONAGESIMANONA

920 445 1003 484 DE
1035 443 1406 483 PRAECEPTIS
1441 445 1698 487 VETERIS
1732 447 1906 488 LEGIS

1160 566 1194 590 IN
1223 565 1288 590 SEX
1314 565 1515 591 ARTICULOS
1544 567 1658 594 DlVlSA

114 667 116 670 ¹
406 684 513 710 ElNDE
542 663 860 719 considerandum
891 675 945 704 est
969 667 1016 704 de
1041 667 1252 716 praeceptis
1278 673 1380 703 vete·
1488 669 1639 705 Tertio:
1669 677 1794 706 utrum
1815 679 1963 719 praeter
1982 673 2139 709 moralia
2160 673 2493 715 conti'neat'caere—

83 728 228 777 1¹&de
213 734 257 750 ¹⁶
243 735 293 756 ¹¹¹
325 683 455 766 Dris
470 725 560 775 legis
579 724 609 761 *.
636 722 685 760 Et
707 721 843 780 primo,
865 721 911 757 de
933 720 1168 757 distinctione
1187 720 1379 769 ipsorum;
1541 722 1731 758 monialia,

83 785 158 813 ἰι-α
173 791 194 808 c
322 777 518 825 secundo,
533 777 580 813 de
608 774 760 825 singulis
788 773 988 822 generibus
1018 773 1196 810 distinctis
1214 772 1244 809 ²¹¹.
1488 774 1650 819 Quarto:
1680 782 1807 811 utrum
1837 777 2042 823 contineat,
2068 785 2217 826 praeter
2253 779 2368 826 haec,
2397 777 2491 815 iudi-

323 832 432 870 Circa
456 824 624 880 prinfum
653 833 884 880 quaeruntur
911 837 976 862 sex
1540 826 1655 863 cialia.

373 882 525 920 Primo:
555 887 682 917 utrum
711 879 802 927 legis
828 879 966 916 veteris
996 879 1068 916 sint
1094 879 1201 928 plura
1226 887 1379 926 praece·
1487 878 1652 924 Quinto:
1681 887 1807 916 utrum
1840 889 1990 928 praeter
2017 882 2085 918 ista
2113 883 2182 919 tria
2211 883 2400 920 contineat
2428 884 2492 920 ali—

425 942 501 984 pta,
529 934 591 970 vel
617 945 739 969 unum
769 940 927 969 tantum
1539 943 1614 979 qua
1642 932 1723 969 alia.

374 987 573 1024 Secundo.-
584 993 713 1022 utrum
730 986 788 1022 lex
803 993 912 1022 vetus
929 984 1119 1022 contineat
1133 983 1256 1032 aliqua
1271 995 1377 1032 prae·
1487 984 1622 1020 Sexto:
1654 986 1700 1022 de
1729 986 1848 1022 modo
1877 998 1954 1034 quo
1984 987 2042 1022 lex
2070 987 2273 1024 inducebat
2294 989 2343 1025 ad
2362 989 2492 1025 obser-

426 1047 534 1088 cepta
562 1038 731 1075 moralia.
1538 1037 1706 1073 varitiam
1734 1039 2026 1086 praedictorum.
2071 1069 2073 1071 .

1127 1144 1443 1187 ARTICULUS
1475 1146 1678 1187 PRIMUS

335 1261 433 1273 ,affl
647 1239 811 1270 UTRUM*
827 1239 869 1269 1N
893 1239 1004 1269 LEGE
1029 1237 1187 1269 VETERI
1211 1236 1527 1268 CONTINEATUR
1549 1238 1695 1270 soLUM
1720 1240 1844 1270 UNUM
1867 1240 2158 1271 PRAECEPTUM

348 1343 415 1377 ‘uri'
432 1346 537 1390 mg<
529 1342 551 1368 n
579 1340 717 1366 ptumum
745 1339 798 1364 sm
826 1339 1065 1364 PROCEDITUR.
1094 1325 1252 1364 Videtur
1271 1325 1375 1375 quod
1430 1328 1547 1363 multa
1575 1329 1786 1364 secundum
1815 1328 2072 1365 diversitatem
2101 1341 2234 1365 eorum
2264 1341 2362 1378 quae
2391 1324 2488 1367 ordi-

344 1365 433 1429 §.³72
447 1372 499 1428 Ῡνῖὶο
528 1383 567 1419 in
586 1383 667 1428 lege
681 1380 801 1418 veteri
820 1393 899 1417 non
914 1379 1148 1419 contineatur
1165 1378 1234 1416 nisi
1254 1390 1374 1415 unum
1429 1387 1566 1416 nantur
1594 1380 1641 1416 ad
1669 1381 1786 1417 finem
1813 1381 1931 1418 illum.

318 1424 443 1475 »ἕν-ἕ
466 1419 785 1483 Ἥρτθεεθρωη]
821 1434 901 1470 Lex
935 1432 1037 1470 enim
1071 1439 1125 1470 est
1145 1431 1246 1469 nihil
1275 1430 1375 1468 aliud
1482 1434 1540 1469 Ao
1569 1445 1704 1470 PRIMUM
1734 1445 1831 1470 ERGO
1860 1446 2043 1471 mcENDUM
2076 1435 2182 1481 quod
2210 1436 2268 1472 lex
2296 1442 2405 1471 vetus
2435 1435 2488 1473 di-

312 1519 314 1521 .
333 1477 471 1522 'Ast-²*
487 1478 646 1536 quam
669 1495 928 1534 praeceptum,
957 1493 999 1523 ut
1025 1497 1139 1535 supra
1156 1484 1177 1506 ²⁸
1202 1484 1374 1522 habitum
1430 1485 1524 1521 citur
1539 1498 1620 1522 esse
1636 1499 1712 1523 una
1731 1487 1941 1523 secundum
1963 1486 2136 1523 ordinem
2152 1487 2200 1524 ad
2215 1488 2333 1525 finem
2348 1499 2486 1524 unum:

316 1549 384 1583 est.
412 1541 506 1583 Sed
520 1541 579 1576 lex
600 1546 717 1575 vetus
755 1547 809 1575 est
842 1551 929 1575 una.
966 1539 1066 1586 Ergo
1099 1550 1177 1576 non
1210 1537 1376 1574 continet
1431 1546 1466 1574 et
1494 1546 1621 1575 tamen
1660 1539 1824 1576 continet
1853 1539 2002 1576 diversa
2029 1547 2246 1588 praecepta,
2276 1540 2487 1577 secundum

316 1594 387 1635 nisi
414 1605 536 1631 unum
563 1599 822 1641 praeceptum.
1431 1591 1706 1628 distinctionem
1744 1598 1880 1628 eorum'
1916 1604 2014 1640 quae
2050 1592 2199 1629 ordinat
2229 1598 2244 1621 Υ
2280 1594 2328 1630 ad
2355 1593 2485 1630 finem.
2612 1599 2628 1623 Υ

76 1649 209 1679 ’νωθ-
371 1659 406 1684 2.
436 1647 673 1691 PRAETEREA,
702 1645 908 1693 Apostolus
937 1643 1038 1690 dicit,
1065 1642 1177 1681 Rom.
1192 1644 1306 1680 xm*:
1336 1643 1377 1679 Si
1431 1644 1535 1680 Sicut
1569 1644 1681 1681 etiam
1714 1657 1774 1681 ars
1809 1644 2046 1682 aedificativa
2084 1653 2138 1681 est
2169 1658 2245 1682 una
2277 1646 2487 1683 secundum

316 1700 418 1748 qaod
443 1705 496 1736 est
522 1698 627 1736 aliud
652 1697 885 1742 mandatum,
914 1697 951 1733 in
970 1697 1041 1733 hoc
1059 1697 1172 1734 verbo
1190 1696 1375 1734 instaura-
1430 1697 1610 1734 unitatem
1639 1697 1737 1744 finis,
1769 1698 1856 1746 quia
1884 1697 2002 1734 tendit
2029 1697 2077 1734 ad
2097 1697 2400 1735 aedificationem
2421 1699 2487 1736 do-

316 1759 395 1798 tur,
425 1752 571 1801 Diliges
596 1751 820 1799 proximum
848 1755 952 1786 tuum
980 1750 1075 1787 sicut
1100 1749 1266 1798 teipsum.
1297 1749 1375 1786 Sed
1431 1762 1536 1786 mus:
1557 1758 1685 1787 tamen
1702 1750 1868 1787 continet
1883 1750 2031 1788 diversa
2045 1759 2259 1800 praecepta,
2276 1751 2487 1788 secundum

315 1805 416 1843 istud
443 1804 669 1842 mandatum
698 1810 753 1840 est
781 1815 914 1839 unum.
944 1803 1046 1850 Ergo
1073 1803 1132 1839 lex
1158 1810 1269 1839 vetus
1297 1815 1375 1839 non
1430 1803 1598 1839 diversos
1628 1811 1730 1840 actus
1759 1803 1807 1840 ad
1836 1804 1910 1840 hoc
1937 1802 2141 1840 ordinatos.

315 1858 483 1896 continet
510 1857 580 1894 nisi
607 1869 726 1894 unum
756 1856 991 1893 mandatum.
1482 1858 1540 1892 Ao
1573 1868 1761 1893 SECUNDUM
1794 1868 1978 1893 mcENDUM
2006 1856 2134 1903 quod2
2160 1856 2254 1893 sicut
2280 1858 2486 1905 Apostolus

79 1912 214 1936 'Vm-¹²·
371 1912 405 1948 3.
427 1911 660 1958 ΡκΑΕτΕΒΕΑ,
680 1909 814 1947 Matth.
830 1909 911 1945 vu*
931 1907 1083 1945 dicitur:
1109 1908 1243 1945 Omnia
1262 1920 1374 1957 quae·
1430 1908 1535 1954 dicit,
1567 1910 1579 1945 I
1609 1910 1660 1946 ad
1690 1909 1784 1954 Tim.
1814 1922 1824 1946 1
1850 1909 1885 1956 *,
1903 1909 1999 1956 finis
2019 1909 2214 1957 praecepti
2244 1910 2382 1947 caritas
2413 1916 2486 1947 est:
2515 1917 2639 1944 ’νεα-5.

315 1975 475 2012 cumque
505 1963 614 2000 vultis
652 1968 692 1999 ut
717 1962 871 2011 faciant
897 1961 1001 1998 vobis
1031 1961 1220 2007 homines,
1248 1966 1283 1998 et
1309 1973 1375 1998 vos
1429 1962 1476 1998 ad
1496 1962 1570 1998 hoc
1589 1962 1691 1998 enim
1711 1962 1837 1999 omnis
1856 1963 1915 1998 18)(
1935 1962 2051 1999 tendit
2068 1960 2093 2009 δ,
2114 1969 2154 1998 ut
2172 1962 2377 2000 amicitiam
2398 1975 2486 2000 con·
2610 1949 2624 1974 δ

308 2017 426 2064 facite
460 2015 552 2053 illis.-
580 2017 674 2052 haec
698 2020 753 2052 est
778 2015 877 2051 enim
906 2014 968 2050 lex
995 2019 1032 2050 et
1049 2014 1266 2062 prophetae.
1297 2014 1374 2051 Sed
1428 2015 1552 2051 stituat
1579 2015 1640 2051 vel
1667 2015 1870 2052 hominum
1898 2015 1947 2052 ad
1974 2014 2152 2062 invicem,
2172 2015 2233 2052 vel
2251 2015 2418 2053 hominis
2437 2017 2485 2053 ad

314 2077 393 2106 tota
429 2070 488 2106 lex
514 2076 625 2107 vetus
660 2068 872 2104 continetur
904 2067 942 2104 in
975 2067 1056 2115 lege
1093 2075 1130 2104 et
1165 2067 1371 2116 prophetis.
1428 2068 1567 2104 Deum.
1603 2068 1651 2104 Et
1683 2067 1769 2105 ideo
1806 2075 1884 2104 tota
1915 2068 1973 2104 lex
2009 2067 2184 2116 impletur
2220 2068 2258 2105 in
2295 2069 2369 2106 hoc
2405 2082 2484 2106 uno

79 1521 100 1544 ²
76 1489 154 1539 Ὀἰὲι
158 1495 228 1538 ¹xcu,
247 1494 290 1512 art.

170 2121 188 2139 ²
314 2123 416 2170 Ergo
445 2129 523 2158 tota
543 2127 560 2143 α
588 2122 647 2158 18)(
673 2128 783 2158 vetus
802 2133 882 2157 non
899 2120 1015 2156 habet
1034 2119 1105 2157 nisi
1123 2132 1243 2157 unum
1265 2133 1374 2169 prae·
1428 2121 1629 2167 mandato,
1659 2121 1805 2170 Diliges
1826 2121 2050 2169 proximum
2079 2126 2183 2157 tuum
2205 2121 2300 2158 sicut
2317 2122 2484 2170 teipsum,

314 2183 480 2224 ceptum.
1427 2173 1522 2210 sicut
1549 2173 1586 2209 in
1615 2175 1784 2222 quodam
1812 2174 1888 2210 fine
1922 2173 2189 2210 mandatorum
2225 2174 2417 2211 omnium:
2448 2174 2486 2212 in

188 2259 190 2262 ,
367 2229 442 2266 8Εο
461 2239 607 2266 CONTRA
626 2238 692 2264 EST
711 2227 815 2275 quod
835 2226 1041 2274 Apostolus
1061 2225 1159 2272 dicit,
1174 2226 1226 2262 ad
1235 2227 1371 2275 Ephes.
1428 2226 1623 2263 dilectione
1654 2227 1756 2263 enim
1783 2226 1941 2275 proximi
1969 2226 2170 2263 includitur
2203 2227 2314 2263 etiam
2335 2227 2409 2264 Dei
2433 2227 2486 2265 di-

72 2281 84 2293 ⁸
98 2281 164 2304 Vffl·
179 2287 209 2310 ¹⁵·
313 2293 335 2318 u
351 2281 386 2318 *z
407 2282 550 2330 Legem
570 2280 835 2318 mandatorum
855 2279 1010 2316 decretis
1027 2290 1226 2316 evacuans.
1251 2280 1300 2316 Et
1318 2280 1371 2316 lo·
1426 2279 1549 2326 lectio,
1579 2279 1732 2328 quando
1761 2279 1957 2328 proximus
1985 2278 2147 2327 diligitur
2170 2287 2326 2329 propter
2344 2281 2482 2317 Deum.

69 2334 285 2384 2h¹¹¹¹ff¹m¹¹gffiW
312 2334 438 2383 quitur
465 2333 514 2371 de
541 2334 624 2381 lege
651 2332 783 2379 veteri,
803 2339 845 2368 ut
862 2339 965 2380 patet
983 2344 1052 2380 per
1071 2331 1282 2369 Glossam*
1306 2331 1372 2369 ibi·
1427 2332 1536 2369 Unde
1569 2333 1775 2381 Apostolus
1807 2333 1881 2369 hoc
1918 2344 2040 2370 unum
2076 2340 2323 2381 praeceptum
2359 2333 2486 2382 posuit

311 2387 412 2425 dem.
444 2387 544 2434 Ergo
573 2387 632 2423 lex
659 2393 770 2423 vetus
799 2384 965 2422 continet
994 2384 1032 2422 in
1059 2397 1099 2421 se
1127 2385 1244 2422 multa
1264 2397 1370 2422 man·
1425 2398 1495 2433 pro
1525 2386 1674 2422 duobus
1702 2398 1801 2434 quae
1830 2393 1917 2422 sunt
1945 2384 1992 2422 de
2021 2384 2219 2422 dilectione
2239 2386 2311 2422 Dei
2341 2394 2376 2422 et
2398 2399 2485 2435 pro—

259 2453 263 2459 *
312 2440 409 2477 data.
999 2453 1010 2467 x
1425 2437 1526 2484 ximi‚
1553 2438 1599 2475 de
1628 2438 1766 2486 quibus
1795 2438 1883 2475 dicit
1910 2438 2111 2485 Dominus,
2132 2439 2266 2475 Matth.
2286 2438 2408 2476 xxu*:
2438 2441 2483 2476 In
2513 2444 2656 2472 'Vas-4⁰-

364 2494 591 2530 3115ΡοΝοΕο
628 2503 812 2528 DlCENDUM
845 2491 959 2539 quod
986 2498 1229 2539 praeceptum
1258 2491 1369 2539 legis,
1424 2491 1480 2527 his
1517 2492 1660 2527 duobus
1696 2491 1882 2528 mandatis
1911 2491 2051 2539 pendet
2081 2492 2201 2527 omnis
2238 2492 2301 2527 lex
2334 2498 2369 2528 et
2392 2504 2483 2540 pro-

312 2558 400 2582 cum
437 2545 482 2582 sit
515 2544 800 2592 obligatorium,
831 2551 887 2580 est
915 2544 961 2580 de
991 2543 1117 2591 aliquo
1149 2543 1260 2602 'quod
1287 2544 1370 2580 fieri
1418 2545 1564 2592 phetae.

311 2598 435 2635 debet.
457 2598 575 2644 Quod
599 2605 726 2634 autem
756 2596 897 2645 aliquid
918 2596 1054 2633 debeat
1075 2596 1171 2633 fieri.
1190 2597 1264 2634 hoc
1282 2609 1370 2646 pro-
1478 2599 1536 2633 AD
1555 2608 1714 2634 TERTluM
1741 2609 1924 2634 DICENDUM
1944 2598 2061 2644 quod,
2087 2597 2182 2633 sicut
2210 2597 2342 2634 dicitur
2369 2598 2407 2634 in
2432 2599 2483 2634 IX

309 2650 415 2688 venit
443 2662 487 2686 8)(
515 2650 736 2687 necessitate
764 2649 919 2686 alicuius
952 2649 1047 2686 finis.
1077 2649 1201 2686 Unde
1215 2650 1371 2687 manife-
1424 2650 1542 2686 Ethic.
1572 2649 1608 2696 ²¹⁶,
1637 2650 1851 2686 amicabilia
1879 2661 1976 2698 quae
2002 2655 2089 2686 sunt
2114 2650 2165 2686 ad
2186 2650 2356 2695 alterum,
2375 2662 2483 2686 vene·
2510 2661 2592 2708 2933.
2613 2667 2648 2687 w,
2664 2667 2720 2688 n.1;

2600 2688 2620 2708 l
2609 2692 2652 2709 ct
2671 2693 2722 2709 ιν.-

311 2710 410 2740 stum
441 2710 494 2739 est
522 2702 627 2750 quod
649 2704 695 2740 de
716 2702 858 2739 ratione
878 2702 1069 2751 praecepti
1093 2710 1148 2739 est
1172 2703 1309 2751 quod
1300 2715 1370 2740 im·
1425 2709 1513 2739 runt
1543 2715 1593 2739 ex
1624 2702 1882 2739 amicabilibus
1918 2714 2015 2751 quae
2054 2708 2141 2738 sunt
2174 2703 2317 2738 homini
2348 2704 2399 2739 ad
2428 2713 2682 2741 se-cscapu1,12

310 2762 436 2804 portet
454 2755 629 2792 ordinem
659 2755 706 2792 ad
725 2755 857 2802 finem,
877 2755 1101 2804 inquantum
1122 2755 1261 2792 scilicet
1279 2755 1369 2793 illud
1424 2756 1556 2804 ipsum,
1578 2755 1669 2792 dum
1690 2755 1828 2792 scilicet
1855 2756 1974 2792 homo
1994 2755 2044 2791 ita
2064 2767 2104 2791 se
2124 2755 2238 2791 habet
2257 2755 2305 2791 ad
2325 2756 2483 2792 alterum
2510 2747 2530 2761 ⁵
2536 2740 2581 2762 Th
2595 2740 2647 2762 ¹⁰⁰⁸
2661 2747 2711 2762 ”¹⁵

310 2807 538 2856 praecipitur
575 2807 680 2855 quod
715 2815 769 2844 est
796 2808 1051 2844 necessarium
1077 2809 1139 2845 vel
1165 2808 1369 2857 expediens
1425 2809 1520 2845 sicut
1547 2808 1595 2845 ad
1624 2820 1675 2845 se.
1705 2809 1755 2845 Et
1781 2808 1895 2845 ideo'
1887 2821 1926 2845 in
1944 2809 2018 2844 hoc
2038 2808 2141 2855 quod
2162 2807 2313 2854 dicitur,
2347 2808 2482 2845 Omnia

311 2861 359 2898 ad
387 2861 518 2898 finem.
549 2860 741 2908 Contingit
759 2868 886 2897 autem
906 2861 954 2897 ad
972 2873 1093 2898 unum
1112 2861 1230 2898 finem
1250 2863 1369 2899 multa
1425 2873 1681 2909 quaecumque
1698 2861 1807 2898 vultis
1828 2867 1866 2898 ut
1871 2861 2026 2910 saciant
2042 2861 2146 2897 vobis
2164 2861 2343 2906 homines,
2363 2867 2400 2897 et
2415 2873 2482 2898 vos

312 2925 393 2950 esse
413 2913 623 2950 necessaria
641 2914 703 2950 vel
722 2913 969 2962 expedientia.
992 2915 1040 2950 Et
1059 2914 1269 2952 secundum
1294 2915 1368 2952 hoc
1413 2915 1535 2963 facite
1562 2914 1643 2960 illis,
1674 2914 1878 2962 explicatur
1905 2914 2095 2962 quaedam
2124 2914 2249 2960 regula
2274 2913 2482 2951 dilectionis

168 2959 184 2993 β
307 2973 471 3015 possunt
489 2966 536 3004 de
553 2965 710 3003 diversis
726 2967 838 3003 rebus
861 2966 940 3003 dari
958 2975 1160 3017 praecepta
1175 2965 1190 2996 β
1210 2967 1367 3015 inquan-
1421 2967 1596 3016 proximi,
1627 2979 1724 3014 quae
1755 2967 1867 3003 etiam
1896 2966 2073 3015 implicite
2103 2966 2314 3002 continetur
2342 2967 2379 3003 in
2407 2967 2482 3004 hoc

309 3026 391 3056 tum
420 3018 642 3056 ordinantur
665 3018 712 3056 ad
731 3031 851 3056 unum
872 3019 1000 3056 finem.
1030 3019 1141 3056 Unde
1163 3019 1366 3058 dicendum
1423 3021 1528 3069 quod
1563 3020 1720 3067 dicitur,
1750 3020 1896 3069 Diliges
1915 3019 2138 3067 proximum
2174 3024 2277 3055 tuum
2305 3018 2401 3056 sicut
2430 3025 2479 3056 te-

309 3079 366 3109 est
384 3071 489 3121 quod
509 3071 637 3108 omnia
654 3079 857 3121 praecepta
874 3071 965 3119 legis
983 3072 1120 3109 veteris
1141 3080 1228 3109 sunt
1246 3085 1366 3111 unum
1423 3074 1555 3121 ipsum.
1585 3073 1695 3110 Unde
1725 3080 1780 3108 est
1807 3072 1997 3120 quaedam
2027 3071 2221 3119 explicatio
2251 3070 2355 3109 istius
2374 3084 2482 3109 man-

308 3124 520 3162 secundum
541 3124 714 3162 ordinem
735 3124 784 3161 ad
808 3136 928 3161 unum
955 3125 1096 3180 finem:
1126 3133 1212 3162 sunt
1238 3133 1367 3163 tamen
1423 3126 1509 3162 dati.

361 3239 388 3271 α)
409 3242 474 3263 tota.
491 3251 511 3258 -
529 3238 590 3263 Om.
610 3238 638 3263 P.
1475 3241 1502 3272 γ)
1522 3239 1640 3263 ordinat.
1658 3252 1675 3256 —
1694 3237 1823 3262 ordinant
1841 3237 1931 3266 PAFa,
1952 3238 2115 3262 ordinantur
2134 3237 2187 3266 ΕΚ,
2207 3237 2350 3262 ordinatur
2367 3238 2418 3268 sH;
2438 3245 2482 3263 or-

361 3272 386 3306 β)
402 3277 556 3306 praecepta.
574 3287 593 3292 -
613 3273 720 3298 diversa
734 3275 880 3305 praecepta
901 3273 945 3299 Pa.
1422 3275 1509 3299 dinem
1529 3275 1581 3299 ad.
1594 3292 1600 3298 .
1612 3292 1618 3298 .
1638 3280 1691 3298 una
1709 3273 1851 3298 secundum
1870 3280 1923 3298 om.
1943 3273 1973 3298 1,.

1474 3309 1498 3341 ὃ)
1519 3309 1612 3334 tendit.
1630 3322 1648 3327 -
1666 3309 1781 3333 intendit
1798 3309 1826 3333 P.
