2840 4010
0 1707 7 1834 ,ψῃ-νηή-

1006 164 1271 211 QUAESTIO
1302 165 1421 201 cx111

1429 194 1438 211 ,
1468 166 1762 203 ARTICULUS
1793 166 1843 202 lV

2435 165 2508 203 333

1007 287 1338 320 Commenta-ia
1359 286 1610 320 cardinalis
1630 287 1830 322 Caietam

363 375 384 396 n
408 365 539 396 articulo
558 365 650 396 tertio
673 365 815 396 eiusdem
836 365 1031 407 quaestionis
1053 364 1394 396 centesimaedecimae-

336 377 482 446 Itertiae,
499 410 623 440 adverte
646 410 736 451 quod
758 416 846 440 actus
865 409 953 440 liberi
976 409 1092 440 arbitrii
1114 408 1181 438 eius
1202 408 1258 448 qui
1281 406 1392 438 iustifi-

333 460 430 490 catur‚
454 463 644 485 concurrens
667 454 708 484 ad
725 452 982 485 iustificationem
999 452 1100 493 impii,
1117 462 1183 482 non
1202 452 1246 482 sic
1262 461 1392 482 concur-

332 497 372 528 rit
388 498 476 538 quod
493 497 673 528 iustificatio
690 497 757 528 sine
775 507 814 528 eo
830 497 896 528 fieri
916 503 1067 537 nequeat:
1088 502 1124 526 ut
1138 502 1223 535 patet
1238 495 1270 525 in
1287 495 1392 535 pueris

333 548 364 572 et
387 541 576 578 amentibus,
601 551 638 571 ex
659 541 866 582 responsione
889 541 929 570 ad
952 539 1109 580 primum,
1133 539 1250 580 quibus
1278 538 1393 570 sufficit

333 586 483 616 meritum
506 586 576 616 Iesu
593 585 719 616 Christi.
743 585 784 616 Et
799 585 928 626 quando
944 583 1110 619 concurrit,
1128 593 1194 614 non
1210 593 1276 613 uno
1292 584 1392 613 modo

333 629 501 661 concurrit.
525 630 609 660 Nam
631 630 826 670 quandoque
849 627 1007 659 concurrit
1029 627 1252 663 simultaneus:
1277 634 1307 658 et
1329 628 1391 658 hoc

332 679 380 705 est
401 673 552 714 regulare.
569 673 610 704 Et
633 680 680 704 est
701 679 810 704 motus
828 671 1017 712 acceptantis
1035 671 1177 711 gratiam,
1194 671 1277 702 utin
1291 671 1393 702 littera

333 717 455 749 dicitur.
480 717 579 755 Quod
601 727 667 747 non
689 715 844 756 intelligas
867 714 920 752 sic,
945 715 1035 756 quasi
1059 715 1157 755 gratia
1176 715 1215 746 sit
1230 714 1391 746 obiectum

331 761 416 792 illius
445 768 533 792 actus
556 761 612 802 qui
635 760 675 791 sit
700 759 889 800 acceptatio:
914 760 969 790 sed
992 759 1024 789 in
1048 766 1119 790 actu
1144 759 1292 795 exercito,
1317 759 1391 800 quia

332 805 450 836 scilicet
477 812 524 836 est
551 811 659 835 motus
685 803 775 834 liberi
798 803 914 834 arbitrii
944 803 1113 834 exercentis
1143 803 1391 843 acceptationem

331 849 458 889 gratiae.
478 849 647 879 Exercetur
662 847 747 878 enim
766 847 816 878 hic
830 857 886 887 per
901 847 963 878 hoc
979 848 1067 888 quod
1082 847 1229 878 voluntas
1243 854 1392 878 movetur

331 892 365 922 in
388 893 494 923 Deum
517 892 710 932 principium
732 892 849 931 gratiae
872 891 905 921 in
929 891 1149 922 remissionem
1172 898 1388 932 peccatorum,

332 937 471 967 amando
488 936 606 976 ipsum,
623 945 697 966 cum
721 935 925 966 detestatione
941 935 1078 966 offensae
1097 944 1182 968 suae.
1198 952 1220 958 -
1236 935 1389 972 Quando-

330 990 394 1021 que
413 980 572 1011 concurrit
594 979 807 1020 praeveniens,
828 986 864 1010 ut
878 979 911 1010 in
928 979 1157 1010 dormientibus
1171 979 1220 1009 vel
1235 988 1300 1009 non
1317 979 1389 1009 sub-

329 1024 524 1060 sistentibus;
547 1030 583 1055 ut
604 1023 638 1054 in
662 1024 868 1064 responsione
891 1024 931 1054 ad
954 1023 1095 1064 primurn
1117 1022 1240 1055 dicitur.

385 1068 422 1098 11.
442 1067 484 1098 Et
506 1066 585 1098 scito
609 1068 708 1108 quod,
726 1068 751 1098 si
775 1067 939 1108 diligenter
961 1067 1164 1108 inspiciamus
1178 1067 1244 1097 vim
1259 1067 1390 1098 rationis

328 1111 502 1151 assignatae
525 1111 558 1142 in
580 1111 692 1148 littera,
716 1111 834 1143 scilicet
855 1112 944 1153 quod
959 1112 1046 1143 Deus
1062 1117 1170 1142 movet
1188 1110 1296 1142 omnia
1319 1121 1389 1141 sua-

326 1155 422 1194 viter,
447 1166 483 1186 ac
507 1166 564 1195 per
586 1156 647 1186 hoc
671 1165 800 1196 capaces
822 1155 910 1186 liberi
934 1155 1050 1186 arbitrii
1074 1165 1130 1195 per
1151 1155 1286 1186 liberum
1310 1155 1389 1186 arbi-

327 1199 441 1236 trium3
457 1199 637 1231 videbimus
656 1200 745 1240 quod
759 1200 888 1240 quando
906 1199 1100 1239 contingeret
1114 1199 1259 1230 adultum
1274 1199 1389 1230 mentis

271 1261 275 1263 <
322 1250 522 1284 compotem,
538 1243 720 1284 vigilantem
735 1253 771 1274 ac
787 1244 961 1280 conscium,
979 1243 1137 1284 suscipere
1158 1249 1389 1275 sacramentum

89 1969 102 1980 ·
114 1967 182 1991 Vm.
196 1973 224 1996 η
238 1973 274 1996 sq.

85 2122 98 2138 ⁸
110 2124 179 2148 vm.
193 2130 232 2152 47.

85 2235 100 2248 ’
111 2234 180 2258 Vm.
194 2234 220 2256 6.

89 2389 100 2399 ·
113 2387 182 2410 Vm.
194 2392 229 2415 ²⁷·

94 3294 104 3304 ·
119 3291 189 3315 vm.
202 3298 219 3314 r.

95 3398 104 3407 ·
119 3397 172 3419 Art.
188 3396 293 3425 praeced.

326 1287 446 1328 absque
458 1287 571 1318 actuali
585 1287 753 1318 devotione
769 1287 958 1318 simultanea
969 1297 1043 1318 cum
1057 1293 1262 1324 sacramente,
1276 1297 1388 1328 quam-

326 1331 374 1362 vis
396 1331 586 1372 praecedens
610 1331 705 1362 fuerit
727 1332 866 1368 devotio,
890 1342 957 1362 non
980 1331 1159 1362 infunditur
1180 1337 1257 1363 tunc
1279 1331 1387 1371 gratia.

1106 1484 1317 1528 ARTICU
1324 1485 1421 1527 LUS

1447 366 1494 396 Ex
1506 376 1572 407 quo
1589 366 1674 397 enim
1690 367 1786 403 Deus,
1803 366 2000 397 infundendo
2016 367 2148 407 grau'am
2162 366 2393 404 iustificantem‚
2410 367 2506 399 simul

1446 417 1555 441 movet
1578 410 1712 441 liberum
1735 411 1911 448 arbitrium;
1936 411 1962 441 si
1984 411 2120 442 liberum
2134 411 2297 442 arbitrium
2321 421 2386 442 non
2411 411 2507 443 simul

1446 460 1602 490 movetur,
1627 464 1823 495 consequens
1848 461 1894 486 est
1916 455 2004 496 quod
2027 455 2124 495 gratia
2140 465 2207 486 non
2221 455 2416 486 infundatur.
2440 456 2506 487 Nec

1447 504 1492 527 est
1515 497 1617 528 simile
1640 498 1672 528 in
1696 499 1875 529 amentibus
1898 506 1928 530 et
1942 499 2172 530 dormientibus
2195 499 2415 530 insensibiliter
2430 510 2504 530 con-

1446 541 1579 572 stitutis:
1603 542 1758 583 quoniam
1781 542 1920 574 conditio
1949 550 2047 573 status
2075 543 2187 573 talium
2210 543 2283 574 facit
2310 549 2346 574 ut
2370 544 2506 575 suaviter

1446 592 1634 615 moveantur
1656 586 1774 626 absque
1798 586 1941 617 motione
1963 586 2052 617 liberi
2076 587 2192 618 arbitrii
2215 587 2413 618 simultanea.

1501 629 1552 660 111.
1564 629 1605 660 Et
1619 629 1644 660 si
1659 629 1807 661 instetur:
1825 630 1909 670 Ergo
1921 630 1947 660 si
1959 637 2033 670 post
2048 631 2285 671 praecedentem
2301 631 2505 663 devotionern

1446 679 1592 712 evagetur
1609 673 1679 714 quis
1694 673 1727 704 in
1746 674 1947 714 susceptione
1963 675 2156 711 sacramenti,
2173 675 2295 705 obicem
2312 675 2427 715 gratiae
2445 686 2503 717 po-

1445 715 1500 752 nit,
1522 723 1552 747 et
1571 724 1799 758 consequenter
1815 725 1924 758 peccat
1939 718 2127 749 mortaliter:
2144 736 2164 741 —
2179 720 2387 759 respondetur
2401 720 2500 760 quod,

1445 760 1520 800 quia
1543 760 1644 791 motio
1667 761 1756 791 liberi
1779 761 1895 792 arbitrii
1919 762 2105 793 simultanea
2127 762 2243 802 gratiae
2266 762 2419 794 infusioni
2443 763 2502 794 mi-

1445 804 1574 834 serentis
1597 804 1656 835 Dei
1679 815 1762 845 opus
1786 812 1841 842 est,
1866 812 1896 836 et
1919 815 1984 836 non
2000 806 2114 836 habere
2128 806 2216 837 illam
2232 813 2278 837 est
2293 807 2420 847 signum
2435 817 2502 838 non

1444 848 1635 888 suscipiendi
1657 848 1798 888 gratiam,
1817 859 2013 890 consequens
2029 857 2075 881 est
2091 851 2179 891 quod
2194 851 2279 881 idern
2295 851 2334 882 sit
2347 851 2501 882 iudicium

1445 891 1483 921 de
1506 892 1560 922 tali
1584 892 1726 922 motione
1750 899 1781 923 et
1802 893 1918 932 gratiae
1948 893 2116 924 infusione.
2141 894 2233 924 Unde
2257 894 2337 925 sicut
2359 895 2500 936 evagatio

1444 945 1510 966 non
1533 936 1625 977 ponit
1648 936 1772 966 obicem
1795 936 1920 976 gratiae,
1944 936 1986 967 ita
2010 947 2067 967 nec
2091 938 2190 968 dictae
2213 938 2358 975 motioni,
2383 949 2440 969 nec
2456 946 2502 970 est

1443 986 1608 1019 peccatum
1632 981 1775 1010 mortale.
1800 980 1862 1011 Sed
1885 980 1910 1010 si
1933 990 1989 1021 per
2005 981 2173 1011 adveniens
2189 989 2419 1013 sacramentum
2434 993 2500 1013 non

1443 1023 1603 1055 reducitur
1626 1030 1773 1063 evagatus
1796 1024 1835 1055 ad
1859 1031 1965 1055 actum
1994 1024 2084 1055 liberi
2113 1025 2229 1055 arbitrii
2251 1026 2411 1057 actualiter
2434 1033 2501 1057 ten-

1443 1067 1545 1098 dentis
1568 1067 1600 1097 in
1624 1067 1729 1098 Deum
1756 1067 2006 1105 iustificatorem,
2031 1068 2235 1099 manifestum
2258 1076 2304 1100 est
2326 1071 2414 1110 quod
2434 1080 2501 1100 non

1443 1110 1478 1141 fit
1500 1110 1680 1142 iustificatio
1708 1111 1799 1152 impii
1822 1119 1897 1142 tunc
1920 1122 1975 1153 per
1997 1112 2113 1152 gratiae
2135 1112 2339 1144 infusionem.
2366 1114 2432 1144 Nec
2455 1121 2501 1144 ta-

1443 1165 1517 1186 men
1541 1161 1668 1195 oportet
1694 1156 1783 1196 quod
1811 1162 1919 1196 peccet
1948 1156 2018 1196 quis
2046 1163 2212 1196 propterea
2234 1157 2421 1188 mortaliter:
2446 1158 2501 1188 sed

1445 1198 1583 1239 privatur
1599 1199 1702 1230 fructu
1718 1200 1903 1230 sacramenti
1915 1210 1971 1240 per
1986 1200 2110 1231 obicem
2126 1211 2222 1241 quem
2236 1201 2340 1237 habet,
2353 1201 2409 1232 etsi
2426 1208 2501 1232 tunc

1443 1252 1508 1273 non
1531 1250 1631 1285 ponat
1648 1243 1740 1276 illurn
1765 1244 1802 1274 de
1826 1253 1926 1280 novo;
1951 1251 1987 1274 ut
2002 1251 2087 1285 patet
2103 1245 2142 1275 de
2161 1255 2200 1275 eo
2219 1245 2274 1286 qui
2293 1245 2456 1285 diligenter
2471 1252 2502 1276 et

1443 1296 1507 1317 non
1531 1286 1721 1318 sufficienter
1743 1297 1776 1318 se
1800 1287 1953 1319 discussit.
1978 1287 2019 1319 Et
2041 1288 2117 1319 haec
2139 1295 2214 1319 sunt
2237 1289 2326 1319 valde
2349 1289 2500 1326 notanda,

1443 1340 1508 1361 non
1531 1337 1567 1362 ut
1590 1331 1735 1368 sciamust
1761 1332 1816 1362 sed
1838 1338 1875 1362 ut
1897 1332 2102 1363 discutiamus
2125 1332 2348 1373 nosmetipsos.

1451 1484 1722 1537 QUARTUS

722 1579 877 1611 UTRUM
900 1579 959 1610 AD
985 1578 1367 1612 IUSTIFICATIONEM
1391 1579 1490 1611 IMPII
1515 1579 1800 1617 REQUIRATUR
1822 1579 1972 1611 MOTUS
1995 1579 2108 1610 FIDEI

649 1658 683 1683 IV
701 1657 784 1688 Sem„
804 1658 862 1682 dist.
881 1665 941 1687 xvn.
960 1665 1005 1691 qu.
1028 1666 1049 1689 r,
1069 1662 1116 1682 nrt.
1135 1657 1160 1690 3,
1178 1657 1227 1692 qu*
1247 1657 1277 1689 ὃς
1297 1657 1339 1682 De
1361 1657 1450 1688 Verit„
1470 1666 1516 1690 qu.
1534 1665 1620 1688 xxvnr,
1640 1663 1686 1683 art.
1704 1665 1734 1689 45
1753 1658 1796 1683 Aa
1815 1658 1918 1690 Ephes„
1938 1666 1994 1691 cap.
2013 1665 2039 1690 n,
2059 1658 2116 1683 lect.
2135 1665 2174 1683 m.

415 1778 422 1788 ,
444 1764 489 1796 52
513 1768 516 1771 ,
536 1758 564 1784 u
583 1753 757 1789 Quam-um
775 1758 829 1783 sm
848 1743 1088 1784 PROCEmTUR.
1107 1745 1266 1784 Videtur
1279 1746 1385 1794 quod

391 1810 397 1817 ·
541 1800 590 1836 ad
617 1799 920 1836 iustificationem
949 1799 1055 1848 impii
1079 1811 1158 1836 non
1177 1798 1386 1848 requiratur

414 1886 417 1887 ⁷
445 1882 466 1897 4
482 1857 508 1899 ’ἦ
539 1860 667 1889 motus
685 1851 788 1889 fidei.
815 1852 920 1889 Sicut
939 1852 1040 1889 enim
1060 1864 1130 1901 per
1146 1851 1264 1889 fidem
1282 1851 1386 1889 iusti-

387 1922 395 1929 =
497 1896 529 1940 *a
540 1905 676 1942 ficatur
702 1905 835 1952 homo,
854 1905 904 1941 ita
925 1905 1037 1942 etiam
1059 1912 1096 1942 et
1108 1917 1178 1954 per
1194 1905 1383 1954 quaedam

325 1955 408 1993 alia.
426 1955 575 1995 Scilicet
590 1970 661 2007 per
678 1958 874 2004 timorem;
890 1958 939 1995 de
954 1970 1032 2006 quo
1053 1958 1185 1995 dicitur
1196 1958 1384 1996 Eccbi.1*:

329 2009 461 2046 Timor
493 2010 650 2048 Domini
675 2011 827 2059 expellit
850 2016 1069 2059 peccatum:
1098 2023 1188 2048 nam
1212 2011 1282 2060 qui
1306 2011 1385 2048 sine

325 2062 459 2099 timore
485 2069 548 2109 est,
578 2077 653 2101 non
676 2064 816 2112 poterit
841 2064 1046 2111 iustificari.
1076 2064 1127 2100 Et
1152 2063 1287 2101 iterum
1315 2077 1386 2113 per

326 2115 536 2163 caritatem3
556 2117 769 2154 secundum
783 2116 873 2154 illud
893 2117 985 2154 Luc.
1000 2129 1048 2154 vu
1062 2117 1098 2153 *t
1117 2117 1283 2154 Dimissa
1300 2123 1387 2154 sunt

326 2168 363 2204 ei
382 2173 540 2216 peccata
558 2170 687 2216 multa,
708 2170 886 2218 quoniam
906 2170 1037 2206 dilexit
1052 2170 1222 2207 multum.
1251 2171 1301 2207 Et
1318 2171 1384 2207 ite-

327 2232 414 2258 rum
441 2233 510 2270 per
536 2222 806 2268 humilitatem;
835 2222 1047 2259 secundum
1076 2222 1163 2260 illud
1194 2223 1324 2261 Iac.1v
1345 2223 1384 2260 *z

327 2274 433 2311 Deus
458 2276 627 2324 superbis
654 2276 799 2322 resistit,
826 2275 1028 2312 humilibus
1053 2281 1180 2313 autem
1205 2276 1270 2314 dat
1294 2288 1386 2326 gra-

326 2326 430 2363 tiam.
464 2327 514 2365 Et
544 2328 682 2365 iterum
718 2340 787 2376 per
820 2328 1140 2375 misericordiam
1173 2331 1384 2367 secundum

326 2379 417 2416 illud
444 2380 557 2418 Prov.
578 2393 626 2418 xv
643 2381 681 2418 *ε
710 2382 784 2418 Per
801 2381 1098 2418 misericordiam
1117 2387 1153 2418 et
1157 2382 1280 2429 fidem
1296 2394 1386 2431 pur-

326 2438 470 2482 gantur
492 2440 660 2482 peccata.
691 2435 783 2471 Non
811 2446 901 2482 ergo
930 2434 1051 2482 magis
1074 2441 1202 2471 motus
1220 2435 1311 2473 fidei
1331 2448 1386 2473 re-

327 2485 486 2534 quiritur
513 2487 563 2524 ad
591 2487 898 2524 iustificationem
935 2499 1051 2536 quam
1081 2495 1208 2524 motus
1238 2489 1387 2537 praedi-

328 2545 476 2575 emtum
501 2540 696 2577 virtutum.

382 2603 419 2628 2.
439 2592 674 2640 Pm-mm,
695 2600 799 2630 actus
825 2592 915 2629 fidei
943 2605 1022 2629 non
1047 2593 1246 2641 requiritur
1264 2595 1314 2632 ad
1331 2594 1387 2632 iu-

329 2643 593 2682 stificationem
642 2646 712 2682 nisi
749 2645 975 2695 inquantum
1010 2658 1079 2694 per
1119 2645 1239 2684 fidem
1268 2649 1387 2685 homo

329 2698 524 2744 cognoscit
559 2699 698 2734 Deum.
736 2699 814 2736 Sed
847 2698 960 2735 etiarn
994 2698 1074 2735 aliis
1108 2699 1233 2737 modis
1265 2708 1390 2749 potest

328 2750 449 2787 homo
473 2752 601 2788 Deum
621 2763 867 2798 cognoscere:
888 2751 1028 2787 scilicet
1045 2763 1114 2800 per
1133 2752 1388 2800 cognitionem

330 2804 561 2851 naturalem,
592 2811 629 2840 et
655 2816 725 2852 per
757 2803 903 2840 donum
935 2803 1150 2852 sapientiae.
1181 2806 1282 2854 Ergo
1311 2819 1390 2845 non

330 2855 531 2903 requiritur
554 2863 658 2893 acuis
686 2856 778 2893 fidei
805 2856 854 2894 ad
882 2856 1187 2895 iustificata->nem
1215 2858 1333 2908 impii.

386 2908 421 2945 3.
441 2910 674 2956 Pur-mam,
695 2908 835 2946 diversi
862 2917 948 2946 sunt
971 2910 1112 2947 articuli
1134 2911 1237 2949 fidei.
1267 2913 1307 2949 Si
1326 2911 1391 2960 igi-

330 2967 392 2997 tur
409 2969 515 2999 actus
543 2962 633 2999 fidei
653 2961 862 3010 requiratur
878 2962 927 2999 ad
947 2962 1252 3003 iustificationem
1272 2964 1389 3014 impii,

330 3013 482 3052 videtur
508 3015 614 3064 quod
642 3021 835 3063 oporteret
861 3015 1070 3062 hominem,
1091 3016 1246 3064 quando
1265 3015 1390 3065 primo

332 3066 573 3114 iustificatur,
605 3067 651 3104 de
684 3067 864 3104 omnibus
896 3067 1059 3104 articulis
1085 3068 1177 3106 fidei
1215 3069 1389 3117 cogitare.

333 3119 412 3157 Sed
430 3120 505 3157 hoc
522 3120 672 3158 videtur
689 3119 985 3157 inconveniens:
1006 3132 1095 3158 cum
1114 3121 1197 3158 talis
1217 3122 1390 3169 cogitatio

330 3172 487 3221 longam
514 3172 698 3221 temporis
725 3185 876 3210 moram
909 3173 1083 3221 requirat.
1113 3174 1215 3222 Ergo
1241 3174 1394 3215 videtur

334 3226 440 3274 quod
459 3233 564 3263 actus
583 3226 674 3263 fidei
693 3238 771 3262 non
787 3225 998 3275 requiratur
1012 3226 1060 3263 ad
1074 3226 1391 3265 iustificationem.

388 3279 462 3316 SED
482 3290 628 3316 CONTRA
647 3290 712 3316 EST
731 3278 837 3328 quod
866 3278 1000 3315 dicitur
1017 3280 1129 3316 Rom.
1150 3291 1174 3316 v
1191 3279 1228 3316 *t
1242 3281 1393 3328 ,Iustifi-

334 3332 409 3369 cati
434 3332 551 3382 igitur
578 3344 627 3368 ex
643 3331 737 3380 fide,
761 3343 897 3380 pacem
921 3332 1126 3369 habeamus
1153 3332 1204 3368 ad
1225 3333 1362 3370 Deum.

387 3386 612 3422 REsposmzo
647 3396 830 3422 mcENDUM
858 3384 975 3432 quod,
996 3384 1091 3421 sicut
1119 3384 1258 3422 dictum
1288 3393 1343 3422 est
1361 3384 1392 3432 ³¹²,

387 3494 415 3527 α)
434 3497 597 3520 convertens.
615 3509 633 3513 -
651 3501 793 3519 conversus
811 3494 841 3518 E.
1419 3487 1422 3526 Ι

1439 1753 1567 1783 motus
1594 1746 1702 1783 liberi
1731 1746 1870 1783 arbitrii
1898 1746 2097 1795 requiritur
2124 1746 2174 1783 ad
2191 1746 2496 1784 iustificationem

1440 1798 1557 1847 impii,
1587 1799 1796 1836 secundum
1827 1799 1932 1848 quod
1960 1811 2069 1836 mens
2093 1799 2257 1836 hominis
2278 1802 2456 1838 movetur
2474 1812 2497 1837 a

1439 1853 1536 1888 Deo.
1566 1853 1672 1889 Deus
1700 1860 1828 1889 autem
1857 1859 1990 1889 movet
2017 1852 2185 1889 animam
2212 1852 2378 1889 hominis
2407 1865 2496 1890 con-

1438 1905 1622 1942 vertendo
1653 1917 1737 1942 eam
1756 1905 1805 1942 ad
1833 1905 2022 1953 seipsum;
2051 1913 2094 1942 ut
2121 1905 2253 1955 dicitur
2279 1905 2318 1942 in
2341 1906 2494 1943 Psalmo

1439 1970 1570 1994 Lxxxlv
1588 1957 1619 2004 ³⁸,
1639 1958 1850 1995 secundum
1871 1957 1983 1995 aliam
2006 1957 2188 1995 litteram:
2217 1959 2332 2004 Deus,
2352 1964 2390 1994 tu
2409 1970 2496 1995 con-

1438 2017 1584 2048 vertens
1606 2016 1625 2032 ²
1651 2011 1857 2059 vivificabis
1885 2023 1964 2048 nos.
1994 2011 2042 2047 Et
2068 2011 2156 2048 ideo
2184 2011 2234 2048 ad
2266 2011 2495 2048 iustificatio-

1439 2076 1528 2101 nem
1554 2064 1661 2112 impii
1688 2063 1887 2112 requiritur
1914 2071 2042 2100 motus
2069 2063 2204 2100 mentis
2232 2076 2310 2112 quo
2337 2075 2496 2101 conver-

1438 2117 1525 2153 titur
1552 2116 1590 2153 in
1618 2118 1758 2154 Deum.
1788 2116 1916 2153 Prima
1941 2124 2070 2153 autem
2090 2117 2289 2154 conversio
2310 2117 2348 2154 in
2366 2117 2494 2154 Deum

1439 2170 1481 2206 fit
1499 2182 1567 2218 per
1585 2169 1725 2215 fidem3.
1741 2169 1955 2206 secundum
1973 2169 2065 2206 illud
2082 2170 2134 2206 ad
2149 2170 2248 2206 Heb.
2269 2182 2304 2206 xi
2323 2169 2360 2206 *t
2379 2170 2495 2206 Acce-

1439 2223 1583 2259 dentem
1601 2223 1654 2259 ad
1669 2223 1792 2259 Deum
1812 2228 1957 2270 oportet
1972 2222 2124 2259 credere
2142 2223 2230 2271 quia
2250 2228 2312 2259 est.
2343 2223 2392 2259 Et
2408 2222 2495 2260 ideo

1439 2283 1566 2313 motus
1593 2275 1684 2312 fidei
1713 2275 1914 2323 requiritur
1940 2275 1990 2312 ad
2017 2275 2322 2312 iustificationem
2350 2275 2468 2323 impii.

1492 2331 1550 2365 An
1584 2339 1720 2365 pannum
1752 2339 1851 2367 ERGO
1884 2339 2068 2366 mcENDUM
2101 2327 2205 2376 quod
2242 2335 2368 2365 motus
2405 2328 2495 2365 fidei

1440 2394 1518 2418 non
1534 2389 1589 2418 est
1601 2381 1789 2430 perfectus
1808 2381 1877 2418 nisi
1895 2380 1942 2418 sit
1962 2379 2113 2418 caritate
2131 2381 2368 2418 informatus:
2394 2380 2496 2418 unde

1441 2434 1552 2471 simul
1579 2433 1619 2470 in
1645 2433 1908 2471 iustificatione
1936 2434 2042 2483 impii
2070 2446 2158 2470 cum
2187 2441 2294 2470 motu
2317 2433 2419 2480 fidei,
2440 2441 2496 2470 est

1441 2487 1554 2524 etiam
1575 2494 1701 2523 motus
1720 2486 1899 2523 caritatis..
1914 2487 2095 2524 Movetur
2113 2494 2239 2524 autem
2260 2486 2421 2523 liberum
2440 2498 2497 2523 ar-

1442 2540 1591 2578 bitrium
1626 2539 1666 2576 in
1702 2540 1830 2576 Deum
1862 2539 1912 2577 ad
1938 2540 2014 2576 hoc
2041 2539 2147 2587 quod
2176 2539 2209 2575 ei
2236 2551 2277 2575 se
2305 2538 2496 2576 subiiciat:

1442 2593 1543 2630 unde
1563 2592 1675 2629 etiam
1697 2592 1884 2629 concurrit
1902 2600 2008 2629 actus
2025 2592 2171 2629 timoris
2189 2591 2322 2639 filialis,
2338 2599 2376 2628 et
2393 2599 2498 2628 actus

1442 2645 1673 2691 humilitatis.
1684 2645 1875 2692 Contingit
1890 2645 1992 2682 enim
2006 2657 2125 2682 unum
2141 2652 2176 2681 et
2192 2644 2356 2682 eundern
2369 2651 2501 2687 actumv

1442 2698 1547 2736 liberi
1582 2697 1722 2735 arbitrii
1759 2697 1995 2735 diversarum
2020 2694 2203 2735 ‘virtutum
2232 2709 2336 2744 esse,
2364 2709 2498 2734 secun·

1445 2753 1537 2789 dum
1557 2750 1661 2799 quod
1688 2763 1765 2787 una
1792 2750 1955 2799 imperat
1982 2758 2018 2787 et
2045 2750 2117 2787 alia
2139 2750 2361 2798 imperatur:
2386 2758 2499 2799 prout

1444 2805 1583 2842 scilicet
1619 2811 1724 2841 actus
1761 2811 1816 2840 est
1853 2803 2072 2840 ordinabilis
2109 2803 2156 2840 ad
2191 2803 2361 2840 diversos
2388 2803 2498 2840 fines.

1444 2861 1561 2895 Actus
1580 2864 1706 2897 autem
1728 2855 2008 2894 misericordiae
2029 2864 2206 2905 operatur
2234 2863 2364 2892 contra
2378 2854 2394 2885 β
2411 2868 2499 2904 pec-

1446 2919 1572 2948 catum
1600 2921 1669 2958 per
1694 2909 1858 2946 modum
1885 2908 2158 2956 satisfactionis,
2188 2916 2224 2945 et
2251 2908 2304 2945 sic
2332 2908 2500 2957 sequitur

1446 2962 1769 3000 iustificationem:
1798 2962 1862 2998 vel
1888 2974 1957 3010 per
1984 2963 2144 2998 modum
2182 2961 2499 3010 praeparationis,

1446 3017 1670 3065 inquantum
1685 3015 1942 3052 misericordes
1959 3013 2255 3051 misericordiam
2269 3025 2499 3062 consequun-

1446 3076 1507 3106 tur
1524 3068 1555 3116 *,
1585 3076 1622 3105 et
1649 3068 1702 3104 sic
1730 3068 1844 3104 etiam
1872 3074 1996 3116 potest
2022 3067 2250 3115 praecedere
2271 3066 2501 3104 iustificatio-

1446 3133 1558 3166 nemt,
1585 3120 1647 3157 vel
1677 3119 1790 3157 etiam
1816 3120 1864 3156 ad
1883 3119 2188 3156 iustificationem
2209 3131 2435 3157 concurrere
2454 3119 2503 3156 si-

1444 3175 1536 3212 mul.
1557 3185 1644 3210 curn
1681 3172 1880 3221 praedictis
1911 3172 2128 3219 virtutibus,
2157 3173 2370 3210 secundum
2397 3173 2502 3221 quod

1446 3224 1704 3263 misericordia
1731 3225 1933 3262 includitur
1959 3225 1997 3262 in
2025 3225 2224 3262 dilectione
2250 3225 2425 3274 proximi.

1500 3280 1560 3315 Au
1592 3289 1992 3315 SECUNDUM-memnon
2020 3278 2125 3327 quod
2152 3290 2220 3327 per
2248 3278 2503 3326 cognitionem

1448 3331 1657 3368 naturalem
1690 3331 1810 3368 horno
1843 3343 1921 3368 non
1955 3331 2185 3368 convertitur
2214 3331 2253 3368 in
2285 3332 2412 3369 Deum
2449 3331 2504 3368 in-

1447 3391 1631 3433 quantum
1661 3390 1717 3420 est
1744 3383 1935 3420 obiectum
1955 3384 2194 3421 beatitudinis
2221 3392 2258 3421 et
2271 3383 2504 3421 iustificatio-

1501 3492 1526 3525 β)
1545 3497 1648 3518 contra.
1667 3507 1686 3512 —
1704 3494 1775 3518 circa
1795 3494 1840 3519 Pa.

2523 1978 2530 1985 ”
2546 1976 2613 1998 Vers.
2628 1983 2649 2004 7.

2521 2183 2532 2193 ⁸
2547 2183 2615 2205 Vers.
2630 2184 2651 2205 6.

2527 3082 2536 3090 ·
2546 3080 2626 3102 Matth.
2644 3085 2695 3107 cap.
2711 3086 2735 3105 v,

2527 3113 2586 3129 vers.
2601 3112 2624 3133 7.
