2840 4010
137 1758 147 1768 ⁸⁸
158 1757 347 1779 S.Th.1ect.x1x.

129 2975 139 2986 ⁸
155 2975 221 2997 Vers.
235 2982 271 3004 30.

130 3130 138 3138 “
146 3128 230 3159 (Nossa
239 3129 288 3151 sine
296 3136 338 3151 no-

128 3161 198 3177 mine.

383 186 452 212 110

1039 176 1301 223 QUAEsrio
1331 175 1524 223 LXXXV,
1552 177 1845 214 ARTICULUS
1861 157 1888 214 ⁴1

824 365 1230 442 QUAESTIO
1270 365 2101 444 ocTanSIMAQUINTA

382 497 465 536 DE
498 493 868 536 EFFECTIBUS
891 493 1160 534 PECCATI.
1185 493 1263 534 ET
1295 494 1493 542 PRIMO,
1518 495 1600 535 DE
1625 494 2054 535 CORRUPTIONE
2079 495 2219 536 ΒΟΝΙ
2252 497 2548 540 NATURAE

1213 608 1246 632 IN
1276 608 1341 633 SEX
1368 601 1569 634 ARTICULOS
1599 609 1714 633 DIVISA

463 713 567 738 EINDE
601 700 919 737 considerandum
955 709 1009 737 est
1039 701 1085 738 de
1120 701 1314 738 effectibus
1348 714 1434 751 pec-

379 712 532 793 Dcati
551 753 581 790 ²³².
607 754 655 790 Et
674 753 798 801 primo
821 754 989 802 quidem,
1016 754 1062 791 de
1084 754 1323 803 corruptione
1345 754 1435 791 boni

378 815 555 851 naturae;
585 806 766 854 secundo,
790 806 837 843 de
866 807 1015 843 macula
1036 812 1052 828 ²
1072 807 1221 843 animae
1245 806 1281 852 *3
1311 808 1432 854 tertio,

192 852 205 866 ¹¹
228 851 328 892 ἶῖἴῖἶζ
379 859 424 896 de
455 867 559 896 reatu
587 871 736 907 poenae
765 859 795 896 ³³².

379 913 488 949 Circa
515 911 682 960 primum
712 919 945 959 quaeruntur
973 924 1048 948 sex.

431 964 581 1001 Primo:
611 972 739 1001 utrum
768 966 914 1002 bonum
935 973 1089 1001 naturae
1120 964 1349 1001 diminuatur
1366 977 1434 1014 per

482 1025 692 1066 peccatum.

432 1070 632 1107 Secundo:
662 1077 789 1106 utrum
819 1069 979 1106 totaliter
1007 1069 1083 1106 tolli
1113 1069 1241 1117 possit.

1542 701 1690 738 Tertio:
1722 701 1769 738 de
1798 709 1960 749 quatuor
1984 702 2206 740 vulneribus
2235 716 2332 752 quae
2355 705 2460 743 Beda
2478 718 2547 754 po-

1595 753 1659 800 nit,
1676 753 1813 802 quibus
1833 762 1966 792 natura
1986 756 2153 793 humana
2167 757 2365 794 vulnerata
2386 765 2441 794 est
2460 771 2546 806 pro-

1593 814 1676 855 pter
1704 815 1916 855 peccatum.

1543 859 1709 905 Quarto:
1739 866 1866 895 utrum
1885 859 2045 908 privatio
2071 861 2188 920 modi,
2219 862 2358 911 speciei
2383 870 2418 900 et
2446 863 2544 900 ordi-

1595 911 1668 957 nis,
1699 911 1743 948 sit
1773 911 1928 948 effectus
1955 913 2111 961 peccati.

1543 941 1706 1011 Quinto:
1737 972 1864 1001 utrum
1890 977 1993 1002 mors
2023 973 2059 1002 et
2086 965 2146 1003 alii
2161 951 2338 1004 defectus
2367 980 2542 1016 corpora-

1594 1018 1646 1053 les
1676 1017 1748 1054 sint
1777 1017 1932 1054 effectus
1959 1018 2115 1066 peccati.
2374 1042 2385 1048 κ

1543 1071 1674 1106 Sexto:
1686 1077 1812 1108 utrum
1823 1069 1895 1106 sint
1909 1070 2035 1118 aliquo
2051 1071 2170 1108 modo
2181 1072 2327 1110 homini
2343 1074 2542 1110 naturales,

1191 1177 1506 1220 ARTICULUS
1537 1178 1741 1220 PRIMUS

928 1279 1083 1310 UTRUM
1106 1279 1344 1335 PEccATUM
1367 1280 1580 1311 DIMINUAT
1604 1280 1756 1311 BONUM
1780 1279 1987 1311 NATURAE

646 1359 712 1383 Part.
733 1359 749 1387 Ι,
770 1366 813 1391 qu.
832 1365 918 1388 vam,
938 1363 984 1383 art.
998 1366 1029 1390 4;
1050 1358 1069 1382 11
1089 1358 1171 1388 Sem„
1191 1359 1250 1382 dist.
1269 1365 1304 1387 111,
1324 1366 1369 1391 qu.
1387 1366 1424 1390 111,
1444 1359 1475 1383 ad
1495 1358 1524 1388 ὃς
1545 1359 1602 1384 dist.
1616 1367 1671 1388 xxx,
1691 1367 1735 1391 qu.
1754 1366 1771 1389 1,
1792 1363 1837 1383 art.
1858 1366 1877 1387 1,
1897 1359 1929 1383 ad
1950 1358 1978 1389 3;
1999 1359 2056 1384 dist.
2075 1367 2157 1390 κων,
2177 1366 2224 1385 art.
2244 1359 2272 1390 53

830 1394 869 1423 ΙΙΙ,
890 1394 947 1418 dist.
965 1402 1005 1424 xx,
1025 1399 1071 1418 art.
1090 1401 1111 1424 1,
1131 1395 1174 1428 qu·
1196 1401 1213 1424 1,
1233 1394 1264 1418 ad
1282 1401 1307 1421 1:
1327 1393 1358 1418 111
1380 1393 1455 1419 Cont.
1473 1395 1558 1424 Gent„
1579 1402 1633 1427 cap.
1646 1402 1692 1425 xn;
1714 1394 1755 1419 De
1773 1394 1855 1423 Malo,
1876 1402 1920 1426 qu.
1934 1401 1966 1425 11,
1986 1399 2032 1419 art.
2051 1402 2091 1419 11.

410 1498 472 1539 ³055?
492 1500 538 1534 μζ
590 1495 611 1520 D
641 1494 776 1519 PRIMUM
805 1494 857 1519 S1c
886 1493 1123 1519 PROCEDtTUR.
1144 1481 1303 1519 Videtur
1330 1483 1433 1531 quod

405 1529 567 1596 ἢν»
589 1543 788 1584 peccatum
805 1547 883 1572 non
900 1535 1083 1572 diminuat
1098 1536 1244 1572 bonum
1265 1543 1431 1572 naturae.

396 1568 470 1646 ‘ys
458 1604 516 1633 κν
531 1578 558 1636 Ἀ(
571 1586 794 1626 Peccatum
815 1588 916 1624 enim
931 1588 1096 1625 hominis
1117 1600 1194 1624 non
1211 1595 1265 1624 est
1283 1588 1434 1636 gravius

435 1608 578 1676 (⁶³⁶)
546 1633 706 1689 &quam
738 1649 937 1689 peccatum
976 1641 1186 1678 daemonis.
1218 1641 1295 1678 Sed
1331 1642 1433 1678 bona

376 1693 584 1730 naturalia
576 1707 614 1732 1n
634 1694 886 1731 daemonibus
905 1702 1062 1731 manent
1081 1694 1223 1742 integra
1242 1702 1328 1743 post
1346 1707 1433 1744 pec-

376 1754 514 1794 catum,
539 1755 580 1784 ut
607 1747 813 1796 Dionysius
834 1747 931 1794 dicit,
953 1759 987 1784 ιν
1008 1760 1088 1796 cap.
1110 1747 1156 1784 de
1173 1747 1260 1784 Div.
1276 1748 1392 1785 Nom.
1413 1747 1433 1770 '¹‘

375 1801 476 1848 Ergo
505 1809 704 1850 peccatum
733 1801 847 1837 etiam
876 1802 1022 1838 bonurn
1056 1808 1210 1837 naturae
1239 1801 1431 1838 humanae

374 1865 452 1890 non
481 1853 666 1890 diminuit.

429 1919 463 1943 2.
484 1907 715 1954 PRAETEREA,
732 1913 979 1943 transmutato
994 1906 1205 1954 posteriori,
1222 1918 1299 1943 non
1314 1914 1430 1944 trans-

375 1968 541 1996 mutatur
574 1959 694 2008 prius:
733 1967 862 1996 manet
900 1959 1000 1996 enirn
1039 1959 1245 1996 substantia
1275 1961 1426 2006 eadem,

374 2013 627 2049 transmutatis
656 2006 925 2049 accidentibus.
954 2013 1029 2049 Sed
1059 2020 1191 2049 natura
1219 2012 1431 2060 praeexistit

374 2065 510 2102 actioni
525 2065 771 2102 voluntariae.
785 2066 899 2113 Ergo,
917 2066 1014 2102 facta
1030 2065 1317 2103 deordinatione
1333 2066 1430 2104 circa

373 2119 561 2156 actionem
590 2118 842 2156 voluntariam
870 2131 939 2167 per
966 2126 1178 2167 peccatum,
1206 2131 1284 2155 non
1312 2126 1429 2157 trans-

373 2180 541 2209 mutatur
559 2179 713 2221 propter
741 2172 815 2208 hoc
834 2180 979 2218 natura,
1001 2172 1050 2209 ita
1075 2172 1178 2221 quod
1199 2173 1344 2209 bonum
1364 2185 1428 2210 na-

371 2232 477 2262 turae
506 2225 746 2262 diminuatur.

428 2279 461 2315 3.
483 2279 713 2324 PRAETEREA,
732 2285 932 2326 peccatum
963 2285 1017 2314 est
1045 2285 1149 2314 actus
1178 2277 1345 2325 quidam,
1374 2277 1427 2315 di-

371 2331 530 2368 minutio
559 2338 686 2368 autem
715 2331 853 2379 passio.
884 2326 1044 2367 Nullum
1073 2339 1199 2367 autern
1225 2343 1351 2379 agens,
1382 2343 1426 2368 ex

370 2385 444 2421 hoc
473 2384 555 2433 ipso
584 2384 687 2433 quod
717 2383 806 2432 agit,
835 2384 990 2432 patitur:
1020 2391 1144 2432 potest
1176 2391 1303 2421 autem
1338 2396 1426 2421 con-

369 2437 511 2485 tingere
539 2437 643 2485 quod
671 2437 709 2473 in
736 2448 857 2473 unum
886 2444 982 2485 agat,
1010 2445 1046 2473 et
1073 2438 1120 2474 ab
1149 2436 1224 2474 alio
1251 2437 1424 2486 patiatur.

370 2490 472 2538 Ergo
493 2490 552 2526 ille
573 2490 637 2539 qui
656 2498 798 2539 peccat,
819 2502 887 2538 per
904 2497 1105 2539 peccatum
1122 2488 1136 2519 β
1156 2502 1233 2527 non
1255 2490 1426 2527 diminuit

369 2543 515 2580 bonum
545 2555 634 2580 suae
663 2550 830 2580 naturae.

421 2607 458 2643 4.
479 2597 718 2643 Pmmmm,
749 2596 894 2632 nullum
932 2595 1107 2632 accidens
1145 2596 1219 2644 agit
1245 2596 1283 2632 in
1310 2607 1422 2633 suum

369 2649 600 2686 subiectum:
630 2649 718 2698 quia
747 2649 850 2697 quod
877 2649 1025 2697 patitur,
1054 2656 1108 2685 est
1139 2649 1308 2697 potentia
1337 2661 1421 2694 ens;

368 2703 472 2750 quod
500 2710 628 2739 autem
649 2702 842 2739 subiicitur
866 2701 1060 2748 accidenti,
1081 2701 1157 2738 iam
1178 2709 1234 2738 est
1253 2709 1337 2738 actu
1358 2715 1423 2739 ens

368 2755 580 2792 secundum
613 2755 787 2792 accidens
819 2754 920 2791 illud.
953 2755 1028 2791 Sed
1064 2762 1265 2803 peccatum
1299 2762 1353 2791 est
1385 2755 1422 2792 in

366 2810 470 2845 bono
498 2815 654 2844 naturae
682 2808 776 2844 sicut
807 2807 982 2844 accidens
1001 2813 1016 2835 Υ
1045 2808 1084 2844 in
1112 2807 1293 2844 subiecto.
1319 2808 1421 2856 Ergo

364 2869 563 2911 peccatum
602 2873 679 2897 non
718 2860 892 2898 diminuit
927 2861 1074 2897 bonum
1107 2868 1281 2898 naturae:
1314 2860 1421 2898 dimi-

365 2927 481 2951 nuere
511 2914 611 2951 enim
641 2913 836 2962 quoddam
866 2925 975 2960 agere
1006 2921 1071 2950 est.

420 2968 493 3004 SED
522 2978 666 3004 CONTRA
695 2978 759 3003 EST
787 2966 908 3014 quod,
943 2966 1038 3002 sicut
1071 2966 1204 3003 dicitur
1233 2967 1325 3002 Luc.
1345 2979 1369 3003 x
1387 2966 1417 3014 ³⁸,

364 3021 475 3056 hom-o
505 3020 726 3056 descendens
751 3031 774 3056 a
794 3018 1000 3056 Ierusalem
1027 3019 1062 3055 in
1088 3019 1248 3064 Iericho,
1270 3018 1362 3055 idest
1382 3019 1418 3055 in

365 3073 546 3120 defectum
569 3073 727 3121 peccati,
751 3072 963 3120 expoliatur
986 3072 1160 3122 gratuitis
1187 3077 1223 3108 et
1247 3072 1420 3109 vulnera-

365 3131 425 3161 tur
452 3126 488 3161 in
518 3126 761 3170 naturalibus,
781 3133 823 3162 ut
850 3125 956 3162 Beda
974 3124 994 3146 '¹‘
1019 3124 1182 3173 exponit.
1203 3125 1305 3172 Ergo
1333 3137 1419 3174 pec-

367 3186 491 3214 catum
521 3178 693 3215 diminuit
721 3179 867 3215 bonurn
896 3186 1064 3215 naturae.
1127 3186 1132 3192 ·

418 3231 640 3267 RespoNnsso
660 3243 843 3269 DICENDUM
869 3231 973 3280 quod
1001 3231 1146 3268 bonurn
1168 3237 1322 3267 naturae
1351 3230 1418 3266 hu-

366 3294 500 3319 manae
529 3291 652 3331 potest
679 3284 868 3332 tripliciter
897 3284 979 3321 dici.
1009 3283 1151 3330 Primo,
1176 3283 1257 3332 ipsa
1284 3282 1419 3331 princi-

1485 1482 1549 1531 pia
1577 1490 1752 1529 naturae,
1783 1494 1827 1518 ex
1856 1482 1994 1530 quibus
2023 1490 2156 1520 natura
2184 1482 2197 1505 ⁶
2227 1485 2477 1533 constituitur,
2508 1493 2544 1524 et

1485 1535 1733 1584 proprietates
1763 1547 1807 1571 ex
1836 1534 1893 1572 his
1923 1543 2107 1582 camarae,
2135 1536 2228 1573 sicut
2255 1539 2446 1586 potentiae
2465 1539 2542 1576 ani-

1486 1600 1572 1624 mae
1602 1596 1638 1624 et
1665 1588 1735 1624 alia
1763 1588 1994 1625 huiusmodi.
2025 1589 2222 1636 Secundo,
2257 1590 2345 1638 quia
2372 1592 2491 1628 homo
2521 1604 2543 1629 a

1486 1649 1619 1678 natura
1650 1642 1764 1677 habet
1797 1641 2078 1678 inclinationem
2114 1643 2162 1679 ad
2189 1642 2384 1690 virtutem,
2414 1652 2454 1681 ut
2481 1657 2541 1681 su-

1484 1706 1553 1742 pra
1571 1694 1591 1716 *
1609 1694 1779 1730 habitum
1801 1701 1866 1740 est⁷
1887 1694 1968 1743 ipsa
1997 1694 2187 1731 inclinatio
2219 1695 2268 1732 ad
2287 1695 2467 1734 virtutem
2488 1705 2542 1735 est

1485 1747 1680 1795 quoddam
1701 1747 1846 1783 bonum
1862 1754 2028 1784 naturae.
2046 1747 2174 1784 Tertio
2196 1747 2314 1786 modo
2329 1757 2454 1799 potest
2469 1750 2540 1788 dici

1484 1800 1629 1836 bonum
1658 1807 1813 1836 naturae
1843 1800 1987 1838 donum
2015 1800 2205 1848 originalis
2232 1800 2408 1846 iustitiae,
2437 1802 2540 1852 quod
2565 1814 2570 1816 ·

1483 1852 1550 1889 fuit
1578 1853 1615 1889 in
1644 1853 1766 1901 primo
1788 1853 1944 1890 homine
1973 1853 2149 1890 collatum
2170 1853 2237 1890 toti
2264 1855 2456 1892 humanae
2475 1866 2540 1895 na-

1483 1913 1600 1942 turae.

1537 1958 1707 1995 Primum
1729 1959 1838 2006 igitur
1865 1959 2011 1995 bonum
2032 1966 2187 1995 naturae
2215 1971 2287 1996 nec
2304 1959 2442 1998 tollitur
2469 1972 2539 1998 nec

1483 2010 1701 2048 diminuitur
1727 2024 1796 2061 per
1823 2019 2033 2060 peccatum.
2063 2012 2236 2049 Tertium
2263 2024 2357 2049 vero
2393 2013 2538 2052 bonurn

1482 2071 1637 2101 naturae
1657 2065 1817 2101 totaliter
1837 2073 1891 2101 est
1911 2065 2078 2101 ablatum
2107 2077 2175 2113 per
2201 2073 2399 2115 peccatum
2426 2066 2539 2116 primi

1480 2117 1656 2166 parentis.
1679 2118 1755 2155 Sed
1771 2118 1942 2155 medium
1958 2118 2104 2154 bonum
2120 2125 2289 2166 naturae,
2306 2118 2444 2156 scilicet
2457 2119 2539 2169 ipsa

1482 2171 1658 2207 naturalis
1692 2171 1880 2208 inclinatio
1916 2171 1964 2207 ad
1991 2170 2187 2218 virtutem,
2219 2171 2440 2209 diminuitur
2470 2182 2538 2222 per

1479 2232 1690 2272 peccatum.
1721 2225 1795 2260 Per
1822 2231 1926 2260 actus
1956 2223 2055 2260 enim
2076 2225 2266 2261 humanos
2285 2224 2328 2261 fit
2346 2225 2536 2274 quaedam

1478 2277 1667 2314 inclinatio
1689 2277 1736 2314 ad
1756 2277 1896 2314 similes
1916 2285 2031 2322 actus,
2051 2284 2093 2313 ut
2112 2289 2226 2326 supra
2239 2276 2260 2299 ⁸⁸
2277 2277 2449 2315 habitum
2469 2275 2534 2316 e's't.
2565 2288 2573 2296 ·

1480 2330 1641 2378 Oportet
1669 2338 1795 2367 autem
1824 2330 1929 2379 quod
1950 2342 1994 2366 ex
2013 2331 2088 2366 hoc
2113 2330 2218 2379 quod
2235 2335 2248 2351 “
2276 2330 2415 2380 aliquid
2433 2331 2536 2368 incli-

1478 2391 1588 2420 natur
1616 2383 1663 2420 ad
1683 2395 1802 2419 unum
1824 2383 2110 2431 contrariorum,
2132 2382 2363 2420 diminuatur
2383 2383 2535 2423 inclina—

1476 2436 1528 2472 tio
1550 2436 1627 2472 eius
1656 2437 1702 2474 ad
1722 2436 1834 2473 aliud.
1856 2435 1967 2473 Unde
1987 2448 2075 2472 cum
2102 2443 2303 2485 peccatum
2323 2436 2368 2473 sit
2388 2444 2534 2476 contra-

1476 2489 1750 2535 rium.virtuti‚
1788 2501 1833 2525 ex
1865 2490 1939 2526 hoc
1973 2489 2057 2538 ipso
2091 2489 2196 2537 quod
2229 2489 2349 2526 homo
2381 2497 2533 2539 peccat,

1477 2542 1696 2580 diminuitur
1723 2543 1870 2579 bonum
1898 2549 2054 2579 naturae
2079 2541 2184 2590 quod
2205 2549 2260 2579 est
2277 2541 2466 2580 inclinatio
2485 2543 2533 2580 ad

1474 2595 1665 2632 virtutem.

1534 2650 1592 2684 AD
1622 2660 1759 2685 PmMUM
1788 2658 1886 2684 ERGO
1914 2658 2098 2684 DICENDUM
2118 2647 2223 2695 quod
2252 2647 2459 2696 Dionysius
2478 2649 2532 2684 lo-

1476 2701 1602 2761 quitur
1636 2701 1683 2738 de
1712 2702 1816 2737 bono
1851 2700 1975 2748 primo
2004 2708 2180 2746 naturae,
2210 2701 2314 2749 quod
2349 2709 2405 2737 est
2439 2713 2530 2747 esse,

1475 2765 1600 2791 vzvere
1619 2760 1653 2790 et
1671 2754 1894 2803 intelligere‚·
1912 2761 1954 2789 ut
1980 2760 2083 2802 patet
2112 2753 2192 2790 eius
2220 2754 2340 2790 verba
2358 2753 2528 2805 intuenti.

1533 2809 1591 2844 AD
1624 2818 1814 2843 SECUNDUM
1847 2817 2031 2843 DmENDUM
2064 2805 2168 2854 quod
2200 2813 2354 2853 natura,
2389 2807 2455 2844 etsi
2486 2806 2533 2843 sit

1475 2860 1577 2908 prior
1596 2872 1712 2907 quam
1731 2859 1944 2896 voluntaria
1964 2859 2072 2905 actio,
2093 2865 2222 2897 tamen
2240 2860 2355 2896 habet
2377 2859 2532 2897 inclina-

1476 2913 1620 2950 tionem
1640 2912 1688 2949 ad
1708 2913 1900 2960 quandam
1918 2912 2172 2949 voluntariam
2195 2912 2395 2949 actionem.
2421 2912 2531 2950 Unde

1476 2966 1557 3014 ipsa
1591 2973 1723 3002 natura
1758 2965 1968 3002 secundum
2001 2977 2039 3001 se
2069 2977 2147 3001 non
2179 2965 2347 3002 variatur
2378 2973 2532 3014 propter

1475 3018 1724 3055 variationem
1752 3017 1986 3054 voluntariae
2015 3017 2189 3054 actionis:
2219 3018 2285 3055 sed
2318 3018 2399 3067 ipsa
2431 3018 2531 3055 incli-

1476 3071 1577 3109 natio
1611 3071 1777 3108 variatur
1811 3083 1854 3108 ex
1889 3070 1951 3107 illa
1982 3078 2087 3119 parte
2117 3069 2228 3118 qua<
2257 3071 2452 3108 ordinatur
2483 3070 2530 3108 ad

1476 3124 1690 3162 terminum.

1528 3179 1586 3214 An
1623 3188 1783 3214 TERTIUM
1821 3187 2003 3213 mcENDUM
2041 3177 2147 3225 quod
2184 3177 2282 3213 actio
2317 3175 2530 3212 voluntaria

1474 3230 1647 3279 procedit
1684 3241 1727 3266 ex
1757 3229 1913 3266 diversis
1950 3229 2149 3277 potentiis,
2180 3241 2340 3278 quarum
2368 3239 2443 3265 una
2477 3235 2532 3264 est

1476 3283 1597 3320 activa
1627 3291 1661 3319 et
1681 3282 1751 3319 alia
1771 3288 1788 3309 η
1812 3282 1976 3330 passiva.
1997 3282 2046 3318 Et
2065 3294 2110 3319 ex
2134 3283 2207 3318 hoc
2229 3281 2407 3328 contingit
2425 3281 2531 3328 quod

413 3396 439 3426 α)
460 3396 570 3419 macula.
589 3409 606 3413 -
626 3396 726 3420 malitia
744 3397 1021 3421 PABCDEFGHKLa.

413 3429 932 3462 ¹8)perpeccatum.-propterpeccatum
944 3432 1299 3463 ABCGIKLspmpeccatum
1311 3433 1420 3464 velpro-

359 3469 422 3498 pter
432 3469 570 3497 peccatum
586 3466 635 3493 EF,
651 3466 690 3489 vel
702 3470 813 3496 propter
822 3474 872 3497 per
882 3470 1019 3498 peccatum
1036 3467 1072 3496 D;
1092 3475 1181 3499 margo
1197 3467 1230 3492 C:
1251 3468 1290 3491 vel
1301 3471 1420 3499 propter.

416 3506 442 3534 γ)
461 3501 591 3525 accidens.
609 3514 626 3518 -
646 3501 705 3524 Orn.
727 3501 775 3524 EF.

1529 3396 1553 3428 ὂ)
1573 3400 1680 3421 natura.
1699 3411 1718 3415 —
1737 3397 1793 3428 ipsa
1814 3398 1911 3420 natura
1931 3395 1976 3420 Ρα-

1528 3434 1549 3463 ε)
1570 3439 1606 3456 ex
1625 3432 1673 3456 hoc
1691 3431 1770 3463 quod.
1788 3445 1806 3450 -
1825 3431 1932 3463 quando
1951 3431 2002 3455 EF.

1527 3467 1551 3498 ζ)
1572 3475 1596 3499 q.
1598 3475 1631 3491 .·.a
1640 3474 1735 3499 —quae
1748 3467 1837 3498 PApB,
1853 3474 1892 3498 qu
1889 3473 1930 3490 tm
1947 3466 2003 3489 E.-
2012 3466 2062 3489 Pro
2075 3465 2225 3492 terminum,
2237 3463 2322 3488 Deum
2338 3462 2447 3494 Pfflso.
2441 3463 2530 3495 >eta.

1527 3503 1552 3533 η)
1573 3506 1597 3527 et
1616 3502 1709 3526 alia.-
1722 3502 1776 3525 alia
1795 3504 1834 3525 est
1853 3500 2006 3526 ABCDIKL.
2027 3501 2112 3524 altera
2131 3499 2160 3527 E.
2179 3498 2233 3523 alia
2252 3498 2280 3528 F
2300 3498 2354 3523 alia
2374 3505 2435 3523 vero
2455 3498 2512 3523 GH.

2568 1701 2580 1713 ''
2594 1701 2642 1730 Qu.
2655 1708 2687 1730 u,
2701 1705 2743 1724 art.
2758 1709 2779 1729 ις

2569 1734 2609 1756 qu.
2623 1734 2690 1757 um,
2705 1732 2747 1751 nrt.
2762 1735 2782 1751 ι.
