2840 4010
0 2661 6 2782 v--v-w-
0 2644 5 2651 η
0 2582 7 2637 -r-›

70 697 82 709 ⁸
96 696 162 719 vm.
177 703 206 725 ¹3·

984 141 1248 188 QUAEsrlo
1278 141 1416 189 xcv1,
1446 143 1741 181 ARTlcULUs
1769 144 1805 180 v

311 219 422 257 Unde
440 218 479 255 in
505 230 570 255 eos
598 231 676 256 non
705 220 820 257 habet
847 221 905 256 lex
924 219 1004 256 vim
1025 220 1247 267 coactivam,
1278 221 1371 257 sicut

310 271 426 308 habet
452 270 490 307 in
518 271 686 309 iniustos.

363 325 423 360 An
442 335 632 362 SECUNDUM
657 337 839 363 DICENDUM
859 325 962 374 quod
986 325 1044 362 lex
1064 324 1223 374 Spiritus
1243 324 1371 361 Sancti

311 383 367 413 est
394 377 568 425 superior
587 378 693 415 omni
711 378 793 426 lege
816 377 1036 414 humanitus
1054 377 1187 426 posita.
1210 377 1259 413 Et
1281 376 1368 414 ideo

309 428 382 467 viri
401 429 622 478 spirituales,
643 431 855 468 secundum
875 431 949 467 hoc
977 429 1083 478 quod
1100 429 1182 476 lege
1211 428 1370 477 Spiritus

311 482 439 519 Sancti
458 482 658 531 ducuntur,
681 496 759 520 non
779 482 992 520 subduntur
1010 481 1094 528 legi,
1115 488 1299 528 quantum
1320 481 1368 517 ad

311 546 356 571 ea
385 547 482 583 quae
506 543 718 585 repugnant
745 534 912 573 ductioni
940 533 1099 582 Spiritus
1128 533 1268 570 Sancti.
1292 534 1369 570 Sed

311 594 439 624 tamen
466 589 541 625 hoc
572 589 699 637 ipsum
727 594 783 625 est
810 587 858 624 de
888 586 1003 623 ductu
1031 585 1190 635 Spiritus
1220 586 1367 633 Sancti,

311 640 416 689 quod
435 640 610 678 homines
626 640 834 689 spirituales
850 638 993 687 legibus
1007 638 1185 676 humanis
1205 639 1368 677 subdan-

2411 149 2480 185 185

1427 222 1568 258 Psalmi
1589 234 1610 258 L
1629 222 1660 270 ²⁸,
1680 223 1765 260 Tibi
1780 223 1852 260 soli
1870 224 2031 271 peccavi
2054 231 2141 272 etc.,
2168 225 2255 262 dicit
2283 226 2419 264 Glossa
2442 227 2483 249 ²⁸*

1426 274 1530 322 quod
1563 287 1635 311 rex
1662 281 1782 313 'bnon
1819 277 1932 313 habet
1960 277 2149 314 hominem
2186 279 2252 326 qui
2279 291 2349 316 sua
2369 281 2481 327 facta

1424 326 1607 364 diiudicet.
1625 349 1648 355 -
1665 328 1741 366 Sed
1760 336 1946 378 quantum
1966 329 2016 367 ad
2030 330 2113 368 vim
2132 330 2353 368 directivam
2373 333 2479 379 legis,

1424 378 1600 428 princeps
1628 381 1800 418 subditur
1827 382 1899 430 legi
1926 382 2079 431 propria
2105 384 2319 430 voluntate;
2348 397 2481 422 secun-

1425 430 1518 467 dum
1539 433 1642 480 quod
1663 433 1796 470 dicitur
1813 435 1949 481 Extra,
1969 435 2016 472 de
2038 436 2376 484 Constitutionzbus,
2398 450 2479 486 cap.

1429 483 1523 519 Cum
1553 496 1702 522 omnes.-
1735 487 1844 528 Quod
1864 488 2019 536 quisque
2046 489 2138 525 iuris
2165 489 2202 526 in
2230 489 2390 527 alterum
2408 496 2482 527 sta-

1424 535 1500 580 tuit,
1522 537 1598 584 ipse
1622 539 1751 574 eodem
1779 539 1860 576 iure
1879 541 1934 576 uti
1951 541 2064 578 debet.
2085 542 2134 578 Et
2153 543 2334 590 Sapientis
2353 543 2374 564 *
2396 544 2484 580 dicit

1423 589 1646 626 auctoritas:
1673 591 1807 628 Patere
1829 592 1950 642 legem
1979 605 2093 642 quam
2116 595 2192 642 ipse
2216 595 2342 632 tuleris
2360 594 2385 632 ⁰.
2406 597 2480 633 Im-

1422 649 1646 688 properatur
1675 643 1788 680 etiam
1807 645 1863 681 his
1883 658 1905 682 a
1924 647 2092 684 Domino
2118 647 2182 695 qui
2209 649 2336 685 dicunt
2352 655 2389 685 et
2405 662 2479 687 non

310 700 387 739 tur;
409 694 621 731 secundum
635 693 727 730 illud
743 693 756 728 1
772 693 852 730 Pet.
869 704 891 728 11
906 691 941 728 *z
962 691 1126 728 Subiecti
1141 697 1253 728 estote
1266 692 1372 729 omni
1412 693 1589 740 faciunt,·
1617 702 1654 730 et
1681 696 1744 742 qui
1777 697 1859 733 aliis
1887 710 2003 734 onera
2030 701 2168 748 gravia
2204 701 2416 749 imponunt,
2446 708 2482 738 et

310 746 501 783 humanae
527 751 733 789 creaturae,
757 750 915 792 propter
942 746 1078 781 Deum.

363 800 423 836 An
437 810 596 836 'reanum
614 809 798 835 DICENDUM
814 797 919 846 quod
938 797 1114 847 princeps
1133 796 1266 833 dicitur
1285 807 1367 833 esse

311 852 456 888 solutus
480 863 502 887 a
529 850 621 898 lege,
641 857 828 898 quantum
847 851 896 887 ad
915 849 995 887 vim
1025 849 1235 888 coactivam
1260 849 1366 897 legis:

310 903 434 941 nullus
462 902 563 940 enim
581 903 733 951 proprie
759 903 903 951 cogitur
932 915 954 940 a
978 903 1124 951 seipso;
1152 902 1212 943 lex
1240 909 1367 939 autem

310 968 388 992 non
407 956 522 992 habet
538 955 620 993 vim
640 954 653 981 ζ
672 956 884 992 coactivam
904 956 974 993 nisi
999 968 1044 992 ex
1062 954 1240 1004 principis
1262 961 1368 1003 pote-

309 1015 414 1045 state.
431 1008 494 1045 Sic
508 1008 619 1056 igitur
635 1008 811 1058 princeps
831 1008 965 1046 dicitur
979 1020 1061 1045 esse
1076 1008 1220 1052 solutus
1238 1007 1367 1055 alege,

282 1062 285 1067 “
309 1060 399 1111 quia
421 1061 546 1098 nullus
565 1060 604 1098 in
627 1061 754 1110 ipsum
783 1069 908 1110 potest
930 1061 1108 1099 iudicium
1137 1059 1368 1097 condemna-

310 1111 420 1166 tionis
440 1113 548 1160 ferre,
564 1114 595 1151 si
611 1121 741 1151 contra
760 1115 884 1163 legem
905 1121 1000 1163 agat.
1016 1113 1126 1152 Unde
1146 1116 1260 1163 super
1277 1112 1368 1150 illud

361 1242 387 1277 ζ)
406 1243 470 1273 uim.
486 1257 505 1263 -
523 1243 649 1268 virtutem
668 1243 897 1269 ABCDEGHIKL.

250 1296 259 1298 ἡ
316 1277 469 1310 ’“ἠ)’“ῐ·ἐ.κ·.
487 1292 506 1298 -
523 1279 570 1303 lex
588 1278 837 1304 ACDEFGHlea.

1424 745 1493 792 ipsi
1510 758 1578 782 nec
1592 747 1709 796 digito
1728 749 1859 785 volunt
1871 761 1915 786 ea
1930 763 2099 795 movere,·
2112 759 2154 789 ut
2169 753 2330 790 habetur
2344 755 2478 791 Matth.

1422 809 1506 834 xxm
1520 798 1551 834 ²¹⁶.
1582 799 1692 837 Unde
1721 809 1904 849 quantum
1933 803 1981 840 ad
2001 804 2072 840 Dei
2092 805 2284 853 iudicium,
2305 807 2479 856 princeps

1423 862 1502 887 non
1517 859 1574 887 est
1592 853 1736 890 solutus
1751 854 1881 902 alege,
1897 863 2082 904 quantum
2102 858 2151 894 ad
2165 858 2243 895 vim
2260 859 2479 897 directivam

1424 903 1523 948 eius;
1553 905 1621 941 sed
1649 905 1763 942 debet
1789 907 2042 955 voluntarius,
2068 922 2145 947 non
2174 919 2337 958 coactus,
2357 913 2478 960 legem

1424 955 1623 1004 implere.-
1634 958 1701 994 Est
1717 958 1828 995 etiam
1843 959 2018 1009 princeps
2034 974 2147 1010 supra
2161 964 2282 1010 legem
2292 993 2301 1010 ,
2322 965 2480 1012 inquan-

1423 1015 1517 1055 tum,
1539 1009 1568 1045 si
1598 1010 1802 1058 expediens
1826 1012 1947 1059 fuerit,
1967 1020 2092 1062 potest
2112 1015 2235 1063 legem
2264 1024 2422 1065 mutare,
2444 1026 2480 1054 et

1423 1060 1461 1097 in
1492 1073 1535 1098 ea
1565 1062 1802 1111 dispensare,
1833 1077 1902 1113 pro
1932 1066 2016 1102 loco
2047 1074 2082 1103 et
2109 1075 2293 1116 ternpore.

1425 1247 1464 1269 est
1482 1245 1619 1270 maiestate
1637 1247 1775 1279 regnantis
1793 1248 1894 1281 legibus
1909 1248 2050 1281 alligatum
2062 1256 2090 1274 se
2103 1250 2251 1283 principem
2263 1252 2401 1284 profiteri:
2413 1253 2480 1278 adeo

1424 1279 1456 1304 de
1470 1281 1632 1306 auctoritate
1646 1282 1712 1307 iuris
1727 1286 1819 1307 nostra
1828 1283 1929 1315 pendet
1938 1285 2092 1309 auctoritas.
2101 1285 2137 1310 Et
2150 1293 2180 1311 re
2193 1294 2256 1311 vera
2270 1287 2356 1312 maius
2370 1288 2480 1320 imperio

361 1311 386 1346 0)
404 1314 506 1340 tuleris.
518 1327 538 1333 —·
550 1314 661 1346 Aliquae
679 1314 805 1339 editiones
821 1314 932 1339 addunt:
951 1314 988 1340 Et
1006 1314 1032 1340 in
1049 1313 1152 1343 Codice,
1168 1313 1330 1339 Theodosius
1343 1317 1371 1338 et
1424 1318 1463 1339 est
1480 1316 1608 1341 subiicere
1626 1317 1727 1350 legibus
1740 1318 1923 1350 principatum
1943 1319 2003 1352 (lib.
2015 1319 2057 1349 IV,
2077 1320 2110 1345 de
2127 1321 2218 1354 Legib.
2237 1325 2263 1347 et
2284 1323 2445 1356 Constitu.)-

314 1349 522 1379 Valentinianus,
535 1349 723 1384 lmperatores,
738 1349 879 1377 Volusiano
893 1349 1031 1383 staefecm
1049 1349 1182 1376 scribunt.-
1201 1349 1292 1382 Digna
1313 1356 1369 1374 vox

971 1425 1314 1471 *commentaria
1336 1436 1586 1470 Garamans
1608 1439 1808 1472 Caietam

333 1534 360 1559 vu
374 1534 378 1550 ῑ
382 1525 515 1559 articulo
534 1525 648 1566 quinto
664 1524 806 1556 eiusdem
821 1525 1015 1566 quaestionis
1030 1524 1364 1565 nonagesimaesextae¹

311 1537 416 1604 Inotn
439 1569 538 1609 quod,
557 1578 632 1600 cum
655 1569 688 1599 in
711 1568 814 1599 littera
827 1570 941 1601 dicitur
956 1569 1045 1610 quod
1058 1569 1134 1601 iusti
1147 1579 1214 1600 non
1230 1569 1366 1600 subsunt

306 1613 368 1654 legi
391 1619 428 1644 ut
450 1613 622 1648 coactivae,
647 1619 752 1653 potest
775 1613 940 1654 dupliciter
962 1613 1104 1654 intelligi.
1126 1612 1253 1650 ptimo,
1278 1614 1367 1653 quod

305 1657 356 1691 lex
378 1667 444 1689 non
467 1657 562 1688 habet
583 1657 649 1688 vim
673 1657 846 1688 coactivam
869 1668 964 1698 super
986 1657 1096 1688 iustos.
1120 1657 1162 1688 Et
1182 1657 1234 1688 hic
1256 1667 1367 1688 sensus

307 1707 354 1733 est
376 1700 489 1742 falsus:
514 1701 589 1742 quia
612 1711 707 1741 super
729 1711 842 1733 omnes
865 1702 1008 1734 subditos
1031 1708 1097 1733 tam
1111 1701 1160 1734 lex
1174 1702 1254 1738 viva,
1269 1711 1367 1742 quam

306 1745 518 1786 promulgata,
538 1745 632 1776 habet
647 1752 836 1785 potestatem
852 1746 1043 1782 coactivam;
1063 1745 1208 1786 quamvis
1221 1745 1368 1776 iniustos

306 1799 374 1823 non
389 1796 528 1821 exerceat
545 1789 752 1825 coactionem,
765 1790 840 1830 quia
856 1800 922 1821 non
938 1797 1072 1831 oportet.
1082 1789 1267 1831 -SeeundO,
1278 1790 1368 1831 quod

306 1833 407 1865 iustus
431 1843 468 1864 ex
491 1840 578 1874 parte
601 1842 658 1864 sua
680 1844 747 1864 non
771 1834 934 1865 subiicitur
955 1834 1018 1874 legi
1040 1840 1076 1867 ut
1091 1839 1227 1867 coactus.
1244 1834 1293 1865 >-Et
1316 1833 1367 1864 hic

307 1886 417 1909 sensus
445 1884 491 1908 est
518 1887 610 1911 verus
638 1884 668 1909 et
690 1878 849 1909 intentus:
875 1878 951 1919 quia
977 1878 1080 1910 iustus
1106 1877 1282 1910 voluntarie
1305 1878 1367 1918 legi

306 1921 481 1953 subiicitur.

362 1965 401 1996 11.
426 1965 461 1995 In
481 1965 595 1997 eodem
610 1966 725 2006 quinto
744 1965 888 2002 articulo,
903 1966 936 1997 in
952 1966 1157 2006 responsione
1172 1965 1212 1996 ad
1227 1966 1365 2002 tertium,

306 2009 442 2041 dubium
472 2009 608 2040 occurrit
636 2010 804 2051 quomodo
834 2016 917 2041 stant
939 2010 1016 2042 haec
1045 2009 1252 2043 duossimul:
1276 2011 1366 2051 quod

305 2053 450 2093 princeps
474 2053 632 2093 obligetur
653 2055 764 2094 quoad
786 2054 902 2090 Deum,
926 2054 970 2086 ita
989 2055 1078 2095 quod
1099 2060 1209 2095 peccat
1223 2063 1290 2087 non
1306 2065 1367 2085 ser-

305 2098 412 2128 vando
433 2097 556 2137 legem
580 2104 611 2128 et
633 2099 723 2138 quod
745 2098 794 2129 lex
812 2108 879 2129 non
894 2098 989 2129 habet
1003 2098 1069 2129 vim
1085 2098 1257 2131 coactivam
1273 2109 1367 2139 super

306 2151 390 2172 eum.
415 2141 448 2172 Si
463 2141 551 2172 enim
565 2148 674 2182 peccat
696 2142 871 2173 humanam
886 2142 990 2182 legem
1005 2142 1270 2183 transgrediendo,
1287 2142 1367 2174 obli-

305 2191 398 2225 gatus
421 2192 468 2216 est
485 2185 556 2225 legi,
573 2186 687 2226 procul
703 2186 802 2217 dubio
819 2186 969 2226 obliganti
992 2197 1079 2224 eum,
1093 2197 1130 2218 ac
1141 2197 1207 2228 per
1223 2187 1287 2219 hoc
1301 2188 1368 2218 vim

307 2229 481 2260 coactivam
503 2229 539 2261 iu
560 2240 636 2262 eum
662 2230 805 2266 habenti,
829 2230 976 2271 quamvis
997 2241 1064 2263 non
1086 2231 1248 2263 exementi.
1278 2231 1319 2262 Et
1341 2232 1368 2262 si

307 2283 382 2304 eum
404 2283 470 2304 non
489 2280 594 2313 potest
621 2284 747 2314 cogere,
771 2274 821 2305 lex
844 2284 919 2305 eum
942 2285 1009 2306 non
1032 2275 1161 2315 obligat.
1188 2275 1230 2306 Et
1251 2275 1278 2307 si
1301 2285 1367 2307 non

306 2317 425 2358 obligat
445 2318 496 2350 lex
525 2317 717 2358 principem,
741 2318 886 2358 princeps
910 2328 976 2350 non
999 2318 1230 2360 obligatur.»Et
1251 2319 1278 2350 si
1301 2330 1368 2351 non

263 2386 266 2387 γ
306 2361 473 2401 obligatur,
498 2371 564 2392 non
587 2369 695 2402 peccat
718 2372 784 2393 non
808 2363 961 2393 servando
985 2373 1073 2396 ems
1103 2380 1106 2381 ν

360 2406 405 2438 Et.
424 2405 629 2439 confirmatur
652 2406 852 2438 declarando.
876 2406 961 2444 Quia
993 2413 1288 2448 quantumcumque
1317 2418 1366 2438 sa-

306 2450 403 2490 pient
419 2449 543 2490 aliquis,
568 2457 603 2481 ut
624 2450 715 2482 Plato
738 2451 789 2481 vel
811 2450 1005 2488 Aristoteles,
1018 2451 1103 2492 leges
1115 2451 1269 2492 excogitet
1285 2452 1368 2492 opti-

305 2502 379 2527 mas
390 2504 450 2534 pro
473 2494 563 2524 bono
585 2495 761 2531 communi,
777 2501 808 2525 et
830 2495 1047 2534 divulgentur;
1071 2495 1234 2536 quianon
1251 2495 1369 2528 habent

305 2537 372 2568 vim
395 2537 578 2574 coactivam,
603 2539 659 2571 sed
682 2538 874 2570 ostensivum
897 2546 1032 2576 tanturn,
1052 2546 1175 2572 constat
1192 2540 1282 2581 quod
1301 2550 1368 2572 non

307 2581 448 2622 obligant
470 2582 646 2622 principem
668 2590 725 2615 aut
747 2583 837 2614 alios.
862 2583 948 2623 Ergo
970 2583 1020 2616 lex
1034 2594 1052 2615 a
1066 2583 1207 2624 principe
1230 2585 1367 2624 condita,

305 2625 379 2657 licet
400 2626 593 2659 ostensivum
615 2626 682 2658 vim
705 2627 819 2658 habeat
842 2628 1023 2667 quomode..
1033 2627 1145 2660 debeat
1158 2629 1233 2671 ,ipse
1256 2639 1289 2660 se
1316 2629 1369 2660 ha-

305 2670 394 2706 bere,-
418 2679 484 2701 non
507 2677 614 2701 tamen
637 2670 757 2711 obligat
780 2681 868 2707 eum,
893 2671 968 2712 quia
991 2671 1164 2705 coactivam
1185 2672 1251 2704 vim
1274 2683 1369 2713 super

307 2723 382 2745 eum
406 2723 473 2744 non
495 2714 600 2745 habet.
1320 2743 1321 2746 ,

361 2757 412 2788 111.
429 2757 471 2788 Et
485 2764 618 2797 augetur
636 2758 771 2789 dubium
795 2768 831 2789 ex
853 2759 975 2791 rau'one
994 2759 1027 2790 in
1042 2759 1144 2792 littera
1157 2760 1313 2800 assignata
1329 2762 1369 2793 de

304 2801 336 2832 vi
359 2801 499 2833 coactiva
521 2801 609 2842 legis,
633 2802 794 2841 arguendo
818 2802 870 2835 sic.
895 2803 960 2835 Lex
974 2813 1040 2836 non
1054 2803 1148 2837 habet
1162 2804 1228 2837 vim
1246 2805 1368 2838 directi-

304 2855 378 2875 vam
401 2845 462 2877 nisi
485 2855 522 2878 ex
545 2845 694 2887 principis
714 2852 878 2886 potestate.
902 2847 987 2887 Ergo
1011 2849 1188 2881 secundum
1201 2849 1268 2881 vim
1289 2849 1368 2881 dire-

306 2888 422 2921 ctivam
441 2898 508 2923 non
524 2889 644 2929 obligat
654 2890 841 2931 principem.
851 2908 872 2914 -
881 2893 1095 2932 Assumptum
1106 2899 1214 2932 paren
1229 2893 1306 2934 quia
1320 2904 1374 2936 se(

306 2932 571 2973 clusavpotestate
597 2933 766 2974 principis,
784 2934 926 2968 ,ιεκῃοη
953 2936 1071 2968 estvlex
1091 2936 1154 2969 nisi
1176 2937 1367 2978 aequivoce,

306 2983 342 3007 ut
360 2977 445 3017 leges
469 2977 628 3014 Platonis,
641 2988 723 3018 quae
737 2985 926 3011 ,monstrant
945 2986 1079 3012 tantum.
1095 2998 1114 3003 -
1128 2980 1368 3023 Consequentia

305 3027 352 3053 est
373 3027 466 3052 nota:
485 3021 566 3062 ‘quia
593 3021 702 3054 nullus
725 3032 743 3053 a
765 3022 892 3064 propria
914 3030 1069 3064 potestate
1091 3021 1262 3065 obligatur,
1287 3025 1370 3058 sieut

305 3074 363 3095 nec
386 3064 520 3104 cogitur,
543 3072 580 3096 ut
601 3066 635 3097 in
657 3066 759 3097 littera
782 3065 906 3099 dieitur.
1357 3086 1360 3089 ·

358 3108 400 3139 Et
423 3108 636 3142 confirmatur.
653 3109 739 3147 Quia
752 3108 909 3143 afferenda
922 3118 970 3143 est
985 3121 1079 3144 eausa
1095 3111 1266 3153 obligativa
1279 3114 1365 3154 prin-

304 3152 383 3193 cipis
405 3153 445 3184 ad
468 3153 702 3186 observantiam
724 3163 800 3185 suae
818 3154 904 3195 legis.
921 3155 1014 3188 Deua
1022 3156 1206 3189 immediate
1221 3167 1288 3190 non
1303 3165 1365 3190 est:

303 3195 379 3237 quia
400 3196 528 3228 nullum
552 3204 599 3229 est
620 3198 664 3229 ibi
687 3208 777 3241 opus¹
792 3198 854 3231 Dei
875 3199 1068 3237 immediate,
1092 3207 1128 3232 ut
1146 3207 1243 3242 patet.
1267 3201 1366 3234 Com-

302 3240 442 3273 munitas
461 3241 674 3274 multitudinis
697 3250 764 3275 non
779 3249 839 3275 est:
863 3243 940 3286 quia
953 3244 1094 3277 subiecta
1108 3251 1156 3277 est
1169 3245 1313 3286 principi,
1330 3253 1366 3278 ut

303 3284 514 3326 supponitur;
538 3285 577 3317 de
601 3286 655 3318 tali
678 3286 764 3318 enim
783 3286 926 3328 principe
940 3294 988 3321 est
1000 3298 1119 3326 sermo,
1133 3289 1185 3321 vel
1199 3290 1311 3322 saltem
1326 3291 1365 3322 de

301 3329 370 3369 lege
385 3329 514 3369 propria
532 3330 693 3371 principis,
709 3340 792 3371 quae
807 3340 874 3363 non
889 3330 925 3364 fit
936 3332 1184 3365 amultitudine.
1208 3334 1365 3366 Voluntas

302 3373 432 3413 propria
458 3383 526 3404 non
548 3380 656 3414 pacto,
681 3384 748 3406 non
770 3381 865 3412 voto,
888 3382 954 3407 non
973 3376 1162 3412 iuramento.
1178 3384 1210 3409 et
1232 3379 1366 3410 breviter

302 3424 371 3449 non
391 3423 555 3450 contractu
582 3425 637 3450 aut
659 3418 788 3452 vinculo
815 3429 1022 3462 quocumque
1043 3421 1284 3459 interveniente,
1309 3430 1365 3454 est.

301 3460 388 3500 Ergo.
409 3467 469 3494 etc.
485 3478 507 3485 -
520 3461 739 3495 Confirmatur
756 3463 831 3494 hoc.
846 3463 932 3501 Quia
952 3475 1019 3497 non
1034 3472 1081 3497 est
1099 3465 1205 3498 minus
1219 3466 1317 3498 libera
1332 3467 1363 3498 in

439 3523 552 3552 ,Sumus
570 3523 672 3549 Tuam..
691 3524 722 3549 D.
741 3524 856 3549 Tnouaa
874 3525 907 3550 Τ.
925 3525 968 3551 lv.

1422 1536 1454 1556 se
1478 1527 1623 1558 voluntas
1647 1528 1796 1568 principis
1812 1539 1848 1560 ex
1864 1529 1925 1560 hoc
1941 1531 2029 1570 quod
2049 1531 2206 1571 praecepit
2225 1532 2366 1568 subditis,
2383 1543 2480 1573 quam

1423 1571 1449 1600 si
1472 1581 1537 1601 non
1560 1572 1767 1612 praecepisset
1795 1573 1922 1604 eisdem.
1954 1574 2015 1604 Sed
2037 1575 2087 1604 lex
2109 1575 2188 1605 nihil
2211 1576 2296 1606 aliud
2316 1583 2361 1607 est
2383 1587 2480 1617 quam

1423 1623 1626 1655 praeceptum
1649 1617 1689 1646 ad
1712 1617 1872 1647 subditos:
1897 1617 1972 1658 quia
1989 1625 2035 1648 est
2050 1618 2176 1649 effectus
2192 1620 2354 1659 potestatis
2369 1622 2480 1660 guber-

1424 1659 1564 1696 nativae,
1595 1670 1677 1700 quae
1705 1667 1751 1691 est
1777 1661 1969 1702 principium
1997 1662 2147 1702 dirigendi
2176 1664 2260 1694 aliud
2290 1663 2480 1705 inquantum

1423 1702 1518 1739 aliud,
1536 1710 1571 1734 ut
1594 1711 1679 1743 patet
1700 1704 1733 1734 in
1756 1705 1785 1735 V
1799 1705 1816 1725 *
1840 1712 1869 1736 et
1892 1706 1934 1736 IX
1953 1707 2135 1747 Metaphys.
2151 1707 2185 1726 *³¹³
2208 1708 2303 1748 Ergo.

1478 1747 1530 1778 1V.
1550 1749 1601 1778 Ad
1624 1748 1686 1778 hoc
1709 1748 1856 1787 dubium,
1880 1756 1967 1780 tanto
1991 1750 2146 1781 difficilius
2162 1759 2281 1792 quanto
2297 1753 2398 1783 littera
2413 1754 2480 1784 sola

1423 1792 1606 1823 auctoritate
1622 1792 1798 1823 doctrinam
1810 1793 1896 1824 dedit
1910 1793 2000 1830 hanc,
2014 1794 2128 1825 dicitur
2139 1795 2237 1835 quod,
2251 1806 2325 1826 cum
2336 1797 2480 1837 princeps

1423 1845 1488 1866 non
1512 1835 1693 1867 subiiciatur
1711 1837 1774 1877 legi
1793 1837 1853 1868 nisi
1873 1838 1980 1878 quoad
1995 1838 2110 1875 Deum,
2128 1840 2216 1879 quod
2231 1840 2315 1871 idem
2331 1848 2377 1872 est
2392 1842 2481 1882 quod

1423 1879 1533 1910 subiici
1556 1880 1617 1919 legi
1639 1880 1672 1910 in
1696 1880 1767 1911 foro
1792 1881 2013 1918 conscientiae;
2039 1892 2075 1913 ex
2099 1883 2211 1913 eodem
2229 1884 2322 1915 habet
2344 1885 2410 1915 vim
2432 1886 2481 1916 lex

1424 1923 1583 1963 obligandi
1609 1924 1802 1965 principem,
1827 1926 1912 1957 unde
1941 1926 2034 1957 habet
2063 1927 2129 1957 vim
2158 1927 2317 1967 obligandi
2347 1928 2380 1958 in
2410 1929 2480 1960 foro

1424 1967 1641 1998 conscientiae.
1666 1969 1710 1999 Ut
1732 1976 1839 1999 autem
1861 1969 1893 1999 in
1913 1977 1968 2000 art.
1985 1980 2007 2009 4
2023 1970 2143 2001 dictum
2158 1978 2213 2007 est,
2229 1972 2278 2002 lex
2301 1972 2394 2003 habet
2415 1974 2480 2004 vim

1424 2012 1626 2051 obligativam
1644 2012 1677 2042 in
1693 2012 1764 2043 foro
1789 2013 1997 2045 conscientiae
2018 2015 2056 2045 ab
2073 2022 2195 2046 aeterna
2214 2016 2293 2055 lege,
2309 2027 2327 2046 a
2343 2027 2406 2057 qua
2430 2018 2480 2047 de-

1422 2056 1547 2086 rivatur.
1563 2056 1700 2096 Oportet
1721 2057 1816 2097 igitur
1839 2064 1875 2088 ut
1897 2058 1946 2088 lex
1969 2058 2082 2089 habeat
2098 2059 2164 2089 vim
2181 2060 2384 2099 obligativam
2399 2061 2480 2101 prin-

1424 2100 1500 2140 cipis
1523 2101 1561 2130 ab
1586 2107 1710 2131 aeterna
1732 2101 1810 2141 lege.
1834 2102 1875 2132 Et
1890 2103 2164 2142 quemadmodum
2182 2103 2231 2134 lex
2254 2104 2392 2135 humana
2414 2115 2481 2136 non

1425 2144 1580 2175 derivatur
1603 2145 1641 2174 ab
1660 2152 1784 2176 aeterna
1803 2146 1994 2182 immediate,
2012 2147 2065 2177 sed
2082 2148 2239 2178 mediante
2254 2148 2322 2187 lege
2338 2156 2480 2185 naturae;

1423 2188 1465 2219 ita
1488 2189 1581 2219 habet
1604 2189 1762 2220 mediante
1783 2189 1838 2220 illa
1859 2190 1924 2220 vim
1949 2190 2159 2230 obligativam
2175 2191 2207 2222 in
2231 2192 2301 2223 foro
2322 2193 2481 2223 conscien-

1424 2232 1493 2263 tiae.
1524 2233 1581 2263 Est
1608 2243 1746 2274 namque
1773 2234 1812 2264 de
1840 2234 1908 2264 iure
1935 2241 2063 2265 naturae
2095 2242 2130 2266 ut
2153 2236 2240 2276 quod
2264 2236 2319 2266 tibi
2346 2247 2412 2267 non
2435 2237 2482 2267 vis

1424 2275 1505 2312 fieri,
1530 2277 1618 2307 alteri
1645 2287 1684 2307 ne
1712 2277 1841 2308 feceris:
1867 2284 1897 2308 et
1920 2286 2149 2319 consequenter
2177 2286 2211 2310 ut
2239 2280 2287 2310 ius
2316 2282 2404 2320 quod
2427 2281 2482 2311 tibi

1424 2331 1489 2351 non
1512 2321 1576 2357 vis,
1601 2321 1688 2351 alteri
1715 2331 1781 2352 non
1810 2328 1937 2353 statuas.
1954 2325 2001 2353 Ac
2024 2333 2079 2362 per
2105 2323 2176 2359 hoc,
2200 2334 2274 2354 cum
2297 2325 2368 2365 quis
2396 2325 2482 2355 alteri

1423 2365 1525 2404 legem
1549 2365 1640 2405 ponit
1670 2372 1700 2396 et
1722 2376 1788 2396 non
1816 2366 1888 2402 sibi,
1914 2374 2043 2397 naturae
2070 2367 2119 2398 ius
2142 2367 2248 2398 violat.
2278 2368 2365 2399 Sicut
2389 2369 2482 2399 exiam

1424 2409 1567 2439 subditus
1585 2409 1771 2440 inobediens
1786 2410 1936 2450 principis
1951 2411 2022 2451 legi,
2039 2418 2168 2442 naturae
2184 2412 2243 2448 ius,
2261 2412 2380 2443 dictans
2395 2413 2483 2454 quod

1424 2453 1513 2484 iustis
1537 2453 1576 2483 ad
1599 2463 1771 2485 commune
1794 2454 1918 2485 bonum
1940 2455 1979 2485 ab
2002 2455 2135 2486 habente
2156 2462 2344 2495 potestatem
2361 2457 2482 2487 statutis

1424 2498 1600 2537 parendum
1624 2505 1684 2534 est,
1708 2498 1822 2534 violat,
1846 2499 1883 2529 ab
1908 2505 2032 2530 aeterna
2059 2500 2126 2540 lege
2149 2500 2214 2530 vim
2241 2500 2399 2531 humanae
2421 2501 2481 2540 legi

1424 2541 1573 2572 tribuens.
1603 2542 1644 2572 Et
1670 2541 1751 2573 hanc
1772 2542 1939 2579 rationem,
1968 2545 2074 2583 quoad
2099 2544 2234 2584 primam
2261 2544 2328 2575 eius
2351 2552 2480 2584 partem,

1425 2588 1545 2616 Auctor
1566 2586 1600 2616 in
1621 2586 1723 2616 littera
1746 2587 1804 2616 sub
1828 2587 2012 2618 auctoritate
2037 2588 2166 2618 canonis
2189 2588 2319 2619 induxit.

1482 2630 1519 2661 V.
1540 2630 1587 2660 Ex
1610 2630 1668 2660 hac
1692 2636 1799 2661 autem
1822 2630 1935 2669 radice,
1959 2632 2048 2672 quod
2071 2632 2187 2663 scilicet
2210 2632 2259 2662 lex
2281 2633 2419 2663 humana
2435 2639 2480 2663 est

1426 2674 1594 2714 obligativa
1615 2674 1648 2704 in
1671 2673 1742 2704 foro
1767 2675 1976 2706 conscientiae
1999 2683 2029 2706 et
2052 2676 2200 2716 principis
2227 2683 2257 2706 et
2283 2676 2480 2706 subditorum

1427 2728 1463 2748 ex
1486 2719 1554 2757 lege
1578 2725 1700 2748 aeterna
1721 2718 1827 2748 medio
1846 2719 1914 2750 iure
1930 2726 2068 2756 naturae,
2086 2720 2229 2759 provenit
2244 2720 2341 2760 quod,
2359 2730 2431 2750 cum
2447 2720 2479 2750 in

1423 2763 1492 2802 lege
1507 2762 1569 2793 sint
1584 2763 1663 2792 duae
1679 2762 1769 2798 vires,
1783 2762 1899 2793 scilicet
1913 2763 2059 2794 directiva
2073 2771 2102 2794 et
2118 2764 2269 2799 coactiva;
2291 2770 2321 2794 et
2332 2764 2412 2794 inter
2426 2774 2476 2794 eas

1427 2806 1467 2837 sit
1489 2806 1594 2836 habita
1613 2806 1757 2846 superius
1781 2817 1818 2838 ex
1836 2814 1891 2838 art.
1910 2817 1938 2843 2,
1956 2817 2010 2848 qu.
2027 2818 2098 2844 XCII,
2116 2807 2284 2838 differentia
2300 2808 2368 2838 talis
2391 2808 2479 2848 quod

1424 2850 1470 2881 vis
1487 2850 1633 2881 directiva
1650 2850 1774 2890 respicit
1789 2851 1875 2891 ipsos
1893 2858 1979 2882 actus
1994 2851 2095 2882 licitos
2111 2852 2161 2881 vel
2176 2851 2300 2881 illicitos
2317 2858 2371 2882 aut
2387 2851 2479 2882 indif—

1423 2894 1572 2930 ferentes,
1596 2894 1735 2925 coactiva
1751 2901 1857 2926 autern
1881 2905 2018 2935 poenam
2041 2895 2232 2926 inductivam
2250 2895 2289 2924 ad
2313 2896 2479 2926 observan-

1422 2938 1499 2969 tiam
1517 2939 1608 2978 legis:
1630 2956 1650 2960 —
1661 2939 1817 2978 provenit,
1835 2939 1977 2980 inquam,
1995 2939 2108 2979 primo,
2126 2939 2213 2979 quod
2239 2938 2286 2968 vis
2310 2939 2478 2979 obligativa

1422 2982 1581 3013 humanae
1596 2982 1673 3022 legis
1689 2983 1722 3014 in
1736 2983 1807 3014 foro
1823 2983 2038 3018 conscientiae,
2055 2983 2094 3013 ad
2109 2983 2173 3013 vim
2190 2982 2370 3013 directivam
2385 2983 2477 3023 legis;

1423 3026 1606 3067 impositiva
1624 3033 1731 3057 autem
1746 3037 1878 3067 poenae,
1895 3027 1934 3057 ad
1949 3027 2014 3057 vim
2031 3026 2203 3057 coactivam
2225 3026 2302 3066 legis
2325 3034 2454 3066 spectat.

1478 3070 1627 3102 Provenit
1649 3071 1788 3101 secundo
1808 3071 1906 3111 quod,
1923 3070 1995 3101 licet
2018 3077 2149 3111 utraque
2169 3070 2225 3106 vis,
2252 3070 2398 3101 directiva
2421 3071 2478 3102 sci-

1421 3115 1494 3146 licet
1517 3121 1548 3145 et
1571 3114 1723 3150 coactiva,
1748 3125 1842 3154 super
1865 3121 2018 3154 potestate
2041 3114 2190 3154 principis
2213 3114 2378 3151 fundetur,
2403 3115 2479 3155 quia

1421 3165 1533 3190 neutra
1558 3158 1604 3188 vis
1627 3158 1660 3188 in
1684 3168 1744 3188 suo
1766 3159 1881 3189 robore
1905 3165 1951 3188 est
1974 3158 2032 3188 nisi
2056 3159 2094 3188 ab
2113 3158 2247 3188 habente
2269 3164 2476 3198 potestatem,

1422 3202 1568 3233 differunt
1596 3209 1700 3232 tamen
1729 3202 1868 3232 multum
1896 3202 2003 3242 quoad
2031 3209 2147 3233 actum.
2165 3202 2248 3239 Quia
2270 3202 2317 3233 vis
2340 3203 2479 3234 coacn'va

1421 3253 1527 3278 actum
1550 3256 1664 3281 suum,
1689 3245 1744 3286 qui
1767 3253 1813 3276 est
1837 3255 1947 3285 cogere
1971 3255 2006 3276 ac
2028 3245 2141 3286 punire
2163 3245 2308 3282 invitum,
2332 3256 2399 3277 non
2422 3257 2479 3287 po-

1421 3298 1480 3322 test
1503 3299 1642 3320 exercere
1665 3289 1725 3320 nisi
1748 3290 1815 3320 sola
1839 3296 1992 3330 potestate
2015 3289 2181 3330 principis:
2206 3300 2302 3320 nemo
2321 3290 2406 3321 enim
2421 3301 2478 3331 po-

1420 3341 1480 3365 test
1503 3334 1641 3374 aliquem
1665 3333 1777 3373 punire
1800 3333 1934 3364 invitum
1956 3333 2015 3363 nisi
2034 3333 2184 3374 principis
2206 3334 2399 3366 auctoritate.
2423 3335 2478 3366 Vis

1420 3385 1528 3409 autem
1550 3377 1696 3408 directiva
1719 3384 1825 3408 actum
1848 3387 1959 3414 suurn,
1983 3377 2039 3418 qui
2062 3384 2108 3408 est
2131 3377 2275 3418 dirigere,
2300 3385 2420 3409 exercet
2442 3389 2478 3409 ex

1420 3429 1562 3453 aeternae
1584 3421 1661 3461 legis
1685 3421 1877 3458 auctoritate,
1898 3431 1934 3452 ex
1957 3431 2023 3462 quo
2047 3422 2144 3452 semel
2167 3422 2205 3452 ab
2229 3422 2368 3453 humana
2391 3430 2478 3462 pote-

1420 3473 1496 3497 state
1520 3466 1569 3496 lex
1588 3472 1634 3496 est
1649 3465 1785 3496 condita.
1808 3466 1848 3497 Et
1864 3465 1939 3506 quia
1955 3465 2067 3496 frustra
2087 3473 2133 3497 est
2153 3466 2293 3506 potentia
2309 3476 2390 3506 quae
2411 3476 2476 3497 non

2305 3534 2337 3557 24

2509 233 2518 242 ·
2532 232 2599 255 Vers.
2614 234 2638 256 6.

2512 260 2531 269 ·”
2547 259 2604 281 Ord.
2615 260 2721 283 Cassiod.

2607 297 2622 320 ’l

2507 552 2629 584 ‘'Dionys.
2648 552 2719 575 Cato-

2510 585 2545 600 nis
2568 579 2665 601 Dutich.
2689 579 2719 601 de

2508 605 2612 627 Moribus
2627 606 2660 627 ad
2677 606 2718 627 Fi-

2507 631 2579 658 lium,
2606 635 2718 654 sentent.

2508 658 2622 685 prelimin.
2637 664 2686 679 uu.

2508 817 2516 826 ”
2531 816 2598 838 Vers.
2612 822 2632 845 3,
2647 823 2670 843 4.

2505 1715 2515 1726 “
2525 1714 2656 1736 S.Th.lect.
2665 1721 2713 1737 xiv.

2507 1752 2517 1756 -
2527 1741 2579 1762 nid.
2589 1741 2628 1762 nb.
2639 1741 2680 1767 1v,
2695 1747 2716 1763 c.

2506 1773 2650 1815 §.ugni-1:52,
2666 1774 2692 1789 u.

2506 1809 2559 1867 mall
2574 1798 2716 1874 131b'.te¹ii'1,¹'‹:'.

2507 1854 2522 1873 ι,
2556 1862 2561 1868 .
2590 1863 2595 1868 .
