2840 4010
920 176 1185 223 QUAEST10
1216 177 1428 223 Lxxxm,
1455 175 1750 214 ART1cULUS
1780 176 1811 212 11

280 255 432 303 culpae,
468 266 567 295 caro,
585 262 712 292 autem
742 255 790 292 de
813 267 855 292 se
883 267 961 292 non
993 256 1131 293 habeat
1163 255 1267 303 quod
1296 254 1341 290 sit

280 307 495 348 subiectum
511 308 667 356 culpae,
681 308 865 358 quidquid
881 307 1056 356 provenit
1072 307 1119 344 de
1133 306 1341 354 corruptio-

283 371 332 401 ne
346 358 463 408 'primi
481 360 625 408 peccati
645 361 694 398 ad
713 361 893 407 animam,
918 361 1033 397 habet
1061 359 1245 399 rationem
1267 359 1341 394 cul-

278 424 373 461 pau
401 413 507 462 quod
534 420 662 451 autem
681 413 858 462 provenit
875 413 925 450 ad
944 423 1110 470 carnem,
1131 422 1207 447 non
1228 410 1343 446 habet

282 465 470 506 rationem
491 466 635 514 culpae,
656 466 723 504 sed
743 477 904 514 poenae.
920 464 989 502 Sic
1007 463 1115 511 igitur
1133 462 1259 500 anima
1288 470 1343 498 est

284 517 497 555 subiectum
525 518 671 567 peccati
694 517 896 564 originalis,
925 527 1003 553 non
1031 522 1160 552 autem
1188 527 1287 551 caro.

337 572 396 610 AD
425 581 562 608 ramum
588 581 687 612 aneo
705 580 889 611 monimum
918 569 1034 616 quod,
1054 568 1150 604 sicut
1168 566 1343 614 Augusti-

241 636 256 651 1·
284 635 357 661 nus
385 622 474 665 dicit
499 623 543 660 in
566 622 678 661 libro
687 623 854 663 Betraet.
879 619 1154 668 *‚Apost01us
1181 619 1344 667 loquitur

282 675 412 719 ibizde
439 673 937 721 homine-iam-redempto,
965 673 1031 720 qui
1049 670 1226 713 liberatus
1247 678 1304 713 est
1321 684 1344 708 a

124 761 128 765 .
170 759 171 762 ,
200 762 203 764 .
245 748 248 751 ·
282 728 408 777 αιιΙΡει,
437 728 509 770 sed
532 726 701 768 subiacet
727 734 887 774 poenae,
917 725 1060 762 ratione
1086 725 1192 766 cuius
1211 736 1343 773 pecca-

44 787 140 836 cog-a
139 794 187 816 ι-τε
210 788 259 810 Sed
285 787 366 817 tum
387 780 520 817 dicitur
538 779 707 816 habitare
726 778 762 815 in
783 788 899 815 carne
916 777 948 816 ⁹¹⁶.
979 778 1089 816 Unde
1110 789 1154 815 ex
1172 778 1247 817 hoc
1266 788 1344 815 non

285 832 463 882 sequitur
472 831 689 880 qaodcaro
709 830 756 868 sit
775 831 987 869 subiectum
1017 831 1160 879 culpae,
1189 829 1258 867 sed
1285 841 1344 866 so-

283 886 378 930 lum
390 896 553 941 ppenae.

338 939 397 973 Αι)
412 938 602 973 s'ECtmDUM
621 947 804 973 mcannun
823 936 927 985 quod
946 942 1144 984 peccatum
1166 933 1345 981 originale

287 996 460 1026 causatur
479 1001 524 1025 ex
548 989 692 1025 semine
722 988 816 1025 sicut
845 1001 889 1024 ex
919 1000 1032 1024 causa
1060 986 1344 1024 instrumentali.

285 1041 534 1091 Nonrautem
564 1049 712 1090 oportet
740 1041 845 1089 quod
873 1040 1014 1089 aliquid
1043 1041 1088 1076 sit
1105 1039 1345 1088 principalius

280 1093 324 1131 'in
353 1098 468 1131 causa
495 1093 768 1131 instrumentali
795 1106 912 1143 quarn
942 1093 978 1130 in
1008 1091 1161 1135 effectu,
1191 1091 1259 1129 sed
1287 1104 1346 1129 so-

285 1147 365 1183 lum
394 1147 431 1183 in
460 1159 574 1183 causa
601 1146 807 1195 principali.
837 1147 887 1183 Et
914 1146 988 1183 hoc
1008 1145 1126 1182 modo
1146 1152 1344 1193 peccatum

286 1199 467 1247 originale
494 1198 632 1259 potiori
660 1201 779 1236 modo
808 1199 876 1235 fuit
899 1199 936 1235 in
955 1198 1094 1256 Adam,
1115 1197 1153 1234 in
1173 1209 1250 1245 quo
1279 1197 1347 1233 fuit

244 1293 258 1295 -
287 1252 506 1296 secundum
527 1251 714 1288 rationem
743 1251 896 1289 actualis
923 1250 1079 1301 peccati.

46 633 56 642 ·
66 631 119 653 Lib.
128 631 146 658 1,
160 636 180 652 c.
193 636 238 651 xxv

2380 186 2445 212 101

1394 255 1536 302 porale,
1557 254 1662 302 quod
1682 266 1726 290 ex
1743 253 1871 294 Adam
1891 253 2106 300 traducitur,
2132 266 2201 291 sua
2219 253 2353 291 virtute
2373 265 2451 291 non

1396 306 1509 343 efficit
1537 305 1715 344 animam
1733 306 1968 353 rationalem,
1998 306 2066 344 sed
2094 306 2142 344 ad
2170 318 2255 344 eam
2275 305 2449 354 disponit.

1448 362 1506 395 AD
1535 371 1707 401 QUARTUM
1727 371 1918 399 ‚mammon
1945 359 2050 408 quod
2082 358 2233 397 infectio
2262 358 2452 406 originalis

1395 411 1539 458 peccati
1566 412 1668 448 nullo
1699 411 1817 449 modo
1846 419 2020 449 causatur
2038 413 2175 458 aDeo,
2205 411 2273 450 sed
2301 423 2346 447 ex
2369 411 2450 447 solo

1397 471 1552 510 peccato
1581 464 1693 512 primi
1720 465 1885 512 parentis
1908 477 1977 514 per
1995 465 2184 503 carnalem
2202 469 2214 486 ⁸
2243 463 2451 511 generatio-

1368 538 1370 540 -
1397 527 1498 552 nem.
1533 517 1581 552 Et
1608 517 1707 563 ideo,
1737 529 1824 554 cum
1859 517 1996 554 creatio
2028 517 2206 566 importet
2237 524 2451 565 respectum

1397 567 1546 604 animae
1579 570 1627 606 ad
1659 570 1783 606 solum
1816 571 1962 616 Deum,
1992 582 2070 607 non
2097 577 2222 618 potest
2249 569 2320 607 dici
2348 568 2451 618 quod

1397 619 1522 656 anima
1550 633 1595 657 ex
1624 633 1691 657 sua
1718 622 1906 659 creatione
1934 622 2200 670 inquinetur.-
2218 621 2294 659 Sed
2313 621 2450 659 infusio

1398 671 1575 720 importat
1604 681 1815 721 respectum
1837 682 1871 710 et
1891 675 1939 710 ad
1966 676 2092 711 Deum
2114 674 2387 721 infundentem,
2417 681 2454 711 et

1397 724 1446 760 ad
1466 735 1618 762 carnem
1647 725 1707 762 cui
1733 726 1936 763 infunditur
1961 727 2097 764 anima.
2128 728 2177 764 Et
2195 727 2295 774 ideo,
2323 725 2451 764 habito

1399 785 1571 824 respectu
1595 777 1644 815 ad
1672 778 1798 815 Deum
1823 778 2096 826 infundentem,
2126 791 2203 817 non
2230 787 2354 828 potest
2380 778 2453 816 diei

1398 829 1503 877 quod
1532 829 1656 866 anima
1687 840 1755 878 per
1787 830 2014 869 infusionem
2043 833 2267 878 maculetur;
2298 831 2365 869 sed
2393 843 2452 868 so-

1398 882 1476 918 lum
1506 882 1635 919 habito
1664 891 1836 931 respectu
1864 884 1910 921 ad
1940 896 2076 932 corpus
2105 884 2163 920 cui
2190 884 2406 922 infunditur.

1451 936 1511 970 AD
1540 946 1700 977 Qumwm
1729 947 1911 973 morannum
1939 938 2043 985 quod
2072 937 2218 974 bonum
2246 948 2451 974 commune

1398 987 1606 1035 praefertur
1625 988 1728 1023 bono
1751 987 1938 1035 singulari.
1968 989 2077 1025 Unde
2104 990 2220 1035 Deus,
2242 989 2452 1025 secundum

1399 1051 1509 1075 suam
1538 1039 1780 1088 sapientiam,
1811 1053 1888 1077 non
1915 1041 2173 1090 praetermittit
2199 1041 2452 1078 universalem

1399 1092 1574 1129 ordinem
1602 1105 1741 1139 rerum,
1765 1093 1827 1141 qui
1857 1101 1911 1129 est
1938 1101 1980 1130 ut
2006 1093 2068 1130 tali
2097 1093 2246 1142 corpori
2268 1094 2349 1130 talis
2377 1094 2454 1130 ani-

1399 1156 1463 1181 ma
1492 1145 1717 1192 infundatur,
1739 1153 1780 1182 ut
1798 1145 1935 1182 vitetur
1954 1146 2149 1194 singularis
2173 1146 2322 1183 infectio
2342 1146 2453 1182 huius

1399 1198 1567 1234 animae:
1595 1198 1814 1246 praesertim
1845 1211 1931 1234 cum
1962 1207 2094 1236 natura
2114 1199 2261 1235 animae
2291 1199 2364 1235 hoc
2388 1199 2453 1235 ha-

1399 1250 1497 1296 beat,
1526 1258 1567 1286 ut
1595 1263 1676 1287 esse
1705 1263 1782 1287 non
1811 1251 1962 1299 incipiat
1989 1251 2058 1288 nisi
2086 1252 2124 1288 in
2149 1261 2319 1301 corpore,
2347 1259 2388 1288 ut
2416 1251 2454 1288 in

284 1302 311 1318 ³
314 1304 398 1359 “Ap
421 1314 583 1342 τΕιιτιυΜ
604 1316 788 1342 mCENDUM
813 1304 917 1353 quod
942 1303 1069 1343 anima
1087 1301 1199 1339 huius
1222 1301 1345 1341 homi—
1400 1303 1530 1340 Primo
1550 1303 1571 1324 ’¹‘
1588 1303 1759 1341 habitum
1774 1310 1845 1341 est.
1870 1303 2006 1341 Melius
2026 1311 2082 1341 est
2101 1311 2227 1343 autem
2248 1304 2281 1341 ei
2299 1303 2453 1344 sicvesse
2481 1312 2573 1339 'Qu-x
2606 1316 2647 1334 art.
2662 1320 2677 1339 4

85 1393 178 1410 nm,
204 1394 228 1406 1,
285 1357 344 1398 nis
377 1369 455 1404 non
487 1357 554 1395 fuit
586 1357 796 1395 secundum
830 1355 1052 1402 seminalem
1087 1354 1272 1392 rationem
1308 1354 1345 1391 in
1401 1356 1610 1392 secundum
1628 1363 1813 1402 naturam,
1835 1368 1952 1403 quarn
1972 1358 2074 1395 nullo
2095 1358 2212 1395 modo
2229 1368 2453 1405 essezprae-
2481 1344 2579 1366 ‘'¹¹³³'OE
2601 1343 2679 1367 ’πη

284 1402 415 1454 Adam
443 1405 628 1459 peccante
655 1410 750 1447 sicut
777 1410 815 1446 in
842 1408 1027 1458 principio
1055 1408 1249 1454 effectivo,
1279 1408 1345 1445 sed
1400 1408 1527 1444 sertim
1555 1421 1642 1446 cum
1661 1409 1779 1457 possit
1796 1421 1865 1457 per
1884 1410 2038 1456 gratiam
2064 1409 2346 1447 damnationem
2367 1421 2454 1446 eva-

283 1461 390 1500 vstetit
394 1461 440 1499 in
457 1462 642 1511 principio
662 1462 900 1511 dispositive:
922 1474 969 1499 eo
990 1456 1095 1523 quod
1112 1472 1246 1497 semen
1267 1472 1347 1497 cor·
1402 1461 1501 1497 dere.

285 1523 362 1542 :7232
370 1524 397 1539 -11

284 1566 363 1630 fl)
381 1572 527 1603 bar-nalem.
545 1590 563 1594 -
581 1576 746 1608 corporalem
765 1575 819 1601 EF.

961 1637 1292 1671 commem-,ana
1315 1636 1563 1670 Cardinalis
1585 1636 1784 1669 Caietam·

287 1711 338 1783 Iit
357 1708 490 1740 articulo
505 1708 610 1749 primo
626 1707 820 1749 quaestionis
837 1707 1166 1748 octogesimaetertiae‚
1182 1707 1223 1739 ad
1238 1717 1348 1738 secun·
1401 1707 1550 1757 originale
1573 1708 1612 1738 ab
1634 1708 1740 1738 Adam
1767 1715 1874 1747 negat,
1899 1718 1938 1738 eo
1961 1709 2049 1748 quod
2071 1708 2105 1738 in
2128 1718 2166 1738 eo
2191 1718 2256 1738 non
2285 1707 2378 1738 fuerit
2401 1717 2456 1747 per

54 1768 120 1793 -04,
147 1775 180 1787 ..a
315 1744 414 1794 dum,
438 1753 564 1784 adverte
586 1752 676 1795 quod
698 1759 864 1792 peccatum
883 1751 1042 1792 originale
1057 1751 1089 1786 in
1110 1752 1215 1783 Adam
1239 1751 1298 1782 fuit
1318 1758 1348 1782 et
1401 1761 1568 1791 originem:
1585 1752 1706 1782 modus⁴
1721 1752 1806 1782 enim
1825 1762 1890 1792 quo
1909 1751 1943 1782 fit
1962 1759 2125 1792 peccatum
2145 1752 2304 1791 originale,
2325 1761 2391 1782 non
2410 1759 2455 1782 est

286 1795 419 1835 actuale,
442 1803 473 1828 et
492 1795 643 1841 originale
662 1795 848 1826 formaliter:
874 1806 948 1826 nam
962 1795 1066 1828 Adam
1080 1794 1222 1837 peccavit
1235 1795 1347 1826 actuali
1402 1796 1439 1825 de
1456 1795 1597 1832 essentia,
1615 1795 1695 1826 sicut
1711 1805 1768 1826 nec
1783 1796 1891 1836 ipsum
1905 1795 1984 1832 fieri;
2002 1796 2076 1836 quia
2091 1806 2157 1826 non
2174 1796 2316 1827 consistit
2330 1796 2363 1825 in
2378 1795 2454 1832 fieri,

286 1820 450 1871 aizersion'e
463 1836 636 1876 voluntatis
652 1843 670 1870 a
685 1840 769 1876 Deo;
791 1847 820 1871 et
834 1840 954 1880 privata
970 1846 1016 1871 est
1031 1846 1141 1871 natura
1157 1849 1213 1871 sua
1229 1839 1261 1870 in
1278 1839 1347 1879 ipso
1401 1839 1481 1870 sicut
1504 1846 1668 1879 peccatum
1692 1840 1823 1876 actuale,
1848 1840 1902 1870 sed
1925 1840 1957 1870 in
1982 1849 2058 1876 esse,
2082 1840 2162 1870 sicut
2184 1839 2318 1870 habitus.
2342 1839 2455 1870 Dicen-

286 1880 375 1924 ‘dono
394 1882 534 1930 iustitiae
557 1882 716 1924 originalis
739 1884 861 1914 debitae
878 1884 945 1920 sibi,
962 1894 1036 1917 cum
1054 1883 1287 1915 inordinatione
1304 1883 1347 1913 vi·
1402 1883 1479 1913 dum
1503 1893 1576 1923 ergo
1601 1890 1647 1914 est
1669 1884 1758 1924 quod
1771 1883 1806 1914 in
1821 1884 1924 1915 Adam
1948 1883 2008 1914 fuit
2031 1883 2129 1924 peiori
2153 1884 2252 1914 modo
2273 1883 2454 1920 inductum,
2483 1907 2490 1913 .
2526 1905 2575 1926 rius
2588 1911 2601 1926 Ρ
2650 1905 2671 1926 'u

286 1926 380 1982 rium,
397 1935 455 1969 etc.
480 1922 573 1959 Unde
589 1927 695 1960 minus
714 1934 851 1959 correcte
865 1927 956 1968 loqui
971 1927 1094 1960 videtur
1109 1927 1164 1968 qui
1183 1933 1348 1968 peccatum
1402 1934 1431 1958 et
1454 1927 1585 1968 peius*:
1610 1927 1685 1968 quia
1709 1937 1764 1968 per
1786 1934 1892 1963 actum
1915 1927 2090 1967 proprium,
2115 1934 2144 1958 et
2165 1927 2198 1958 in
2222 1934 2292 1958 actu
2314 1926 2455 1967 proprio.
2484 1911 2524 1952 edi-⁷
2534 1937 2585 1957 1314-
2608 1921 2613 1931 ’
2631 1911 2647 1932 ¹⁷

626 2166 782 2199 UTRUM
805 2165 1044 2197 PECCATUM
1066 2164 1300 2196 ORIGINALE
1325 2165 1390 2195 SIT
1413 2165 1496 2195 PER
1518 2165 1639 2195 PRIUS
1663 2164 1706 2195 ΙΝ
1729 2163 1934 2195 ESSENTIA
1958 2164 2122 2195 ANlMAE

1150 2209 1277 2268 QUAM
1301 2209 1343 2239 IN
1366 2208 1595 2242 POTENTHS

534 2287 554 2313 ΙΙ
575 2287 657 2315 sent..
677 2288 736 2313 dist.
750 2295 820 2317 xxxI
839 2295 883 2321 qu
897 2295 928 2319 11,
948 2292 1041 2318 art-15
1061 2287 1103 2313 De
1127 2287 1215 2317 Verit
1222 2295 1280 2321 qu.
1294 2295 1349 2317 xxv,
1369 2292 1415 2312 art.
1430 2287 1458 2318 6;
1479 2295 1522 2319 qu.
1537 2294 1617 2318 xxv11,
1638 2292 1684 2312 art.
1698 2286 1722 2316 6,
1742 2287 1773 2311 ad
1795 2294 1820 2318 23
1842 2287 1882 2311 De
1901 2286 1983 2316 Malo,
2004 2294 2048 2318 qu.
2063 2294 2095 2317 iv,
2116 2291 2161 2311 art.
2175 2294 2201 2317 4.

326 2384 333 2395 ι
341 2385 383 2425 ἢ,
406 2385 488 2430 ‘m'
501 2379 524 2404 D
540 2377 729 2406 SECUNDUM
746 2378 799 2403 sm
817 2377 1056 2404 moenum-m.
1071 2359 1229 2410 Videtur
1243 2365 1349 2414 quod
1403 2365 1544 2403 scentia
1564 2373 1619 2402 est
1637 2365 1676 2402 in
1694 2364 1870 2413 potentiis
1894 2348 2055 2403 animae.
2082 2365 2186 2412 Ergo
2208 2372 2243 2402 et
2261 2371 2457 2412 peecatum

317 2413 478 2512 §.5¹22
502 2426 701 2468 peccatum
731 2418 910 2478 originale
935 2431 1016 2456 non
1035 2418 1080 2456 sit
1097 2431 1167 2467 per
1190 2418 1291 2477 prius
1311 2418 1349 2455 in
1404 2418 1594 2466 originale.

310 2476 311 2479 ’
327 2474 354 2505 J
351 2488 428 2519 pr
444 2478 471 2513 'r'
485 2470 664 2510 essentia
683 2471 833 2508 animae
853 2484 969 2520 quam
987 2471 1027 2508 in
1044 2471 1235 2520 potentiis.
1259 2471 1350 2508 Ani·
1457 2472 1531 2508 SED
1552 2482 1697 2507 coum
1715 2482 1781 2508 EST
1795 2471 1900 2518 quod
1921 2477 2116 2519 peccatum
2133 2470 2312 2517 originale
2329 2470 2459 2506 dicitur

310 2509 389 2562 2³1²&ss
392 2504 492 2561 «AR
504 2537 568 2562 ma
583 2525 686 2562 enim
701 2532 788 2561 nata
809 2532 865 2561 est
885 2537 966 2561 esse
986 2522 1198 2569 subiectum
1218 2536 1351 2573 pecca·
1404 2537 1486 2561 esse
1519 2530 1718 2572 peccatum
1752 2524 1940 2571 naturale,
1969 2530 2010 2561 ut
2037 2534 2151 2572 supra
2169 2522 2190 2544 ²¹⁸
2217 2522 2358 2560 dictum
2392 2529 2456 2558 est.
2487 2529 2693 2577 ''Qu-unuan-

287 2578 332 2629 ti,
353 2585 540 2626 quantum
556 2578 605 2615 ad
620 2578 658 2614 id
674 2578 778 2626 quod
793 2584 918 2625 potest
937 2589 958 2613 a
977 2578 1171 2614 voluntate
1189 2577 1348 2614 moveri.

290 2629 369 2683 Sed
397 2630 524 2673 anima
552 2642 634 2675 non
658 2638 837 2669 movetur
866 2642 888 2667 a
914 2631 1109 2670 voluntate
1138 2631 1350 2669 secundum

289 2678 400 2730 stiam
429 2682 644 2730 essentiam,
672 2683 741 2720 sed
769 2684 894 2721 solum
921 2683 1132 2724 secundum
1150 2684 1349 2732 potentias.

290 2736 393 2783 Ergo
412 2743 612 2784 peccatum
626 2735 812 2783 originale
834 2748 914 2772 non
934 2743 989 2772 est
1007 2736 1046 2772 in
1065 2736 1194 2778 anima
1216 2748 1351 2773 seeun-

290 2789 385 2826 dum
413 2800 522 2836 suam
545 2789 767 2835 essemiam,
796 2788 863 2825 sed
891 2789 1015 2825 solum
1044 2789 1254 2826 secundum
1283 2801 1351 2839 po—

290 2840 437 2880 tentias.

345 2905 380 2930 2.
415 2888 656 2941 PRAETEaEA,
691 2900 892 2942 peccatum
930 2893 1107 2941 originale
1145 2894 1351 2944 opponitur

290 2946 460 2994 originali
493 2946 664 2987 iustitiae.
695 2947 772 2986 Sed
806 2946 994 2994 originalis
1030 2947 1166 2989 iustitia
1202 2955 1283 2987 erat
1314 2947 1351 2984 in

291 2998 418 3047 aliqua
445 2997 614 3047 potentia
642 2999 805 3046 animae,
834 3012 932 3048 quae
957 3007 1018 3036 est·
1040 3000 1252 3037 subiectum
1270 3000 1351 3037 vir-

290 3051 389 3088 tutis.
429 3052 531 3102 Ergo
569 3059 605 3088 et
633 3059 832 3100 peccatum
867 3052 1047 3099 originale
1076 3061 1132 3090 est
1165 3053 1285 3100 magis
1314 3053 1351 3089 in

290 3104 458 3153 potentia
486 3104 636 3140 animae
666 3116 782 3152 quam
809 3105 848 3141 in
876 3105 956 3141 eius
986 3105 1156 3141 essentia.

347 3159 380 3194 3.
402 3158 635 3203 PRAETEREA,
655 3157 750 3193 sicut
769 3169 791 3193 a
811 3169 923 3193 carne
945 3166 1144 3205 peccatum
1174 3157 1352 3205 originale

292 3210 484 3247 derivatur
502 3210 550 3246 ad
569 3209 750 3256 animam,
771 3209 821 3246 ita
840 3209 888 3246 ab
908 3210 1070 3246 essentia
1088 3210 1236 3246 animae
1257 3211 1353 3247 deri-

291 3270 402 3299 vatur
420 3264 469 3300 ad
488 3262 686 3311 potentias.
717 3263 794 3299 Sed
815 3270 1015 3310 peccatum
1035 3262 1212 3309 originale
1233 3263 1353 3310 magis

293 3323 349 3352 est
376 3315 414 3352 in
443 3315 569 3352 anima
597 3327 713 3364 quam
743 3314 781 3351 in
809 3327 932 3351 carne.
963 3315 1064 3362 Ergo
1094 3315 1207 3352 etiarn
1230 3315 1352 3362 magis

293 3375 348 3405 est
374 3368 413 3405 in
442 3367 617 3416 potentiis
646 3367 797 3404 animae
825 3379 940 3416 quarn
968 3367 1006 3403 in
1035 3367 1205 3404 essentia.

345 3433 382 3467 4.
412 3422 645 3467 PRAETEREA,
676 3427 874 3469 peccatum
904 3419 1081 3467 originale
1111 3419 1243 3456 dieitur
1272 3431 1352 3455 esse

52 3464 264 3519 {9¹²'²¹¹¹¹¹'⁸“'
293 3474 618 3522 concupiscentia,
656 3481 698 3510 ut
735 3473 877 3510 dictum
915 3480 970 3509 est
998 3472 1030 3509 *.
1066 3473 1142 3509 Sed
1176 3471 1353 3520 concupi-

1404 2577 1543 2617 Anima
1563 2583 1689 2618 autem
1710 2583 1766 2618 est.
1784 2576 1908 2621 forma
1928 2583 1964 2614 et
1982 2583 2115 2617 natura
2135 2575 2303 2623 corporis
2326 2587 2457 2612 secun·
2496 2572 2502 2577 '

1405 2631 1496 2667 dum
1525 2628 1727 2667 essentiam
1758 2641 1891 2675 suam,
1914 2637 1957 2666 »et
1984 2641 2063 2665 non
2090 2630 2300 2666 secundum
2328 2635 2458 2675 poten·

1404 2683 1484 2728 tias,
1513 2690 1554 2719 ut
1580 2682 1619 2719 in
1647 2682 1778 2720 Primo
1795 2681 1815 2704 ’¹‘
1840 2681 2015 2719 habitum
2043 2688 2108 2718 est.
2139 2682 2239 2728 Ergo
2259 2680 2385 2716 anima
2405 2687 2460 2716 est

1405 2736 1615 2772 subiectum
1627 2734 1814 2782 originalis
1828 2734 1972 2783 peccati
1985 2733 2235 2782 principaliter
2250 2732 2458 2769 secundum

1405 2801 1513 2826 suam
1543 2787 1756 2828 essentiam.

1458 2843 1681 2878 RESPONDEO
1697 2851 1880 2881 mcENnum
1899 2839 2004 2888 quod
2023 2838 2113 2876 illud
2128 2838 2275 2875 animae
2293 2844 2348 2875 est
2361 2836 2460 2886 prin-

1406 2894 1570 2943 cipaliter
1588 2893 1801 2931 subiectum
1829 2891 1984 2929 alicuius
2003 2891 2156 2939 peccati,
2186 2890 2235 2927 ad
2259 2890 2363 2937 quod
2387 2889 2461 2938 pri-

1405 2960 1470 2985 mo
1498 2946 1658 2995 pertinet
1686 2957 1801 2983 causa
1829 2944 1973 2982 motiva
2001 2944 2094 2980 illius
2119 2943 2282 2991 peccati.
2312 2942 2407 2979 sicut
2430 2942 2461 2978 si

1406 3012 1519 3036 causa
1537 2999 1682 3036 motiva
1702 2999 1751 3035 ad
1769 2997 2006 3046 peccandum
2027 2996 2072 3032 sit
2100 2995 2295 3032 delectatio
2316 3006 2460 3042 sensus,

1406 3065 1502 3101 quae
1523 3052 1682 3100 pertinet
1702 3051 1750 3088 ad
1768 3051 1848 3087 vim
1877 3049 2207 3107 concupiscibilem
2235 3048 2330 3084 sicut
2357 3047 2461 3084 obie-

1407 3113 1510 3142 ctum
1531 3103 1726 3162 proprium
1757 3103 1847 3148 eius,
1879 3101 2045 3149 sequitur
2073 3101 2178 3149 quod
2205 3100 2262 3137 vis
2283 3100 2462 3148 concupi·

1406 3157 1543 3194 scibilis
1563 3157 1607 3193 sit
1625 3156 1822 3204 proprium
1847 3154 2057 3191 subiectum
2078 3153 2174 3190 illius
2192 3153 2349 3201 peccati.
2380 3154 2463 3190 Ma-

1407 3210 1582 3247 nifestum
1613 3216 1668 3244 est
1687 3215 1813 3244 autern
1834 3207 1936 3255 quod
1957 3214 2156 3254 peccatum
2176 3205 2355 3253 originale
2376 3218 2462 3242 cau-

1407 3270 1508 3299 satur
1524 3273 1592 3309 per
1606 3261 1803 3308 originem.
1825 3260 1934 3296 Unde
1950 3259 2039 3296 illud
2055 3259 2202 3295 animae
2218 3258 2322 3307 quod
2337 3259 2461 3306 primo

1407 3314 1594 3360 attingitur
1622 3314 1670 3349 ab
1699 3312 1840 3360 origine
1868 3311 2045 3358 hominis,
2075 3319 2130 3348 est
2153 3311 2319 3360 primum
2340 3311 2463 3347 subie—

1408 3375 1510 3403 ctum
1531 3365 1719 3413 originalis
1747 3365 1901 3413 peccati.
1931 3363 2085 3412 Attingit
2112 3372 2240 3401 autem
2261 3363 2364 3411 origo
2386 3364 2463 3400 ani-

1407 3431 1511 3455 mam
1539 3426 1580 3454 ut
1607 3418 1809 3454 terminum
1836 3417 2100 3465 generationis,
2130 3417 2338 3453 secundum
2360 3416 2462 3464 quod

1409 3479 1463 3507 est
1500 3471 1622 3507 forma
1657 3470 1844 3519 corporis;
1882 3470 1985 3518 quod
2023 3470 2178 3518 quidem
2217 3469 2392 3506 convenit
2430 3468 2462 3504 ei
