<?xml version="1.0" encoding="UTF-8"?>
<!DOCTYPE html PUBLIC "-//W3C//DTD XHTML 1.0 Transitional//EN"
    "http://www.w3.org/TR/xhtml1/DTD/xhtml1-transitional.dtd">
<html xmlns="http://www.w3.org/1999/xhtml" xml:lang="en" lang="en">
 <head>
  <title>
</title>
<meta http-equiv="Content-Type" content="text/html;charset=utf-8" />
  <meta name='ocr-system' content='tesseract 3.04.00' />
  <meta name='ocr-capabilities' content='ocr_page ocr_carea ocr_par ocr_line ocrx_word'/>
</head>
<body>
  <div class='ocr_page' id='page_1' title='image "./operaomniaiussui07thom/operaomniaiussui07thom_0083.png"; bbox 0 0 2840 4010; ppageno 0'>
   <div class='ocr_carea' id='block_1_1' title="bbox 50 476 241 504">
    <p class='ocr_par' dir='ltr' id='par_1_1' title="bbox 50 476 241 504">
     <span class='ocr_line' id='line_1_1' title="bbox 50 476 241 504; baseline -0.011 -5"><span class='ocrx_word' id='word_1_1' title='bbox 50 479 58 488; x_wconf 86' lang='lat'><strong>·</strong></span> <span class='ocrx_word' id='word_1_2' title='bbox 74 477 140 499; x_wconf 78' lang='lat' dir='ltr'>Vers.</span> <span class='ocrx_word' id='word_1_3' title='bbox 155 476 191 504; x_wconf 81' lang='lat'>26,</span> <span class='ocrx_word' id='word_1_4' title='bbox 207 481 241 503; x_wconf 83' lang='lat'>²7-</span> 
     </span>
    </p>
   </div>
   <div class='ocr_carea' id='block_1_2' title="bbox 145 1149 162 1176">
    <p class='ocr_par' dir='ltr' id='par_1_2' title="bbox 145 1149 162 1176">
     <span class='ocr_line' id='line_1_2' title="bbox 145 1149 162 1176; baseline 0 0"><span class='ocrx_word' id='word_1_5' title='bbox 145 1149 162 1176; x_wconf 70' lang='grc' dir='ltr'><strong>ὃ</strong></span> 
     </span>
    </p>
   </div>
   <div class='ocr_carea' id='block_1_3' title="bbox 922 175 1830 225">
    <p class='ocr_par' dir='ltr' id='par_1_3' title="bbox 922 175 1830 225">
     <span class='ocr_line' id='line_1_3' title="bbox 922 175 1830 225; baseline -0.006 -9"><span class='ocrx_word' id='word_1_6' title='bbox 922 178 1186 225; x_wconf 88' lang='lat' dir='ltr'>QUAESTIO</span> <span class='ocrx_word' id='word_1_7' title='bbox 1217 177 1426 225; x_wconf 91' lang='lat' dir='ltr'>LXXVIII,</span> <span class='ocrx_word' id='word_1_8' title='bbox 1455 175 1750 214; x_wconf 89' lang='lat' dir='ltr'>ARTICULUS</span> <span class='ocrx_word' id='word_1_9' title='bbox 1779 176 1830 212; x_wconf 94' lang='lat' dir='ltr'>IV</span> 
     </span>
    </p>
   </div>
   <div class='ocr_carea' id='block_1_4' title="bbox 252 256 1350 1305">
    <p class='ocr_par' dir='ltr' id='par_1_4' title="bbox 284 256 1346 360">
     <span class='ocr_line' id='line_1_4' title="bbox 284 256 1346 316; baseline -0.003 -21"><span class='ocrx_word' id='word_1_10' title='bbox 284 258 483 307; x_wconf 85' lang='lat' dir='ltr'>passione,</span> <span class='ocrx_word' id='word_1_11' title='bbox 514 257 627 294; x_wconf 91' lang='lat' dir='ltr'>etiam</span> <span class='ocrx_word' id='word_1_12' title='bbox 655 257 755 316; x_wconf 85' lang='lat' dir='ltr'>eligit</span> <span class='ocrx_word' id='word_1_13' title='bbox 783 258 940 294; x_wconf 89' lang='lat' dir='ltr'>malum.</span> <span class='ocrx_word' id='word_1_14' title='bbox 977 258 1078 305; x_wconf 89' lang='lat' dir='ltr'>Ergo</span> <span class='ocrx_word' id='word_1_15' title='bbox 1107 269 1186 293; x_wconf 91' lang='lat' dir='ltr'>non</span> <span class='ocrx_word' id='word_1_16' title='bbox 1220 256 1346 292; x_wconf 88' lang='lat' dir='ltr'>minus</span> 
     </span>
     <span class='ocr_line' id='line_1_5' title="bbox 285 307 1291 360; baseline -0.003 -13"><span class='ocrx_word' id='word_1_17' title='bbox 285 317 416 360; x_wconf 91' lang='lat' dir='ltr'>peccat</span> <span class='ocrx_word' id='word_1_18' title='bbox 444 322 560 358; x_wconf 90' lang='lat' dir='ltr'>quam</span> <span class='ocrx_word' id='word_1_19' title='bbox 590 307 658 346; x_wconf 90' lang='lat' dir='ltr'>ille</span> <span class='ocrx_word' id='word_1_20' title='bbox 678 310 743 358; x_wconf 92' lang='lat' dir='ltr'>qui</span> <span class='ocrx_word' id='word_1_21' title='bbox 770 317 904 358; x_wconf 88' lang='lat' dir='ltr'>peccat</span> <span class='ocrx_word' id='word_1_22' title='bbox 932 322 977 346; x_wconf 89' lang='lat' dir='ltr'>ex</span> <span class='ocrx_word' id='word_1_23' title='bbox 1012 317 1112 346; x_wconf 89' lang='lat' dir='ltr'>certa</span> <span class='ocrx_word' id='word_1_24' title='bbox 1140 308 1291 345; x_wconf 88' lang='lat' dir='ltr'>malitia.</span> 
     </span>
    </p>

    <p class='ocr_par' dir='ltr' id='par_1_5' title="bbox 287 359 1348 779">
     <span class='ocr_line' id='line_1_6' title="bbox 340 359 1347 421; baseline -0.003 -22"><span class='ocrx_word' id='word_1_25' title='bbox 340 364 415 400; x_wconf 79' lang='lat' dir='ltr'>SED</span> <span class='ocrx_word' id='word_1_26' title='bbox 445 374 590 400; x_wconf 78' lang='lat' dir='ltr'>CONTRA</span> <span class='ocrx_word' id='word_1_27' title='bbox 623 375 688 399; x_wconf 81' lang='lat' dir='ltr'>EST</span> <span class='ocrx_word' id='word_1_28' title='bbox 716 364 819 412; x_wconf 92' lang='lat' dir='ltr'>quod</span> <span class='ocrx_word' id='word_1_29' title='bbox 849 370 1048 421; x_wconf 82' lang='lat' dir='ltr'>peccatum</span> <span class='ocrx_word' id='word_1_30' title='bbox 1086 361 1191 409; x_wconf 90' lang='lat' dir='ltr'>quod</span> <span class='ocrx_word' id='word_1_31' title='bbox 1220 372 1265 396; x_wconf 87' lang='lat' dir='ltr'>ex</span> <span class='ocrx_word' id='word_1_32' title='bbox 1292 359 1347 396; x_wconf 90' lang='lat' dir='ltr'>in-</span> 
     </span>
     <span class='ocr_line' id='line_1_7' title="bbox 287 413 1347 464; baseline -0.005 -12"><span class='ocrx_word' id='word_1_33' title='bbox 287 415 429 453; x_wconf 88' lang='lat' dir='ltr'>dustria</span> <span class='ocrx_word' id='word_1_34' title='bbox 458 415 715 462; x_wconf 88' lang='lat' dir='ltr'>committitur,</span> <span class='ocrx_word' id='word_1_35' title='bbox 738 427 782 452; x_wconf 89' lang='lat' dir='ltr'>ex</span> <span class='ocrx_word' id='word_1_36' title='bbox 810 414 912 452; x_wconf 90' lang='lat' dir='ltr'>hoc</span> <span class='ocrx_word' id='word_1_37' title='bbox 904 427 986 464; x_wconf 81' lang='lat' dir='ltr'>ipso</span> <span class='ocrx_word' id='word_1_38' title='bbox 1015 413 1230 462; x_wconf 90' lang='lat' dir='ltr'>graviorem</span> <span class='ocrx_word' id='word_1_39' title='bbox 1256 423 1347 460; x_wconf 92' lang='lat' dir='ltr'>poe-</span> 
     </span>
     <span class='ocr_line' id='line_1_8' title="bbox 287 445 1350 506; baseline -0.007 0"><span class='ocrx_word' id='word_1_40' title='bbox 287 480 376 506; x_wconf 88' lang='lat' dir='ltr'>nam</span> <span class='ocrx_word' id='word_1_41' title='bbox 398 476 581 505; x_wconf 88' lang='lat' dir='ltr'>meretur:</span> <span class='ocrx_word' id='word_1_42' title='bbox 610 445 821 506; x_wconf 66' lang='lat' dir='ltr'>secundum</span> <span class='ocrx_word' id='word_1_43' title='bbox 839 468 931 504; x_wconf 91' lang='lat' dir='ltr'>illud</span> <span class='ocrx_word' id='word_1_44' title='bbox 948 468 1018 503; x_wconf 88' lang='lat' dir='ltr'>Iob</span> <span class='ocrx_word' id='word_1_45' title='bbox 1035 477 1144 502; x_wconf 81' lang='lat' dir='ltr'>xxxiv</span> <span class='ocrx_word' id='word_1_46' title='bbox 1162 464 1197 501; x_wconf 74' lang='lat'>²¹⁶:</span> <span class='ocrx_word' id='word_1_47' title='bbox 1232 464 1350 505; x_wconf 81' lang='lat' dir='ltr'><strong><em>Quasi</em></strong></span> 
     </span>
     <span class='ocr_line' id='line_1_9' title="bbox 288 517 1350 569; baseline -0.007 -11"><span class='ocrx_word' id='word_1_48' title='bbox 288 521 420 569; x_wconf 87' lang='lat' dir='ltr'>impios</span> <span class='ocrx_word' id='word_1_49' title='bbox 442 521 628 569; x_wconf 82' lang='lat' dir='ltr'><em>percussit</em></span> <span class='ocrx_word' id='word_1_50' title='bbox 653 533 716 557; x_wconf 88' lang='lat' dir='ltr'>eos</span> <span class='ocrx_word' id='word_1_51' title='bbox 744 521 780 557; x_wconf 88' lang='lat' dir='ltr'>in</span> <span class='ocrx_word' id='word_1_52' title='bbox 810 520 890 557; x_wconf 91' lang='lat' dir='ltr'>loco</span> <span class='ocrx_word' id='word_1_53' title='bbox 918 519 1133 563; x_wconf 77' lang='lat' dir='ltr'><em>videntium,</em></span> <span class='ocrx_word' id='word_1_54' title='bbox 1158 517 1224 564; x_wconf 87' lang='lat' dir='ltr'>qui</span> <span class='ocrx_word' id='word_1_55' title='bbox 1241 517 1350 564; x_wconf 84' lang='lat' dir='ltr'><em>quasi</em></span> 
     </span>
     <span class='ocr_line' id='line_1_10' title="bbox 288 571 1346 618; baseline -0.006 -8"><span class='ocrx_word' id='word_1_56' title='bbox 288 574 333 610; x_wconf 88' lang='lat' dir='ltr'>de</span> <span class='ocrx_word' id='word_1_57' title='bbox 360 573 542 610; x_wconf 87' lang='lat' dir='ltr'>industria</span> <span class='ocrx_word' id='word_1_58' title='bbox 570 578 801 610; x_wconf 85' lang='lat' dir='ltr'>recesserunt</span> <span class='ocrx_word' id='word_1_59' title='bbox 830 573 878 608; x_wconf 86' lang='lat' dir='ltr'>ab</span> <span class='ocrx_word' id='word_1_60' title='bbox 911 583 966 607; x_wconf 88' lang='lat' dir='ltr'>eo.</span> <span class='ocrx_word' id='word_1_61' title='bbox 1001 571 1080 608; x_wconf 90' lang='lat' dir='ltr'>Sed</span> <span class='ocrx_word' id='word_1_62' title='bbox 1109 580 1237 618; x_wconf 89' lang='lat' dir='ltr'>poena</span> <span class='ocrx_word' id='word_1_63' title='bbox 1269 581 1346 605; x_wconf 89' lang='lat' dir='ltr'>non</span> 
     </span>
     <span class='ocr_line' id='line_1_11' title="bbox 289 622 1346 674; baseline -0.006 -11"><span class='ocrx_word' id='word_1_64' title='bbox 289 633 447 674; x_wconf 86' lang='lat' dir='ltr'>augetur</span> <span class='ocrx_word' id='word_1_65' title='bbox 479 626 549 663; x_wconf 90' lang='lat' dir='ltr'>nisi</span> <span class='ocrx_word' id='word_1_66' title='bbox 581 633 737 674; x_wconf 89' lang='lat' dir='ltr'>propter</span> <span class='ocrx_word' id='word_1_67' title='bbox 769 623 992 672; x_wconf 85' lang='lat' dir='ltr'>gravitatem</span> <span class='ocrx_word' id='word_1_68' title='bbox 1026 623 1159 671; x_wconf 89' lang='lat' dir='ltr'>culpae</span> <span class='ocrx_word' id='word_1_69' title='bbox 1185 627 1214 657; x_wconf 62' lang='grc' dir='ltr'>α.</span> <span class='ocrx_word' id='word_1_70' title='bbox 1245 622 1346 668; x_wconf 89' lang='lat' dir='ltr'>Ergo</span> 
     </span>
     <span class='ocr_line' id='line_1_12' title="bbox 288 674 1348 727; baseline -0.006 -11"><span class='ocrx_word' id='word_1_71' title='bbox 288 686 488 727; x_wconf 88' lang='lat' dir='ltr'>peccatum</span> <span class='ocrx_word' id='word_1_72' title='bbox 517 690 563 715; x_wconf 80' lang='lat' dir='ltr'>ex</span> <span class='ocrx_word' id='word_1_73' title='bbox 589 679 665 716; x_wconf 92' lang='lat' dir='ltr'>hoc</span> <span class='ocrx_word' id='word_1_74' title='bbox 691 683 926 724; x_wconf 82' lang='lat' dir='ltr'>aggravatur,</span> <span class='ocrx_word' id='word_1_75' title='bbox 956 676 1061 723; x_wconf 91' lang='lat' dir='ltr'>quod</span> <span class='ocrx_word' id='word_1_76' title='bbox 1088 682 1144 712; x_wconf 91' lang='lat' dir='ltr'>est</span> <span class='ocrx_word' id='word_1_77' title='bbox 1167 686 1212 711; x_wconf 83' lang='lat' dir='ltr'>ex</span> <span class='ocrx_word' id='word_1_78' title='bbox 1240 674 1348 721; x_wconf 85' lang='lat' dir='ltr'>indu-</span> 
     </span>
     <span class='ocr_line' id='line_1_13' title="bbox 289 727 828 779; baseline -0.006 -10"><span class='ocrx_word' id='word_1_79' title='bbox 289 732 389 779; x_wconf 89' lang='lat' dir='ltr'>stria,</span> <span class='ocrx_word' id='word_1_80' title='bbox 418 744 487 768; x_wconf 86' lang='lat' dir='ltr'>seu</span> <span class='ocrx_word' id='word_1_81' title='bbox 514 738 614 768; x_wconf 89' lang='lat' dir='ltr'>certa</span> <span class='ocrx_word' id='word_1_82' title='bbox 642 729 787 767; x_wconf 79' lang='lat' dir='ltr'>malitia&#39;</span> <span class='ocrx_word' id='word_1_83' title='bbox 801 727 828 766; x_wconf 73' lang='grc' dir='ltr'>β.</span> 
     </span>
    </p>

    <p class='ocr_par' dir='ltr' id='par_1_6' title="bbox 287 779 1350 1252">
     <span class='ocr_line' id='line_1_14' title="bbox 342 779 1349 829; baseline -0.006 -8"><span class='ocrx_word' id='word_1_84' title='bbox 342 785 568 821; x_wconf 73' lang='grc' dir='ltr'><strong>ΚΕ5ΡοΝῡΕο</strong></span> <span class='ocrx_word' id='word_1_85' title='bbox 595 794 778 819; x_wconf 82' lang='lat' dir='ltr'>DICENDUM</span> <span class='ocrx_word' id='word_1_86' title='bbox 803 781 909 829; x_wconf 91' lang='lat' dir='ltr'>quod</span> <span class='ocrx_word' id='word_1_87' title='bbox 935 788 1135 829; x_wconf 88' lang='lat' dir='ltr'>peccatum</span> <span class='ocrx_word' id='word_1_88' title='bbox 1161 779 1264 828; x_wconf 91' lang='lat' dir='ltr'>quod</span> <span class='ocrx_word' id='word_1_89' title='bbox 1294 786 1349 815; x_wconf 91' lang='lat' dir='ltr'>est</span> 
     </span>
     <span class='ocr_line' id='line_1_15' title="bbox 290 833 1350 882; baseline -0.006 -8"><span class='ocrx_word' id='word_1_90' title='bbox 290 849 336 874; x_wconf 82' lang='lat' dir='ltr'>ex</span> <span class='ocrx_word' id='word_1_91' title='bbox 363 843 465 874; x_wconf 85' lang='lat' dir='ltr'>certa</span> <span class='ocrx_word' id='word_1_92' title='bbox 491 835 646 881; x_wconf 83' lang='lat' dir='ltr'>malitia,</span> <span class='ocrx_word' id='word_1_93' title='bbox 678 842 732 871; x_wconf 93' lang='lat' dir='ltr'>est</span> <span class='ocrx_word' id='word_1_94' title='bbox 759 834 911 882; x_wconf 90' lang='lat' dir='ltr'>gravius</span> <span class='ocrx_word' id='word_1_95' title='bbox 930 839 945 861; x_wconf 75' lang='grc' dir='ltr'>Υ</span> <span class='ocrx_word' id='word_1_96' title='bbox 974 841 1131 882; x_wconf 89' lang='lat' dir='ltr'>peccato</span> <span class='ocrx_word' id='word_1_97' title='bbox 1160 833 1266 882; x_wconf 89' lang='lat' dir='ltr'>quod</span> <span class='ocrx_word' id='word_1_98' title='bbox 1294 838 1350 868; x_wconf 92' lang='lat' dir='ltr'>est</span> 
     </span>
     <span class='ocr_line' id='line_1_16' title="bbox 291 884 1347 937; baseline -0.005 -11"><span class='ocrx_word' id='word_1_99' title='bbox 291 901 335 926; x_wconf 84' lang='lat' dir='ltr'>ex</span> <span class='ocrx_word' id='word_1_100' title='bbox 362 888 550 937; x_wconf 84' lang='lat' dir='ltr'>passione,</span> <span class='ocrx_word' id='word_1_101' title='bbox 569 886 703 935; x_wconf 90' lang='lat' dir='ltr'>triplici</span> <span class='ocrx_word' id='word_1_102' title='bbox 727 887 883 924; x_wconf 88' lang='lat' dir='ltr'>ratione.</span> <span class='ocrx_word' id='word_1_103' title='bbox 913 887 1045 923; x_wconf 88' lang='lat' dir='ltr'>Primo</span> <span class='ocrx_word' id='word_1_104' title='bbox 1064 885 1220 934; x_wconf 90' lang='lat' dir='ltr'>quidem</span> <span class='ocrx_word' id='word_1_105' title='bbox 1248 884 1347 933; x_wconf 88' lang='lat' dir='ltr'>quia,</span> 
     </span>
     <span class='ocr_line' id='line_1_17' title="bbox 290 937 1346 989; baseline -0.005 -11"><span class='ocrx_word' id='word_1_106' title='bbox 290 953 378 978; x_wconf 89' lang='lat' dir='ltr'>curn</span> <span class='ocrx_word' id='word_1_107' title='bbox 397 947 598 989; x_wconf 86' lang='lat' dir='ltr'>peccatum</span> <span class='ocrx_word' id='word_1_108' title='bbox 617 939 872 988; x_wconf 84' lang='lat' dir='ltr'>principaliter</span> <span class='ocrx_word' id='word_1_109' title='bbox 890 939 928 975; x_wconf 93' lang='lat' dir='ltr'>in</span> <span class='ocrx_word' id='word_1_110' title='bbox 942 940 1137 976; x_wconf 89' lang='lat' dir='ltr'>voluntate</span> <span class='ocrx_word' id='word_1_111' title='bbox 1157 937 1346 984; x_wconf 85' lang='lat' dir='ltr'>consistat,</span> 
     </span>
     <span class='ocr_line' id='line_1_18' title="bbox 289 990 1348 1042; baseline -0.003 -12"><span class='ocrx_word' id='word_1_112' title='bbox 289 1001 431 1042; x_wconf 89' lang='lat' dir='ltr'>quanto</span> <span class='ocrx_word' id='word_1_113' title='bbox 460 1000 587 1029; x_wconf 87' lang='lat' dir='ltr'>motus</span> <span class='ocrx_word' id='word_1_114' title='bbox 615 993 760 1041; x_wconf 90' lang='lat' dir='ltr'>peccati</span> <span class='ocrx_word' id='word_1_115' title='bbox 789 1000 844 1029; x_wconf 91' lang='lat' dir='ltr'>est</span> <span class='ocrx_word' id='word_1_116' title='bbox 872 992 992 1039; x_wconf 87' lang='lat' dir='ltr'>magis</span> <span class='ocrx_word' id='word_1_117' title='bbox 1019 990 1195 1040; x_wconf 89' lang='lat' dir='ltr'>proprius</span> <span class='ocrx_word' id='word_1_118' title='bbox 1213 991 1348 1028; x_wconf 88' lang='lat' dir='ltr'>volun-</span> 
     </span>
     <span class='ocr_line' id='line_1_19' title="bbox 289 1043 1346 1094; baseline -0.003 -12"><span class='ocrx_word' id='word_1_119' title='bbox 289 1046 364 1092; x_wconf 89' lang='lat' dir='ltr'>tati,</span> <span class='ocrx_word' id='word_1_120' title='bbox 391 1053 495 1082; x_wconf 91' lang='lat' dir='ltr'>tanto</span> <span class='ocrx_word' id='word_1_121' title='bbox 524 1054 724 1094; x_wconf 91' lang='lat' dir='ltr'>peccatum</span> <span class='ocrx_word' id='word_1_122' title='bbox 754 1053 810 1082; x_wconf 89' lang='lat' dir='ltr'>est</span> <span class='ocrx_word' id='word_1_123' title='bbox 836 1044 1000 1093; x_wconf 90' lang='lat' dir='ltr'>gravius,</span> <span class='ocrx_word' id='word_1_124' title='bbox 1021 1043 1153 1080; x_wconf 91' lang='lat' dir='ltr'>ceteris</span> <span class='ocrx_word' id='word_1_125' title='bbox 1179 1043 1346 1091; x_wconf 89' lang='lat' dir='ltr'>paribus.</span> 
     </span>
     <span class='ocr_line' id='line_1_20' title="bbox 290 1097 1348 1146; baseline -0.003 -11"><span class='ocrx_word' id='word_1_126' title='bbox 290 1099 391 1135; x_wconf 89' lang='lat' dir='ltr'>Cum</span> <span class='ocrx_word' id='word_1_127' title='bbox 424 1105 553 1134; x_wconf 91' lang='lat' dir='ltr'>autem</span> <span class='ocrx_word' id='word_1_128' title='bbox 589 1110 633 1134; x_wconf 88' lang='lat' dir='ltr'>ex</span> <span class='ocrx_word' id='word_1_129' title='bbox 672 1106 773 1134; x_wconf 92' lang='lat' dir='ltr'>certa</span> <span class='ocrx_word' id='word_1_130' title='bbox 809 1097 950 1134; x_wconf 89' lang='lat' dir='ltr'>malitia</span> <span class='ocrx_word' id='word_1_131' title='bbox 987 1103 1185 1146; x_wconf 90' lang='lat' dir='ltr'>peccatur,</span> <span class='ocrx_word' id='word_1_132' title='bbox 1221 1103 1348 1132; x_wconf 88' lang='lat' dir='ltr'>motus</span> 
     </span>
     <span class='ocr_line' id='line_1_21' title="bbox 287 1147 1348 1200; baseline -0.004 -12"><span class='ocrx_word' id='word_1_133' title='bbox 287 1150 432 1200; x_wconf 89' lang='lat' dir='ltr'>peccati</span> <span class='ocrx_word' id='word_1_134' title='bbox 466 1159 521 1187; x_wconf 91' lang='lat' dir='ltr'>est</span> <span class='ocrx_word' id='word_1_135' title='bbox 553 1151 674 1198; x_wconf 90' lang='lat' dir='ltr'>magis</span> <span class='ocrx_word' id='word_1_136' title='bbox 705 1150 880 1200; x_wconf 90' lang='lat' dir='ltr'>proprius</span> <span class='ocrx_word' id='word_1_137' title='bbox 908 1149 1092 1187; x_wconf 88' lang='lat' dir='ltr'>voluntati</span> <span class='ocrx_word' id='word_1_138' title='bbox 1117 1147 1145 1196; x_wconf 72' lang='grc' dir='ltr'>δ,</span> <span class='ocrx_word' id='word_1_139' title='bbox 1176 1160 1274 1198; x_wconf 88' lang='lat' dir='ltr'>quae</span> <span class='ocrx_word' id='word_1_140' title='bbox 1303 1160 1348 1184; x_wconf 88' lang='lat' dir='ltr'>ex</span> 
     </span>
     <span class='ocr_line' id='line_1_22' title="bbox 289 1201 1350 1263; baseline -0.003 -23"><span class='ocrx_word' id='word_1_141' title='bbox 289 1201 412 1252; x_wconf 83' lang='lat' dir='ltr'>seipsa</span> <span class='ocrx_word' id='word_1_142' title='bbox 435 1203 474 1240; x_wconf 93' lang='lat' dir='ltr'>in</span> <span class='ocrx_word' id='word_1_143' title='bbox 495 1203 640 1240; x_wconf 89' lang='lat' dir='ltr'>malum</span> <span class='ocrx_word' id='word_1_144' title='bbox 664 1211 851 1263; x_wconf 81' lang='lat' dir='ltr'>movetur,</span> <span class='ocrx_word' id='word_1_145' title='bbox 881 1215 997 1252; x_wconf 89' lang='lat' dir='ltr'>quam</span> <span class='ocrx_word' id='word_1_146' title='bbox 1026 1201 1180 1251; x_wconf 90' lang='lat' dir='ltr'>quando</span> <span class='ocrx_word' id='word_1_147' title='bbox 1201 1214 1246 1238; x_wconf 86' lang='lat' dir='ltr'>ex</span> <span class='ocrx_word' id='word_1_148' title='bbox 1266 1213 1350 1260; x_wconf 84' lang='lat' dir='ltr'>pas-</span> 
     </span>
    </p>

    <p class='ocr_par' dir='ltr' id='par_1_7' title="bbox 252 1253 1349 1305">
     <span class='ocr_line' id='line_1_23' title="bbox 252 1253 1349 1305; baseline -0.003 -11.984"><span class='ocrx_word' id='word_1_149' title='bbox 252 1256 395 1294; x_wconf 51' lang='lat' dir='ltr'>»sione</span> <span class='ocrx_word' id='word_1_150' title='bbox 423 1264 604 1304; x_wconf 87' lang='lat' dir='ltr'>peccatur</span> <span class='ocrx_word' id='word_1_151' title='bbox 624 1261 647 1303; x_wconf 66' lang='grc' dir='ltr'>ε,</span> <span class='ocrx_word' id='word_1_152' title='bbox 669 1257 776 1305; x_wconf 87' lang='lat' dir='ltr'>quasi</span> <span class='ocrx_word' id='word_1_153' title='bbox 797 1268 840 1293; x_wconf 84' lang='lat' dir='ltr'>ex</span> <span class='ocrx_word' id='word_1_154' title='bbox 860 1255 1031 1304; x_wconf 89' lang='lat' dir='ltr'>quodam</span> <span class='ocrx_word' id='word_1_155' title='bbox 1052 1254 1259 1291; x_wconf 84' lang='lat' dir='ltr'>extrinseco</span> <span class='ocrx_word' id='word_1_156' title='bbox 1281 1253 1349 1290; x_wconf 89' lang='lat' dir='ltr'>im-</span> 
     </span>
    </p>
   </div>
   <div class='ocr_carea' id='block_1_5' title="bbox 250 1307 1348 1358">
    <p class='ocr_par' dir='ltr' id='par_1_8' title="bbox 250 1307 1348 1358">
     <span class='ocr_line' id='line_1_24' title="bbox 250 1307 1348 1358; baseline -0.003 -12"><span class='ocrx_word' id='word_1_157' title='bbox 250 1322 255 1325; x_wconf 81' lang='lat'>·</span> <span class='ocrx_word' id='word_1_158' title='bbox 288 1310 401 1358; x_wconf 89' lang='lat' dir='ltr'>pulsu</span> <span class='ocrx_word' id='word_1_159' title='bbox 419 1309 470 1347; x_wconf 87' lang='lat' dir='ltr'>ad</span> <span class='ocrx_word' id='word_1_160' title='bbox 486 1309 738 1358; x_wconf 83' lang='lat' dir='ltr'>peccandum.</span> <span class='ocrx_word' id='word_1_161' title='bbox 761 1309 872 1346; x_wconf 91' lang='lat' dir='ltr'>Unde</span> <span class='ocrx_word' id='word_1_162' title='bbox 887 1315 1085 1357; x_wconf 87' lang='lat' dir='ltr'>peccatum</span> <span class='ocrx_word' id='word_1_163' title='bbox 1106 1319 1151 1344; x_wconf 87' lang='lat' dir='ltr'>ex</span> <span class='ocrx_word' id='word_1_164' title='bbox 1170 1307 1272 1344; x_wconf 88' lang='lat' dir='ltr'>hoc</span> <span class='ocrx_word' id='word_1_165' title='bbox 1264 1318 1348 1355; x_wconf 86' lang='lat' dir='ltr'>lpso</span> 
     </span>
    </p>
   </div>
   <div class='ocr_carea' id='block_1_6' title="bbox 286 1359 1351 1674">
    <p class='ocr_par' dir='ltr' id='par_1_9' title="bbox 288 1359 1348 1570">
     <span class='ocr_line' id='line_1_25' title="bbox 288 1359 1346 1412; baseline -0.003 -13"><span class='ocrx_word' id='word_1_166' title='bbox 288 1361 395 1412; x_wconf 86' lang='lat' dir='ltr'>quod</span> <span class='ocrx_word' id='word_1_167' title='bbox 423 1369 479 1399; x_wconf 84' lang='lat' dir='ltr'>est</span> <span class='ocrx_word' id='word_1_168' title='bbox 498 1373 543 1398; x_wconf 89' lang='lat' dir='ltr'>ex</span> <span class='ocrx_word' id='word_1_169' title='bbox 571 1362 723 1408; x_wconf 89' lang='lat' dir='ltr'>malitia,</span> <span class='ocrx_word' id='word_1_170' title='bbox 745 1369 991 1410; x_wconf 89' lang='lat' dir='ltr'>aggravatur:</span> <span class='ocrx_word' id='word_1_171' title='bbox 1021 1367 1058 1397; x_wconf 89' lang='lat' dir='ltr'>et</span> <span class='ocrx_word' id='word_1_172' title='bbox 1083 1367 1189 1397; x_wconf 83' lang='lat' dir='ltr'>tanto</span> <span class='ocrx_word' id='word_1_173' title='bbox 1215 1359 1346 1407; x_wconf 89' lang='lat' dir='ltr'>magis,</span> 
     </span>
     <span class='ocr_line' id='line_1_26' title="bbox 288 1413 1348 1464; baseline -0.003 -12"><span class='ocrx_word' id='word_1_174' title='bbox 288 1421 434 1464; x_wconf 85' lang='lat' dir='ltr'>quanto</span> <span class='ocrx_word' id='word_1_175' title='bbox 466 1414 578 1451; x_wconf 90' lang='lat' dir='ltr'>fuerit</span> <span class='ocrx_word' id='word_1_176' title='bbox 609 1414 876 1451; x_wconf 88' lang='lat' dir='ltr'>vehementior</span> <span class='ocrx_word' id='word_1_177' title='bbox 907 1413 1058 1451; x_wconf 89' lang='lat' dir='ltr'>malitia.</span> <span class='ocrx_word' id='word_1_178' title='bbox 1089 1413 1147 1450; x_wconf 89' lang='lat' dir='ltr'>Ex</span> <span class='ocrx_word' id='word_1_179' title='bbox 1180 1425 1227 1450; x_wconf 91' lang='lat' dir='ltr'>eo</span> <span class='ocrx_word' id='word_1_180' title='bbox 1254 1424 1348 1449; x_wconf 89' lang='lat' dir='ltr'>vero</span> 
     </span>
     <span class='ocr_line' id='line_1_27' title="bbox 288 1465 1349 1516; baseline -0.003 -12"><span class='ocrx_word' id='word_1_181' title='bbox 288 1467 394 1516; x_wconf 85' lang='lat' dir='ltr'>quod</span> <span class='ocrx_word' id='word_1_182' title='bbox 417 1474 474 1504; x_wconf 87' lang='lat' dir='ltr'>est</span> <span class='ocrx_word' id='word_1_183' title='bbox 492 1478 548 1504; x_wconf 85' lang='lat' dir='ltr'>ex</span> <span class='ocrx_word' id='word_1_184' title='bbox 557 1467 747 1515; x_wconf 82' lang='lat' dir='ltr'>passione,</span> <span class='ocrx_word' id='word_1_185' title='bbox 769 1466 1006 1504; x_wconf 86' lang='lat' dir='ltr'>diminuitur:</span> <span class='ocrx_word' id='word_1_186' title='bbox 1035 1473 1071 1503; x_wconf 86' lang='lat' dir='ltr'>et</span> <span class='ocrx_word' id='word_1_187' title='bbox 1091 1473 1196 1503; x_wconf 88' lang='lat' dir='ltr'>tanto</span> <span class='ocrx_word' id='word_1_188' title='bbox 1217 1465 1349 1513; x_wconf 89' lang='lat' dir='ltr'>magis,</span> 
     </span>
     <span class='ocr_line' id='line_1_28' title="bbox 289 1520 1126 1595; baseline -0.002 -38"><span class='ocrx_word' id='word_1_189' title='bbox 289 1527 434 1595; x_wconf 73' lang='lat' dir='ltr'>quanto</span> <span class='ocrx_word' id='word_1_190' title='bbox 460 1520 588 1568; x_wconf 88' lang='lat' dir='ltr'>passio</span> <span class='ocrx_word' id='word_1_191' title='bbox 616 1520 727 1557; x_wconf 89' lang='lat' dir='ltr'>fuerit</span> <span class='ocrx_word' id='word_1_192' title='bbox 755 1520 876 1579; x_wconf 79' lang='lat' dir='ltr'>magis</span> <span class='ocrx_word' id='word_1_193' title='bbox 902 1520 1126 1556; x_wconf 82' lang='lat' dir='ltr'>vehemens.</span> 
     </span>
    </p>

    <p class='ocr_par' dir='ltr' id='par_1_10' title="bbox 286 1571 1351 1674">
     <span class='ocr_line' id='line_1_29' title="bbox 286 1571 1350 1632; baseline -0.002 -23"><span class='ocrx_word' id='word_1_194' title='bbox 286 1594 297 1597; x_wconf 98' lang='lat'><em>-</em></span> <span class='ocrx_word' id='word_1_195' title='bbox 319 1572 536 1620; x_wconf 85' lang='lat' dir='ltr'>Secundo,</span> <span class='ocrx_word' id='word_1_196' title='bbox 565 1573 662 1632; x_wconf 41' lang='lat' dir='ltr'>quia·</span> <span class='ocrx_word' id='word_1_197' title='bbox 682 1573 808 1621; x_wconf 86' lang='lat' dir='ltr'>passio</span> <span class='ocrx_word' id='word_1_198' title='bbox 829 1585 928 1622; x_wconf 90' lang='lat' dir='ltr'>quae</span> <span class='ocrx_word' id='word_1_199' title='bbox 946 1572 1099 1609; x_wconf 87' lang='lat' dir='ltr'>inclinat</span> <span class='ocrx_word' id='word_1_200' title='bbox 1113 1571 1350 1608; x_wconf 85' lang='lat' dir='ltr'>voluntatem</span> 
     </span>
     <span class='ocr_line' id='line_1_30' title="bbox 288 1598 1351 1674; baseline -0.002 -12"><span class='ocrx_word' id='word_1_201' title='bbox 288 1598 353 1662; x_wconf 82' lang='lat' dir='ltr'>ad-</span> <span class='ocrx_word' id='word_1_202' title='bbox 352 1625 610 1674; x_wconf 87' lang='lat' dir='ltr'>peccandum,</span> <span class='ocrx_word' id='word_1_203' title='bbox 631 1626 705 1662; x_wconf 91' lang='lat' dir='ltr'>cito</span> <span class='ocrx_word' id='word_1_204' title='bbox 724 1626 870 1662; x_wconf 83' lang='lat' dir='ltr'>transit:</span> <span class='ocrx_word' id='word_1_205' title='bbox 892 1633 928 1662; x_wconf 93' lang='lat' dir='ltr'>et</span> <span class='ocrx_word' id='word_1_206' title='bbox 946 1625 999 1662; x_wconf 91' lang='lat' dir='ltr'>sic</span> <span class='ocrx_word' id='word_1_207' title='bbox 1017 1625 1138 1662; x_wconf 89' lang='lat' dir='ltr'>homo</span> <span class='ocrx_word' id='word_1_208' title='bbox 1162 1624 1236 1660; x_wconf 90' lang='lat' dir='ltr'>cito</span> <span class='ocrx_word' id='word_1_209' title='bbox 1256 1623 1351 1661; x_wconf 89' lang='lat' dir='ltr'>redit</span> 
     </span>
    </p>
   </div>
   <div class='ocr_carea' id='block_1_7' title="bbox 163 1677 1351 1727">
    <p class='ocr_par' dir='ltr' id='par_1_11' title="bbox 163 1677 1351 1727">
     <span class='ocr_line' id='line_1_31' title="bbox 163 1677 1351 1727; baseline -0.003 -11"><span class='ocrx_word' id='word_1_210' title='bbox 163 1696 168 1708; x_wconf 84' lang='lat'><strong>·</strong></span> <span class='ocrx_word' id='word_1_211' title='bbox 186 1697 190 1708; x_wconf 88' lang='lat'><em>=</em></span> <span class='ocrx_word' id='word_1_212' title='bbox 227 1693 233 1699; x_wconf 65' lang='lat'><strong><em>¹</em></strong></span> <span class='ocrx_word' id='word_1_213' title='bbox 251 1692 253 1695; x_wconf 72' lang='grc'>’</span> <span class='ocrx_word' id='word_1_214' title='bbox 288 1678 505 1716; x_wconf 74' lang='lat' dir='ltr'>ad&#39;bonum</span> <span class='ocrx_word' id='word_1_215' title='bbox 525 1679 778 1727; x_wconf 85' lang='lat' dir='ltr'>propositum,</span> <span class='ocrx_word' id='word_1_216' title='bbox 798 1679 997 1727; x_wconf 91' lang='lat' dir='ltr'>poenitens</span> <span class='ocrx_word' id='word_1_217' title='bbox 1015 1678 1064 1715; x_wconf 88' lang='lat' dir='ltr'>de</span> <span class='ocrx_word' id='word_1_218' title='bbox 1082 1684 1251 1726; x_wconf 87' lang='lat' dir='ltr'>peccat0.</span> <span class='ocrx_word' id='word_1_219' title='bbox 1274 1677 1351 1714; x_wconf 89' lang='lat' dir='ltr'>Sed</span> 
     </span>
    </p>
   </div>
   <div class='ocr_carea' id='block_1_8' title="bbox 280 1729 1349 1833">
    <p class='ocr_par' dir='ltr' id='par_1_12' title="bbox 280 1729 1349 1833">
     <span class='ocr_line' id='line_1_32' title="bbox 280 1729 1349 1780; baseline -0.003 -12"><span class='ocrx_word' id='word_1_220' title='bbox 280 1731 452 1778; x_wconf 65' lang='lat' dir='ltr'>habitus,</span> <span class='ocrx_word' id='word_1_221' title='bbox 481 1742 559 1779; x_wconf 91' lang='lat' dir='ltr'>quo</span> <span class='ocrx_word' id='word_1_222' title='bbox 588 1732 708 1768; x_wconf 89' lang='lat' dir='ltr'>homo</span> <span class='ocrx_word' id='word_1_223' title='bbox 729 1744 773 1768; x_wconf 87' lang='lat' dir='ltr'>ex</span> <span class='ocrx_word' id='word_1_224' title='bbox 793 1731 934 1768; x_wconf 90' lang='lat' dir='ltr'>malitia</span> <span class='ocrx_word' id='word_1_225' title='bbox 953 1738 1096 1780; x_wconf 88' lang='lat' dir='ltr'>peccat,</span> <span class='ocrx_word' id='word_1_226' title='bbox 1118 1737 1173 1767; x_wconf 93' lang='lat' dir='ltr'>est</span> <span class='ocrx_word' id='word_1_227' title='bbox 1192 1729 1349 1778; x_wconf 82' lang='lat' dir='ltr'>qualitas</span> 
     </span>
     <span class='ocr_line' id='line_1_33' title="bbox 287 1782 1349 1833; baseline -0.002 -12"><span class='ocrx_word' id='word_1_228' title='bbox 287 1794 542 1833; x_wconf 83' lang='lat' dir='ltr'>permanens:</span> <span class='ocrx_word' id='word_1_229' title='bbox 572 1791 608 1821; x_wconf 91' lang='lat' dir='ltr'>et</span> <span class='ocrx_word' id='word_1_230' title='bbox 635 1784 722 1821; x_wconf 91' lang='lat' dir='ltr'>ideo</span> <span class='ocrx_word' id='word_1_231' title='bbox 751 1785 815 1833; x_wconf 92' lang='lat' dir='ltr'>qui</span> <span class='ocrx_word' id='word_1_232' title='bbox 844 1796 888 1820; x_wconf 87' lang='lat' dir='ltr'>ex</span> <span class='ocrx_word' id='word_1_233' title='bbox 922 1783 1062 1821; x_wconf 88' lang='lat' dir='ltr'>malitia</span> <span class='ocrx_word' id='word_1_234' title='bbox 1088 1790 1241 1832; x_wconf 87' lang='lat' dir='ltr'>peccat,</span> <span class='ocrx_word' id='word_1_235' title='bbox 1272 1782 1349 1819; x_wconf 93' lang='lat' dir='ltr'>diu-</span> 
     </span>
    </p>
   </div>
   <div class='ocr_carea' id='block_1_9' title="bbox 134 1834 1348 1939">
    <p class='ocr_par' dir='ltr' id='par_1_13' title="bbox 134 1834 1348 1939">
     <span class='ocr_line' id='line_1_34' title="bbox 134 1834 1348 1896; baseline -0.006 -19"><span class='ocrx_word' id='word_1_236' title='bbox 134 1850 199 1896; x_wconf 53' lang='grc' dir='ltr'>ᾖξ’»</span> <span class='ocrx_word' id='word_1_237' title='bbox 212 1851 262 1895; x_wconf 56' lang='lat'>22⁸.</span> <span class='ocrx_word' id='word_1_238' title='bbox 290 1837 435 1874; x_wconf 90' lang='lat' dir='ltr'>turnius</span> <span class='ocrx_word' id='word_1_239' title='bbox 453 1844 596 1885; x_wconf 90' lang='lat' dir='ltr'>peccat.</span> <span class='ocrx_word' id='word_1_240' title='bbox 618 1837 730 1874; x_wconf 88' lang='lat' dir='ltr'>Unde</span> <span class='ocrx_word' id='word_1_241' title='bbox 751 1837 1017 1885; x_wconf 90' lang='lat' dir='ltr'>Philosophus,</span> <span class='ocrx_word' id='word_1_242' title='bbox 1037 1836 1076 1873; x_wconf 88' lang='lat' dir='ltr'>in</span> <span class='ocrx_word' id='word_1_243' title='bbox 1093 1836 1163 1873; x_wconf 91' lang='lat' dir='ltr'>VII</span> <span class='ocrx_word' id='word_1_244' title='bbox 1181 1836 1302 1873; x_wconf 82' lang='lat' dir='ltr'>Ethic.</span> <span class='ocrx_word' id='word_1_245' title='bbox 1317 1834 1348 1881; x_wconf 74' lang='lat'>²¹²,</span> 
     </span>
     <span class='ocr_line' id='line_1_35' title="bbox 289 1888 1348 1939; baseline -0.006 -10"><span class='ocrx_word' id='word_1_246' title='bbox 289 1897 491 1939; x_wconf 76' lang='lat' dir='ltr'>comparat</span> <span class='ocrx_word' id='word_1_247' title='bbox 515 1889 831 1938; x_wconf 79' lang='lat' dir='ltr'>intemperatum,</span> <span class='ocrx_word' id='word_1_248' title='bbox 862 1890 926 1938; x_wconf 90' lang='lat' dir='ltr'>qui</span> <span class='ocrx_word' id='word_1_249' title='bbox 953 1896 1086 1939; x_wconf 91' lang='lat' dir='ltr'>peccat</span> <span class='ocrx_word' id='word_1_250' title='bbox 1114 1900 1159 1925; x_wconf 85' lang='lat' dir='ltr'>ex</span> <span class='ocrx_word' id='word_1_251' title='bbox 1186 1888 1348 1935; x_wconf 89' lang='lat' dir='ltr'>malitia,</span> 
     </span>
    </p>
   </div>
   <div class='ocr_carea' id='block_1_10' title="bbox 290 2003 1351 2213">
    <p class='ocr_par' dir='ltr' id='par_1_14' title="bbox 289 2003 992 2039">
     <span class='ocr_line' id='line_1_36' title="bbox 343 2003 992 2039; baseline -0.001 -10.078"><span class='ocrx_word' id='word_1_252' title='bbox 343 2005 371 2039; x_wconf 72' lang='lat' dir='ltr'>a.)</span> <span class='ocrx_word' id='word_1_253' title='bbox 391 2005 492 2036; x_wconf 79' lang='lat' dir='ltr'>culpae.</span> <span class='ocrx_word' id='word_1_254' title='bbox 510 2010 530 2023; x_wconf 88' lang='grc'>-·</span> <span class='ocrx_word' id='word_1_255' title='bbox 543 2004 650 2036; x_wconf 71' lang='lat' dir='ltr'>peccati</span> <span class='ocrx_word' id='word_1_256' title='bbox 667 2004 740 2033; x_wconf 80' lang='lat' dir='ltr'>BEF,</span> <span class='ocrx_word' id='word_1_257' title='bbox 759 2011 813 2028; x_wconf 89' lang='lat' dir='ltr'>om.</span> <span class='ocrx_word' id='word_1_258' title='bbox 831 2003 992 2028; x_wconf 82' lang='lat' dir='ltr'>ACDGHIL.</span> 
     </span>
    </p>

    <p class='ocr_par' dir='ltr' id='par_1_15' title="bbox 290 2037 1351 2143">
     <span class='ocr_line' id='line_1_37' title="bbox 343 2037 1351 2074; baseline -0.002 -10"><span class='ocrx_word' id='word_1_259' title='bbox 343 2038 370 2074; x_wconf 83' lang='grc' dir='ltr'>β)</span> <span class='ocrx_word' id='word_1_260' title='bbox 389 2040 533 2069; x_wconf 76' lang='lat' dir='ltr'>industria,</span> <span class='ocrx_word' id='word_1_261' title='bbox 552 2047 598 2065; x_wconf 84' lang='lat' dir='ltr'>seu</span> <span class='ocrx_word' id='word_1_262' title='bbox 616 2042 692 2064; x_wconf 72' lang='lat' dir='ltr'>certa</span> <span class='ocrx_word' id='word_1_263' title='bbox 709 2039 853 2064; x_wconf 61' lang='lat' dir='ltr'>malitiae—</span> <span class='ocrx_word' id='word_1_264' title='bbox 866 2039 1002 2064; x_wconf 84' lang='lat' dir='ltr'>industria</span> <span class='ocrx_word' id='word_1_265' title='bbox 1019 2037 1122 2064; x_wconf 85' lang='lat' dir='ltr'>malitia</span> <span class='ocrx_word' id='word_1_266' title='bbox 1140 2037 1261 2071; x_wconf 82' lang='lat' dir='ltr'>ACGpD,</span> <span class='ocrx_word' id='word_1_267' title='bbox 1274 2037 1351 2062; x_wconf 85' lang='lat' dir='ltr'>indu-</span> 
     </span>
     <span class='ocr_line' id='line_1_38' title="bbox 290 2073 1351 2105; baseline -0.003 -5"><span class='ocrx_word' id='word_1_268' title='bbox 290 2075 359 2100; x_wconf 61' lang='lat' dir='ltr'>stria</span> <span class='ocrx_word' id='word_1_269' title='bbox 378 2074 497 2100; x_wconf 77' lang='lat' dir='ltr'>malitiae</span> <span class='ocrx_word' id='word_1_270' title='bbox 515 2075 560 2105; x_wconf 89' lang='lat' dir='ltr'>BI,</span> <span class='ocrx_word' id='word_1_271' title='bbox 580 2074 715 2099; x_wconf 78' lang='lat' dir='ltr'>industria</span> <span class='ocrx_word' id='word_1_272' title='bbox 734 2077 760 2100; x_wconf 79' lang='lat' dir='ltr'>et</span> <span class='ocrx_word' id='word_1_273' title='bbox 779 2073 882 2099; x_wconf 77' lang='lat' dir='ltr'>malitia</span> <span class='ocrx_word' id='word_1_274' title='bbox 901 2074 1000 2104; x_wconf 80' lang='lat' dir='ltr'>EFHL,</span> <span class='ocrx_word' id='word_1_275' title='bbox 1019 2077 1093 2099; x_wconf 80' lang='lat' dir='ltr'>certa</span> <span class='ocrx_word' id='word_1_276' title='bbox 1107 2073 1211 2098; x_wconf 81' lang='lat' dir='ltr'>malitia</span> <span class='ocrx_word' id='word_1_277' title='bbox 1223 2073 1287 2098; x_wconf 81' lang='lat' dir='ltr'>K.—</span> <span class='ocrx_word' id='word_1_278' title='bbox 1300 2073 1351 2097; x_wconf 88' lang='lat' dir='ltr'>Re-</span> 
     </span>
     <span class='ocr_line' id='line_1_39' title="bbox 290 2093 717 2143; baseline -0.002 -8"><span class='ocrx_word' id='word_1_279' title='bbox 290 2110 453 2143; x_wconf 68' lang='lat' dir='ltr'>spondet)...</span> <span class='ocrx_word' id='word_1_280' title='bbox 472 2093 577 2135; x_wconf 71' lang='lat' dir='ltr'>malitia</span> <span class='ocrx_word' id='word_1_281' title='bbox 594 2117 648 2135; x_wconf 84' lang='lat' dir='ltr'>om.</span> <span class='ocrx_word' id='word_1_282' title='bbox 666 2110 717 2142; x_wconf 87' lang='lat' dir='ltr'>pD.</span> 
     </span>
    </p>

    <p class='ocr_par' dir='ltr' id='par_1_16' title="bbox 343 2144 886 2179">
     <span class='ocr_line' id='line_1_40' title="bbox 343 2144 886 2179; baseline -0.006 -8"><span class='ocrx_word' id='word_1_283' title='bbox 343 2146 372 2178; x_wconf 87' lang='lat'>·)</span> <span class='ocrx_word' id='word_1_284' title='bbox 389 2145 510 2179; x_wconf 72' lang='lat' dir='ltr'>gravius.</span> <span class='ocrx_word' id='word_1_285' title='bbox 526 2158 545 2164; x_wconf 91' lang='lat'><em>—</em></span> <span class='ocrx_word' id='word_1_286' title='bbox 558 2149 699 2177; x_wconf 79' lang='lat' dir='ltr'>peccatum</span> <span class='ocrx_word' id='word_1_287' title='bbox 718 2145 816 2170; x_wconf 85' lang='lat' dir='ltr'>addunt</span> <span class='ocrx_word' id='word_1_288' title='bbox 833 2144 886 2169; x_wconf 82' lang='lat' dir='ltr'>EF.</span> 
     </span>
    </p>

    <p class='ocr_par' dir='ltr' id='par_1_17' title="bbox 344 2153 1014 2213">
     <span class='ocr_line' id='line_1_41' title="bbox 344 2153 1014 2213; baseline -0.001 -8"><span class='ocrx_word' id='word_1_289' title='bbox 344 2153 370 2213; x_wconf 58' lang='grc' dir='ltr'>ἕ)</span> <span class='ocrx_word' id='word_1_290' title='bbox 389 2180 530 2205; x_wconf 75' lang='lat' dir='ltr'>voluntati.</span> <span class='ocrx_word' id='word_1_291' title='bbox 547 2194 566 2199; x_wconf 95' lang='lat'>—</span> <span class='ocrx_word' id='word_1_292' title='bbox 584 2180 728 2205; x_wconf 78' lang='lat' dir='ltr'>voluntatis</span> <span class='ocrx_word' id='word_1_293' title='bbox 747 2179 1014 2212; x_wconf 81' lang='lat' dir='ltr'>ABCEFGHlKLpD.</span> 
     </span>
    </p>
   </div>
   <div class='ocr_carea' id='block_1_11' title="bbox 1376 1713 1381 2238">
    <p class='ocr_par' dir='ltr' id='par_1_18' title="bbox 1376 1713 1381 2238">
     <span class='ocr_line' id='line_1_42' title="bbox 1376 1713 1381 2238; baseline 0 0"><span class='ocrx_word' id='word_1_294' title='bbox 1376 1713 1381 2238; x_wconf 95' lang='lat' dir='ltr'> </span> 
     </span>
    </p>
   </div>
   <div class='ocr_carea' id='block_1_12' title="bbox 2410 179 2457 224">
    <p class='ocr_par' dir='ltr' id='par_1_19' title="bbox 2410 179 2457 224">
     <span class='ocr_line' id='line_1_43' title="bbox 2410 179 2457 224; baseline 0 -9"><span class='ocrx_word' id='word_1_295' title='bbox 2410 179 2457 224; x_wconf 91' lang='lat'>75</span> 
     </span>
    </p>
   </div>
   <div class='ocr_carea' id='block_1_13' title="bbox 1402 253 2466 1938">
    <p class='ocr_par' dir='ltr' id='par_1_20' title="bbox 1402 253 2462 408">
     <span class='ocr_line' id='line_1_44' title="bbox 1402 253 2461 307; baseline 0.001 -16"><span class='ocrx_word' id='word_1_296' title='bbox 1402 255 1551 291; x_wconf 92' lang='lat' dir='ltr'>infirmo</span> <span class='ocrx_word' id='word_1_297' title='bbox 1573 254 1638 303; x_wconf 91' lang='lat' dir='ltr'>qui</span> <span class='ocrx_word' id='word_1_298' title='bbox 1657 254 1833 291; x_wconf 90' lang='lat' dir='ltr'>continue</span> <span class='ocrx_word' id='word_1_299' title='bbox 1854 254 2000 291; x_wconf 89' lang='lat' dir='ltr'>laborat</span> <span class='ocrx_word' id='word_1_300' title='bbox 2020 253 2050 300; x_wconf 79' lang='grc' dir='ltr'>ζ;</span> <span class='ocrx_word' id='word_1_301' title='bbox 2076 254 2376 307; x_wconf 88' lang='lat' dir='ltr'>incontinentem</span> <span class='ocrx_word' id='word_1_302' title='bbox 2397 269 2461 292; x_wconf 90' lang='lat' dir='ltr'>au-</span> 
     </span>
     <span class='ocr_line' id='line_1_45' title="bbox 1402 303 2462 370; baseline 0 -26"><span class='ocrx_word' id='word_1_303' title='bbox 1402 315 1489 354; x_wconf 90' lang='lat' dir='ltr'>tem,</span> <span class='ocrx_word' id='word_1_304' title='bbox 1512 307 1574 356; x_wconf 92' lang='lat' dir='ltr'>qui</span> <span class='ocrx_word' id='word_1_305' title='bbox 1595 314 1728 356; x_wconf 90' lang='lat' dir='ltr'>peccat</span> <span class='ocrx_word' id='word_1_306' title='bbox 1756 318 1800 343; x_wconf 87' lang='lat' dir='ltr'>ex</span> <span class='ocrx_word' id='word_1_307' title='bbox 1828 307 2020 355; x_wconf 86' lang='lat' dir='ltr'>passione,</span> <span class='ocrx_word' id='word_1_308' title='bbox 2041 303 2081 343; x_wconf 92' lang='lat' dir='ltr'>ei</span> <span class='ocrx_word' id='word_1_309' title='bbox 2095 307 2159 356; x_wconf 91' lang='lat' dir='ltr'>qui</span> <span class='ocrx_word' id='word_1_310' title='bbox 2178 308 2325 344; x_wconf 90' lang='lat' dir='ltr'>laborat</span> <span class='ocrx_word' id='word_1_311' title='bbox 2353 308 2462 370; x_wconf 87' lang='lat' dir='ltr'>inter-</span> 
     </span>
     <span class='ocr_line' id='line_1_46' title="bbox 1402 361 1965 408; baseline 0.004 -12"><span class='ocrx_word' id='word_1_312' title='bbox 1402 361 1539 408; x_wconf 86' lang='lat' dir='ltr'>polate.</span> <span class='ocrx_word' id='word_1_313' title='bbox 1962 383 1965 386; x_wconf 60' lang='lat'><strong>&gt;</strong></span> 
     </span>
    </p>

    <p class='ocr_par' dir='ltr' id='par_1_21' title="bbox 1402 411 2464 932">
     <span class='ocr_line' id='line_1_47' title="bbox 1456 411 2460 461; baseline 0.001 -13"><span class='ocrx_word' id='word_1_314' title='bbox 1456 412 1604 459; x_wconf 89' lang='lat' dir='ltr'>Tertio,</span> <span class='ocrx_word' id='word_1_315' title='bbox 1635 411 1722 460; x_wconf 90' lang='lat' dir='ltr'>quia</span> <span class='ocrx_word' id='word_1_316' title='bbox 1754 412 1812 451; x_wconf 79' lang='lat' dir='ltr'>ille</span> <span class='ocrx_word' id='word_1_317' title='bbox 1841 412 1907 460; x_wconf 92' lang='lat' dir='ltr'>qui</span> <span class='ocrx_word' id='word_1_318' title='bbox 1938 420 2071 461; x_wconf 90' lang='lat' dir='ltr'>peccat</span> <span class='ocrx_word' id='word_1_319' title='bbox 2099 425 2144 449; x_wconf 88' lang='lat' dir='ltr'>ex</span> <span class='ocrx_word' id='word_1_320' title='bbox 2173 420 2273 450; x_wconf 92' lang='lat' dir='ltr'>certa</span> <span class='ocrx_word' id='word_1_321' title='bbox 2300 413 2460 459; x_wconf 90' lang='lat' dir='ltr'>malitia,</span> 
     </span>
     <span class='ocr_line' id='line_1_48' title="bbox 1403 443 2463 525; baseline 0.003 -25"><span class='ocrx_word' id='word_1_322' title='bbox 1403 472 1458 500; x_wconf 91' lang='lat' dir='ltr'>est</span> <span class='ocrx_word' id='word_1_323' title='bbox 1477 465 1575 500; x_wconf 89' lang='lat' dir='ltr'>male</span> <span class='ocrx_word' id='word_1_324' title='bbox 1597 464 1817 519; x_wconf 76' lang='lat' dir='ltr'>dispositus</span> <span class='ocrx_word' id='word_1_325' title='bbox 1819 473 2011 514; x_wconf 87' lang='lat' dir='ltr'>quantum</span> <span class='ocrx_word' id='word_1_326' title='bbox 2031 466 2107 502; x_wconf 89' lang='lat' dir='ltr'>ad</span> <span class='ocrx_word' id='word_1_327' title='bbox 2098 478 2224 525; x_wconf 79' lang='lat' dir='ltr'>ipsum</span> <span class='ocrx_word' id='word_1_328' title='bbox 2244 466 2375 525; x_wconf 83' lang='lat' dir='ltr'>finem,</span> <span class='ocrx_word' id='word_1_329' title='bbox 2397 443 2463 513; x_wconf 88' lang='lat' dir='ltr'>qui</span> 
     </span>
     <span class='ocr_line' id='line_1_49' title="bbox 1403 516 2462 566; baseline 0.005 -15"><span class='ocrx_word' id='word_1_330' title='bbox 1403 524 1458 552; x_wconf 89' lang='lat' dir='ltr'>est</span> <span class='ocrx_word' id='word_1_331' title='bbox 1486 516 1713 564; x_wconf 90' lang='lat' dir='ltr'>principium</span> <span class='ocrx_word' id='word_1_332' title='bbox 1742 518 1779 553; x_wconf 94' lang='lat' dir='ltr'>in</span> <span class='ocrx_word' id='word_1_333' title='bbox 1796 518 2075 566; x_wconf 88' lang='lat' dir='ltr'>operabilibus.</span> <span class='ocrx_word' id='word_1_334' title='bbox 2105 519 2154 555; x_wconf 92' lang='lat' dir='ltr'>Et</span> <span class='ocrx_word' id='word_1_335' title='bbox 2181 519 2233 555; x_wconf 91' lang='lat' dir='ltr'>sic</span> <span class='ocrx_word' id='word_1_336' title='bbox 2263 518 2342 556; x_wconf 90' lang='lat' dir='ltr'>eius</span> <span class='ocrx_word' id='word_1_337' title='bbox 2362 519 2462 556; x_wconf 90' lang='lat' dir='ltr'>defe-</span> 
     </span>
     <span class='ocr_line' id='line_1_50' title="bbox 1404 569 2461 621; baseline 0.005 -18"><span class='ocrx_word' id='word_1_338' title='bbox 1404 576 1484 604; x_wconf 89' lang='lat' dir='ltr'>ctus</span> <span class='ocrx_word' id='word_1_339' title='bbox 1513 576 1568 604; x_wconf 90' lang='lat' dir='ltr'>est</span> <span class='ocrx_word' id='word_1_340' title='bbox 1594 569 1841 616; x_wconf 89' lang='lat' dir='ltr'>periculosior</span> <span class='ocrx_word' id='word_1_341' title='bbox 1869 583 1985 619; x_wconf 90' lang='lat' dir='ltr'>quarn</span> <span class='ocrx_word' id='word_1_342' title='bbox 2014 571 2094 608; x_wconf 89' lang='lat' dir='ltr'>eius</span> <span class='ocrx_word' id='word_1_343' title='bbox 2119 571 2182 620; x_wconf 91' lang='lat' dir='ltr'>qui</span> <span class='ocrx_word' id='word_1_344' title='bbox 2212 583 2256 608; x_wconf 85' lang='lat' dir='ltr'>ex</span> <span class='ocrx_word' id='word_1_345' title='bbox 2284 572 2461 621; x_wconf 88' lang='lat' dir='ltr'>passione</span> 
     </span>
     <span class='ocr_line' id='line_1_51' title="bbox 1402 621 2460 681; baseline 0.007 -26"><span class='ocrx_word' id='word_1_346' title='bbox 1402 629 1546 669; x_wconf 90' lang='lat' dir='ltr'>peccat,</span> <span class='ocrx_word' id='word_1_347' title='bbox 1568 621 1672 657; x_wconf 90' lang='lat' dir='ltr'>cuius</span> <span class='ocrx_word' id='word_1_348' title='bbox 1695 623 1934 681; x_wconf 73' lang='lat' dir='ltr'>propositum</span> <span class='ocrx_word' id='word_1_349' title='bbox 1954 624 2072 660; x_wconf 90' lang='lat' dir='ltr'>tendit</span> <span class='ocrx_word' id='word_1_350' title='bbox 2099 624 2137 660; x_wconf 92' lang='lat' dir='ltr'>in</span> <span class='ocrx_word' id='word_1_351' title='bbox 2165 625 2311 661; x_wconf 89' lang='lat' dir='ltr'>bonum</span> <span class='ocrx_word' id='word_1_352' title='bbox 2331 626 2460 671; x_wconf 90' lang='lat' dir='ltr'>finem,</span> 
     </span>
     <span class='ocr_line' id='line_1_52' title="bbox 1403 673 2462 737; baseline 0.006 -28"><span class='ocrx_word' id='word_1_353' title='bbox 1403 673 1490 709; x_wconf 90' lang='lat' dir='ltr'>licet</span> <span class='ocrx_word' id='word_1_354' title='bbox 1503 674 1576 709; x_wconf 91' lang='lat' dir='ltr'>hoc</span> <span class='ocrx_word' id='word_1_355' title='bbox 1591 674 1831 731; x_wconf 83' lang='lat' dir='ltr'>propositum</span> <span class='ocrx_word' id='word_1_356' title='bbox 1850 675 2146 725; x_wconf 86' lang='lat' dir='ltr'>interrumpatur</span> <span class='ocrx_word' id='word_1_357' title='bbox 2159 677 2208 714; x_wconf 92' lang='lat' dir='ltr'>ad</span> <span class='ocrx_word' id='word_1_358' title='bbox 2223 678 2360 714; x_wconf 90' lang='lat' dir='ltr'>horam</span> <span class='ocrx_word' id='word_1_359' title='bbox 2374 690 2462 737; x_wconf 79' lang='lat' dir='ltr'>pro-</span> 
     </span>
     <span class='ocr_line' id='line_1_53' title="bbox 1403 726 2464 784; baseline 0.007 -23"><span class='ocrx_word' id='word_1_360' title='bbox 1403 733 1486 774; x_wconf 89' lang='lat' dir='ltr'>pter</span> <span class='ocrx_word' id='word_1_361' title='bbox 1513 726 1743 784; x_wconf 82' lang='lat' dir='ltr'>passionem.</span> <span class='ocrx_word' id='word_1_362' title='bbox 1775 727 1935 775; x_wconf 88' lang='lat' dir='ltr'>Semper</span> <span class='ocrx_word' id='word_1_363' title='bbox 1957 737 2084 765; x_wconf 88' lang='lat' dir='ltr'>autem</span> <span class='ocrx_word' id='word_1_364' title='bbox 2107 729 2272 767; x_wconf 90' lang='lat' dir='ltr'>defectus</span> <span class='ocrx_word' id='word_1_365' title='bbox 2292 730 2464 779; x_wconf 90' lang='lat' dir='ltr'>principii</span> 
     </span>
     <span class='ocr_line' id='line_1_54' title="bbox 1405 778 2462 831; baseline 0.007 -17"><span class='ocrx_word' id='word_1_366' title='bbox 1405 786 1460 814; x_wconf 94' lang='lat' dir='ltr'>est</span> <span class='ocrx_word' id='word_1_367' title='bbox 1477 778 1675 826; x_wconf 86' lang='lat' dir='ltr'>pessimus.</span> <span class='ocrx_word' id='word_1_368' title='bbox 1708 779 1816 816; x_wconf 91' lang='lat' dir='ltr'>Unde</span> <span class='ocrx_word' id='word_1_369' title='bbox 1841 780 2082 818; x_wconf 89' lang='lat' dir='ltr'>manifestum</span> <span class='ocrx_word' id='word_1_370' title='bbox 2104 791 2159 819; x_wconf 89' lang='lat' dir='ltr'>est</span> <span class='ocrx_word' id='word_1_371' title='bbox 2178 783 2282 831; x_wconf 91' lang='lat' dir='ltr'>quod</span> <span class='ocrx_word' id='word_1_372' title='bbox 2311 783 2462 831; x_wconf 89' lang='lat' dir='ltr'>gravius</span> 
     </span>
     <span class='ocr_line' id='line_1_55' title="bbox 1405 832 2463 884; baseline 0.007 -18"><span class='ocrx_word' id='word_1_373' title='bbox 1405 839 1460 867; x_wconf 90' lang='lat' dir='ltr'>est</span> <span class='ocrx_word' id='word_1_374' title='bbox 1487 839 1687 879; x_wconf 88' lang='lat' dir='ltr'>peccatum</span> <span class='ocrx_word' id='word_1_375' title='bbox 1708 832 1812 880; x_wconf 90' lang='lat' dir='ltr'>quod</span> <span class='ocrx_word' id='word_1_376' title='bbox 1841 840 1962 869; x_wconf 84' lang='lat' dir='ltr'>estex</span> <span class='ocrx_word' id='word_1_377' title='bbox 1991 834 2131 871; x_wconf 90' lang='lat' dir='ltr'>malitia</span> <span class='ocrx_word' id='word_1_378' title='bbox 2151 841 2182 882; x_wconf 71' lang='grc' dir='ltr'>η,</span> <span class='ocrx_word' id='word_1_379' title='bbox 2211 848 2327 883; x_wconf 89' lang='lat' dir='ltr'>quam</span> <span class='ocrx_word' id='word_1_380' title='bbox 2357 836 2463 884; x_wconf 90' lang='lat' dir='ltr'>quod</span> 
     </span>
     <span class='ocr_line' id='line_1_56' title="bbox 1404 883 1750 932; baseline 0 -12"><span class='ocrx_word' id='word_1_381' title='bbox 1404 891 1459 920; x_wconf 91' lang='lat' dir='ltr'>est</span> <span class='ocrx_word' id='word_1_382' title='bbox 1488 896 1533 920; x_wconf 86' lang='lat' dir='ltr'>ex</span> <span class='ocrx_word' id='word_1_383' title='bbox 1560 883 1750 932; x_wconf 89' lang='lat' dir='ltr'>passione.</span> 
     </span>
    </p>

    <p class='ocr_par' dir='ltr' id='par_1_22' title="bbox 1405 938 2464 1195">
     <span class='ocr_line' id='line_1_57' title="bbox 1457 938 2464 986; baseline 0.006 -14"><span class='ocrx_word' id='word_1_384' title='bbox 1457 938 1514 972; x_wconf 84' lang='lat' dir='ltr'>An</span> <span class='ocrx_word' id='word_1_385' title='bbox 1544 948 1680 973; x_wconf 83' lang='lat' dir='ltr'>PRlMUM</span> <span class='ocrx_word' id='word_1_386' title='bbox 1709 948 1806 973; x_wconf 82' lang='lat' dir='ltr'>ERGO</span> <span class='ocrx_word' id='word_1_387' title='bbox 1828 949 2011 974; x_wconf 74' lang='lat' dir='ltr'><strong>DICENDUM</strong></span> <span class='ocrx_word' id='word_1_388' title='bbox 2031 939 2136 986; x_wconf 92' lang='lat' dir='ltr'>quod</span> <span class='ocrx_word' id='word_1_389' title='bbox 2164 939 2371 986; x_wconf 89' lang='lat' dir='ltr'>ignorantia</span> <span class='ocrx_word' id='word_1_390' title='bbox 2393 942 2464 977; x_wconf 92' lang='lat' dir='ltr'>ele-</span> 
     </span>
     <span class='ocr_line' id='line_1_58' title="bbox 1405 989 2464 1041; baseline 0.005 -16"><span class='ocrx_word' id='word_1_391' title='bbox 1405 989 1550 1035; x_wconf 91' lang='lat' dir='ltr'>ctionis,</span> <span class='ocrx_word' id='word_1_392' title='bbox 1581 989 1627 1026; x_wconf 91' lang='lat' dir='ltr'>de</span> <span class='ocrx_word' id='word_1_393' title='bbox 1656 1001 1732 1036; x_wconf 90' lang='lat' dir='ltr'>qua</span> <span class='ocrx_word' id='word_1_394' title='bbox 1760 989 1922 1026; x_wconf 87' lang='lat' dir='ltr'>obiectio</span> <span class='ocrx_word' id='word_1_395' title='bbox 1955 991 2138 1038; x_wconf 88' lang='lat' dir='ltr'>procedit,</span> <span class='ocrx_word' id='word_1_396' title='bbox 2159 1004 2283 1041; x_wconf 90' lang='lat' dir='ltr'>neque</span> <span class='ocrx_word' id='word_1_397' title='bbox 2313 1002 2464 1030; x_wconf 89' lang='lat' dir='ltr'>excusat</span> 
     </span>
     <span class='ocr_line' id='line_1_59' title="bbox 1405 1041 2462 1092; baseline 0.006 -15"><span class='ocrx_word' id='word_1_398' title='bbox 1405 1054 1529 1091; x_wconf 89' lang='lat' dir='ltr'>neque</span> <span class='ocrx_word' id='word_1_399' title='bbox 1559 1041 1733 1078; x_wconf 89' lang='lat' dir='ltr'>diminuit</span> <span class='ocrx_word' id='word_1_400' title='bbox 1766 1050 1966 1090; x_wconf 90' lang='lat' dir='ltr'>peccatum</span> <span class='ocrx_word' id='word_1_401' title='bbox 1986 1043 2020 1089; x_wconf 70' lang='lat'>²¹⁶,</span> <span class='ocrx_word' id='word_1_402' title='bbox 2050 1052 2091 1080; x_wconf 90' lang='lat' dir='ltr'>ut</span> <span class='ocrx_word' id='word_1_403' title='bbox 2119 1057 2233 1092; x_wconf 89' lang='lat' dir='ltr'>supra</span> <span class='ocrx_word' id='word_1_404' title='bbox 2253 1045 2294 1067; x_wconf 50' lang='grc' dir='ltr'>Ν</span> <span class='ocrx_word' id='word_1_405' title='bbox 2323 1046 2462 1083; x_wconf 91' lang='lat' dir='ltr'>dictum</span> 
     </span>
     <span class='ocr_line' id='line_1_60' title="bbox 1405 1095 2463 1142; baseline 0.005 -12"><span class='ocrx_word' id='word_1_406' title='bbox 1405 1103 1470 1131; x_wconf 89' lang='lat' dir='ltr'>est.</span> <span class='ocrx_word' id='word_1_407' title='bbox 1501 1095 1612 1131; x_wconf 91' lang='lat' dir='ltr'>Unde</span> <span class='ocrx_word' id='word_1_408' title='bbox 1640 1106 1764 1142; x_wconf 92' lang='lat' dir='ltr'>neque</span> <span class='ocrx_word' id='word_1_409' title='bbox 1793 1095 1915 1131; x_wconf 90' lang='lat' dir='ltr'>maior</span> <span class='ocrx_word' id='word_1_410' title='bbox 1942 1095 2153 1142; x_wconf 85' lang='lat' dir='ltr'>ignorantia</span> <span class='ocrx_word' id='word_1_411' title='bbox 2177 1097 2256 1133; x_wconf 86' lang='lat' dir='ltr'>talis</span> <span class='ocrx_word' id='word_1_412' title='bbox 2276 1099 2363 1135; x_wconf 88' lang='lat' dir='ltr'>facit</span> <span class='ocrx_word' id='word_1_413' title='bbox 2383 1111 2463 1135; x_wconf 90' lang='lat' dir='ltr'>esse</span> 
     </span>
     <span class='ocr_line' id='line_1_61' title="bbox 1405 1147 1771 1195; baseline 0 -11"><span class='ocrx_word' id='word_1_414' title='bbox 1405 1147 1531 1184; x_wconf 85' lang='lat' dir='ltr'>minus</span> <span class='ocrx_word' id='word_1_415' title='bbox 1559 1155 1771 1195; x_wconf 90' lang='lat' dir='ltr'>peccatum.</span> 
     </span>
    </p>

    <p class='ocr_par' dir='ltr' id='par_1_23' title="bbox 1404 1201 2466 1398">
     <span class='ocr_line' id='line_1_62' title="bbox 1458 1201 2466 1260; baseline 0.004 -24"><span class='ocrx_word' id='word_1_416' title='bbox 1458 1202 1516 1237; x_wconf 77' lang='lat' dir='ltr'>Ao</span> <span class='ocrx_word' id='word_1_417' title='bbox 1545 1212 1734 1237; x_wconf 77' lang='lat' dir='ltr'>SECUNDUM</span> <span class='ocrx_word' id='word_1_418' title='bbox 1753 1212 1936 1237; x_wconf 76' lang='lat' dir='ltr'>mcENDUM</span> <span class='ocrx_word' id='word_1_419' title='bbox 1965 1202 2070 1248; x_wconf 90' lang='lat' dir='ltr'>quod</span> <span class='ocrx_word' id='word_1_420' title='bbox 2090 1201 2266 1260; x_wconf 75' lang='lat' dir='ltr'>impulsIo</span> <span class='ocrx_word' id='word_1_421' title='bbox 2292 1216 2389 1252; x_wconf 89' lang='lat' dir='ltr'>quae</span> <span class='ocrx_word' id='word_1_422' title='bbox 2411 1211 2466 1240; x_wconf 88' lang='lat' dir='ltr'>est</span> 
     </span>
     <span class='ocr_line' id='line_1_63' title="bbox 1405 1253 2465 1304; baseline 0.004 -15"><span class='ocrx_word' id='word_1_423' title='bbox 1405 1265 1450 1289; x_wconf 85' lang='lat' dir='ltr'>ex</span> <span class='ocrx_word' id='word_1_424' title='bbox 1478 1253 1667 1301; x_wconf 88' lang='lat' dir='ltr'>passione,</span> <span class='ocrx_word' id='word_1_425' title='bbox 1690 1261 1743 1289; x_wconf 92' lang='lat' dir='ltr'>est</span> <span class='ocrx_word' id='word_1_426' title='bbox 1763 1253 1870 1301; x_wconf 89' lang='lat' dir='ltr'>quasi</span> <span class='ocrx_word' id='word_1_427' title='bbox 1891 1265 1934 1290; x_wconf 84' lang='lat' dir='ltr'>ex</span> <span class='ocrx_word' id='word_1_428' title='bbox 1964 1254 2135 1290; x_wconf 82' lang='lat' dir='ltr'>exteriori</span> <span class='ocrx_word' id='word_1_429' title='bbox 2154 1253 2166 1276; x_wconf 66' lang='grc' dir='ltr'><strong>θ</strong></span> <span class='ocrx_word' id='word_1_430' title='bbox 2197 1264 2369 1304; x_wconf 88' lang='lat' dir='ltr'>respectu</span> <span class='ocrx_word' id='word_1_431' title='bbox 2396 1269 2465 1293; x_wconf 90' lang='lat' dir='ltr'>vo-</span> 
     </span>
     <span class='ocr_line' id='line_1_64' title="bbox 1404 1306 2465 1360; baseline 0.005 -18"><span class='ocrx_word' id='word_1_432' title='bbox 1404 1306 1570 1343; x_wconf 90' lang='lat' dir='ltr'>luntatis:</span> <span class='ocrx_word' id='word_1_433' title='bbox 1592 1306 1659 1342; x_wconf 91' lang='lat' dir='ltr'>sed</span> <span class='ocrx_word' id='word_1_434' title='bbox 1673 1317 1743 1354; x_wconf 91' lang='lat' dir='ltr'>per</span> <span class='ocrx_word' id='word_1_435' title='bbox 1761 1306 1933 1343; x_wconf 90' lang='lat' dir='ltr'>habitum</span> <span class='ocrx_word' id='word_1_436' title='bbox 1953 1306 2152 1344; x_wconf 90' lang='lat' dir='ltr'>inclinatur</span> <span class='ocrx_word' id='word_1_437' title='bbox 2165 1309 2342 1346; x_wconf 88' lang='lat' dir='ltr'>voluntas</span> <span class='ocrx_word' id='word_1_438' title='bbox 2357 1310 2465 1360; x_wconf 89' lang='lat' dir='ltr'>quasi</span> 
     </span>
     <span class='ocr_line' id='line_1_65' title="bbox 1405 1358 2326 1398; baseline 0.003 -3"><span class='ocrx_word' id='word_1_439' title='bbox 1405 1359 1453 1395; x_wconf 90' lang='lat' dir='ltr'>ab</span> <span class='ocrx_word' id='word_1_440' title='bbox 1482 1358 1659 1395; x_wconf 87' lang='lat' dir='ltr'>interiori.</span> <span class='ocrx_word' id='word_1_441' title='bbox 1689 1359 1800 1396; x_wconf 91' lang='lat' dir='ltr'>Unde</span> <span class='ocrx_word' id='word_1_442' title='bbox 1827 1371 1906 1395; x_wconf 92' lang='lat' dir='ltr'>non</span> <span class='ocrx_word' id='word_1_443' title='bbox 1935 1367 1990 1395; x_wconf 92' lang='lat' dir='ltr'>est</span> <span class='ocrx_word' id='word_1_444' title='bbox 2017 1360 2148 1397; x_wconf 89' lang='lat' dir='ltr'>similis</span> <span class='ocrx_word' id='word_1_445' title='bbox 2177 1361 2326 1398; x_wconf 89' lang='lat' dir='ltr'>ratio..</span> 
     </span>
    </p>

    <p class='ocr_par' dir='ltr' id='par_1_24' title="bbox 1404 1413 2465 1938">
     <span class='ocr_line' id='line_1_66' title="bbox 1459 1413 2464 1463; baseline 0.004 -15"><span class='ocrx_word' id='word_1_446' title='bbox 1459 1413 1516 1448; x_wconf 78' lang='lat' dir='ltr'>Au</span> <span class='ocrx_word' id='word_1_447' title='bbox 1544 1423 1702 1448; x_wconf 71' lang='grc' dir='ltr'>τιῑιιτιυινι</span> <span class='ocrx_word' id='word_1_448' title='bbox 1731 1423 1915 1448; x_wconf 79' lang='lat' dir='ltr'>DICENDUM</span> <span class='ocrx_word' id='word_1_449' title='bbox 1947 1413 2053 1460; x_wconf 92' lang='lat' dir='ltr'>quod</span> <span class='ocrx_word' id='word_1_450' title='bbox 2085 1414 2186 1450; x_wconf 88' lang='lat' dir='ltr'>aliud</span> <span class='ocrx_word' id='word_1_451' title='bbox 2224 1421 2279 1451; x_wconf 92' lang='lat' dir='ltr'>est</span> <span class='ocrx_word' id='word_1_452' title='bbox 2305 1426 2464 1463; x_wconf 88' lang='lat' dir='ltr'>peccare</span> 
     </span>
     <span class='ocr_line' id='line_1_67' title="bbox 1405 1464 2464 1512; baseline 0.003 -11"><span class='ocrx_word' id='word_1_453' title='bbox 1405 1465 1619 1512; x_wconf 88' lang='lat' dir='ltr'>eligentem,</span> <span class='ocrx_word' id='word_1_454' title='bbox 1640 1472 1677 1501; x_wconf 90' lang='lat' dir='ltr'>et</span> <span class='ocrx_word' id='word_1_455' title='bbox 1696 1464 1796 1501; x_wconf 90' lang='lat' dir='ltr'>aliud</span> <span class='ocrx_word' id='word_1_456' title='bbox 1814 1476 1974 1512; x_wconf 89' lang='lat' dir='ltr'>peccare</span> <span class='ocrx_word' id='word_1_457' title='bbox 1995 1477 2040 1501; x_wconf 82' lang='lat' dir='ltr'>ex</span> <span class='ocrx_word' id='word_1_458' title='bbox 2060 1466 2253 1503; x_wconf 90' lang='lat' dir='ltr'>electione.</span> <span class='ocrx_word' id='word_1_459' title='bbox 2279 1468 2342 1503; x_wconf 90' lang='lat' dir='ltr'>Ille</span> <span class='ocrx_word' id='word_1_460' title='bbox 2362 1467 2464 1504; x_wconf 90' lang='lat' dir='ltr'>enim</span> 
     </span>
     <span class='ocr_line' id='line_1_68' title="bbox 1405 1517 2465 1567; baseline 0.004 -14"><span class='ocrx_word' id='word_1_461' title='bbox 1405 1517 1470 1565; x_wconf 91' lang='lat' dir='ltr'>qui</span> <span class='ocrx_word' id='word_1_462' title='bbox 1489 1525 1622 1565; x_wconf 90' lang='lat' dir='ltr'>peccat</span> <span class='ocrx_word' id='word_1_463' title='bbox 1637 1529 1682 1554; x_wconf 88' lang='lat' dir='ltr'>ex</span> <span class='ocrx_word' id='word_1_464' title='bbox 1696 1517 1886 1566; x_wconf 84' lang='lat' dir='ltr'>passione,</span> <span class='ocrx_word' id='word_1_465' title='bbox 1901 1526 2034 1566; x_wconf 90' lang='lat' dir='ltr'>peccat</span> <span class='ocrx_word' id='word_1_466' title='bbox 2049 1518 2202 1567; x_wconf 88' lang='lat' dir='ltr'>quidem</span> <span class='ocrx_word' id='word_1_467' title='bbox 2220 1519 2370 1566; x_wconf 88' lang='lat' dir='ltr'>eligens,</span> <span class='ocrx_word' id='word_1_468' title='bbox 2386 1532 2465 1557; x_wconf 92' lang='lat' dir='ltr'>non</span> 
     </span>
     <span class='ocr_line' id='line_1_69' title="bbox 1404 1570 2465 1622; baseline 0.003 -16"><span class='ocrx_word' id='word_1_469' title='bbox 1404 1578 1534 1607; x_wconf 90' lang='lat' dir='ltr'>tamen</span> <span class='ocrx_word' id='word_1_470' title='bbox 1555 1582 1606 1606; x_wconf 85' lang='lat' dir='ltr'>ex·</span> <span class='ocrx_word' id='word_1_471' title='bbox 1620 1570 1818 1606; x_wconf 88' lang='lat' dir='ltr'>electione:</span> <span class='ocrx_word' id='word_1_472' title='bbox 1841 1570 1928 1618; x_wconf 89' lang='lat' dir='ltr'>quia</span> <span class='ocrx_word' id='word_1_473' title='bbox 1949 1571 2080 1607; x_wconf 89' lang='lat' dir='ltr'>electio</span> <span class='ocrx_word' id='word_1_474' title='bbox 2101 1583 2179 1608; x_wconf 91' lang='lat' dir='ltr'>non</span> <span class='ocrx_word' id='word_1_475' title='bbox 2200 1580 2255 1609; x_wconf 91' lang='lat' dir='ltr'>est</span> <span class='ocrx_word' id='word_1_476' title='bbox 2273 1572 2311 1609; x_wconf 93' lang='lat' dir='ltr'>in</span> <span class='ocrx_word' id='word_1_477' title='bbox 2332 1585 2377 1609; x_wconf 88' lang='lat' dir='ltr'>eo</span> <span class='ocrx_word' id='word_1_478' title='bbox 2393 1573 2465 1622; x_wconf 94' lang='lat' dir='ltr'>pri-</span> 
     </span>
     <span class='ocr_line' id='line_1_70' title="bbox 1405 1622 2465 1674; baseline 0.003 -15"><span class='ocrx_word' id='word_1_479' title='bbox 1405 1635 1511 1660; x_wconf 90' lang='lat' dir='ltr'>murn</span> <span class='ocrx_word' id='word_1_480' title='bbox 1527 1623 1671 1671; x_wconf 89' lang='lat' dir='ltr'>peccati</span> <span class='ocrx_word' id='word_1_481' title='bbox 1685 1622 1925 1671; x_wconf 89' lang='lat' dir='ltr'>principium,</span> <span class='ocrx_word' id='word_1_482' title='bbox 1942 1624 2008 1660; x_wconf 92' lang='lat' dir='ltr'>sed</span> <span class='ocrx_word' id='word_1_483' title='bbox 2024 1623 2213 1661; x_wconf 88' lang='lat' dir='ltr'>inducitur</span> <span class='ocrx_word' id='word_1_484' title='bbox 2228 1637 2273 1661; x_wconf 83' lang='lat' dir='ltr'>ex</span> <span class='ocrx_word' id='word_1_485' title='bbox 2288 1625 2465 1674; x_wconf 90' lang='lat' dir='ltr'>passione</span> 
     </span>
     <span class='ocr_line' id='line_1_71' title="bbox 1405 1676 2465 1725; baseline 0.003 -13"><span class='ocrx_word' id='word_1_486' title='bbox 1405 1677 1454 1713; x_wconf 90' lang='lat' dir='ltr'>ad</span> <span class='ocrx_word' id='word_1_487' title='bbox 1483 1676 1697 1723; x_wconf 89' lang='lat' dir='ltr'>eligendum</span> <span class='ocrx_word' id='word_1_488' title='bbox 1725 1676 1762 1712; x_wconf 95' lang='lat' dir='ltr'>id</span> <span class='ocrx_word' id='word_1_489' title='bbox 1790 1676 1892 1723; x_wconf 89' lang='lat' dir='ltr'>quod</span> <span class='ocrx_word' id='word_1_490' title='bbox 1924 1684 2026 1713; x_wconf 87' lang='lat' dir='ltr'>extra</span> <span class='ocrx_word' id='word_1_491' title='bbox 2057 1677 2275 1725; x_wconf 90' lang='lat' dir='ltr'>passionem</span> <span class='ocrx_word' id='word_1_492' title='bbox 2305 1678 2465 1715; x_wconf 86' lang='lat' dir='ltr'>existens</span> 
     </span>
     <span class='ocr_line' id='line_1_72' title="bbox 1404 1728 2464 1779; baseline 0.003 -14"><span class='ocrx_word' id='word_1_493' title='bbox 1404 1741 1482 1765; x_wconf 94' lang='lat' dir='ltr'>non</span> <span class='ocrx_word' id='word_1_494' title='bbox 1503 1729 1663 1776; x_wconf 87' lang='lat' dir='ltr'>eligeret.</span> <span class='ocrx_word' id='word_1_495' title='bbox 1694 1728 1771 1765; x_wconf 89' lang='lat' dir='ltr'>Sed</span> <span class='ocrx_word' id='word_1_496' title='bbox 1798 1729 1858 1765; x_wconf 90' lang='lat' dir='ltr'>ille</span> <span class='ocrx_word' id='word_1_497' title='bbox 1878 1729 1942 1777; x_wconf 91' lang='lat' dir='ltr'>qui</span> <span class='ocrx_word' id='word_1_498' title='bbox 1961 1738 2092 1778; x_wconf 89' lang='lat' dir='ltr'>peccat</span> <span class='ocrx_word' id='word_1_499' title='bbox 2120 1742 2164 1766; x_wconf 86' lang='lat' dir='ltr'>ex</span> <span class='ocrx_word' id='word_1_500' title='bbox 2184 1738 2284 1767; x_wconf 90' lang='lat' dir='ltr'>certa</span> <span class='ocrx_word' id='word_1_501' title='bbox 2312 1731 2464 1779; x_wconf 88' lang='lat' dir='ltr'>malitia,</span> 
     </span>
     <span class='ocr_line' id='line_1_73' title="bbox 1405 1781 2464 1831; baseline 0.003 -13"><span class='ocrx_word' id='word_1_502' title='bbox 1405 1781 1616 1818; x_wconf 89' lang='lat' dir='ltr'>secundum</span> <span class='ocrx_word' id='word_1_503' title='bbox 1636 1793 1676 1818; x_wconf 91' lang='lat' dir='ltr'>se</span> <span class='ocrx_word' id='word_1_504' title='bbox 1697 1781 1794 1829; x_wconf 88' lang='lat' dir='ltr'>eligit</span> <span class='ocrx_word' id='word_1_505' title='bbox 1822 1783 1977 1828; x_wconf 89' lang='lat' dir='ltr'>malurn,</span> <span class='ocrx_word' id='word_1_506' title='bbox 2005 1795 2051 1819; x_wconf 95' lang='lat' dir='ltr'>eo</span> <span class='ocrx_word' id='word_1_507' title='bbox 2077 1783 2195 1820; x_wconf 90' lang='lat' dir='ltr'>modo</span> <span class='ocrx_word' id='word_1_508' title='bbox 2216 1795 2292 1831; x_wconf 92' lang='lat' dir='ltr'>quo</span> <span class='ocrx_word' id='word_1_509' title='bbox 2322 1784 2464 1821; x_wconf 88' lang='lat' dir='ltr'>dictum</span> 
     </span>
     <span class='ocr_line' id='line_1_74' title="bbox 1406 1834 2464 1885; baseline 0.003 -15"><span class='ocrx_word' id='word_1_510' title='bbox 1406 1842 1460 1871; x_wconf 91' lang='lat' dir='ltr'>est</span> <span class='ocrx_word' id='word_1_511' title='bbox 1478 1834 1508 1871; x_wconf 66' lang='lat'>³³⁶.</span> <span class='ocrx_word' id='word_1_512' title='bbox 1536 1835 1584 1871; x_wconf 90' lang='lat' dir='ltr'>Et</span> <span class='ocrx_word' id='word_1_513' title='bbox 1602 1834 1689 1871; x_wconf 93' lang='lat' dir='ltr'>ideo</span> <span class='ocrx_word' id='word_1_514' title='bbox 1710 1835 1843 1871; x_wconf 92' lang='lat' dir='ltr'>electio</span> <span class='ocrx_word' id='word_1_515' title='bbox 1864 1834 1901 1871; x_wconf 91' lang='lat' dir='ltr'>in</span> <span class='ocrx_word' id='word_1_516' title='bbox 1923 1841 1930 1855; x_wconf 89' lang='lat'>‘</span> <span class='ocrx_word' id='word_1_517' title='bbox 1950 1835 2034 1883; x_wconf 91' lang='lat' dir='ltr'>ipso</span> <span class='ocrx_word' id='word_1_518' title='bbox 2055 1843 2110 1872; x_wconf 92' lang='lat' dir='ltr'>est</span> <span class='ocrx_word' id='word_1_519' title='bbox 2128 1836 2356 1884; x_wconf 90' lang='lat' dir='ltr'>principium</span> <span class='ocrx_word' id='word_1_520' title='bbox 2377 1850 2464 1885; x_wconf 92' lang='lat' dir='ltr'>pec-</span> 
     </span>
     <span class='ocr_line' id='line_1_75' title="bbox 1405 1887 2463 1938; baseline 0.004 -15"><span class='ocrx_word' id='word_1_521' title='bbox 1405 1887 1492 1933; x_wconf 87' lang='lat' dir='ltr'>cati;</span> <span class='ocrx_word' id='word_1_522' title='bbox 1523 1895 1559 1923; x_wconf 93' lang='lat' dir='ltr'>et</span> <span class='ocrx_word' id='word_1_523' title='bbox 1577 1894 1731 1935; x_wconf 88' lang='lat' dir='ltr'>propter</span> <span class='ocrx_word' id='word_1_524' title='bbox 1757 1888 1832 1924; x_wconf 89' lang='lat' dir='ltr'>hoc</span> <span class='ocrx_word' id='word_1_525' title='bbox 1861 1887 1994 1924; x_wconf 92' lang='lat' dir='ltr'>dicitur</span> <span class='ocrx_word' id='word_1_526' title='bbox 2020 1900 2064 1924; x_wconf 87' lang='lat' dir='ltr'>ex</span> <span class='ocrx_word' id='word_1_527' title='bbox 2085 1889 2267 1925; x_wconf 91' lang='lat' dir='ltr'>electione</span> <span class='ocrx_word' id='word_1_528' title='bbox 2296 1902 2463 1938; x_wconf 87' lang='lat' dir='ltr'>peccare.</span> 
     </span>
    </p>
   </div>
   <div class='ocr_carea' id='block_1_14' title="bbox 1406 2001 2470 2245">
    <p class='ocr_par' dir='ltr' id='par_1_25' title="bbox 1406 2001 2468 2061">
     <span class='ocr_line' id='line_1_76' title="bbox 1406 2001 2468 2061; baseline 0.003 -35"><span class='ocrx_word' id='word_1_529' title='bbox 1406 2002 1480 2061; x_wconf 59' lang='grc' dir='ltr'>ωε)</span> <span class='ocrx_word' id='word_1_530' title='bbox 1497 2005 1633 2033; x_wconf 81' lang='lat' dir='ltr'>peccatur.</span> <span class='ocrx_word' id='word_1_531' title='bbox 1651 2015 1670 2020; x_wconf 99' lang='lat'><em>-</em></span> <span class='ocrx_word' id='word_1_532' title='bbox 1683 2004 1778 2033; x_wconf 79' lang='lat' dir='ltr'>peccat</span> <span class='ocrx_word' id='word_1_533' title='bbox 1796 2001 1848 2031; x_wconf 84' lang='lat' dir='ltr'>sD;</span> <span class='ocrx_word' id='word_1_534' title='bbox 1867 2008 1915 2033; x_wconf 87' lang='lat' dir='ltr'>pro</span> <span class='ocrx_word' id='word_1_535' title='bbox 1934 2001 2060 2033; x_wconf 79' lang='lat' dir='ltr'>impulsu,</span> <span class='ocrx_word' id='word_1_536' title='bbox 2085 2002 2197 2034; x_wconf 84' lang='lat' dir='ltr'>impulso</span> <span class='ocrx_word' id='word_1_537' title='bbox 2216 2003 2248 2034; x_wconf 83' lang='lat' dir='ltr'>H,</span> <span class='ocrx_word' id='word_1_538' title='bbox 2268 2003 2382 2035; x_wconf 80' lang='lat' dir='ltr'>impulsa</span> <span class='ocrx_word' id='word_1_539' title='bbox 2404 2005 2468 2029; x_wconf 88' lang='grc' dir='ltr'>ΡΑΒ</span> 
     </span>
     <span class='ocr_line' id='line_1_77' title="bbox 1452 2037 1578 2061; baseline 0 0"><span class='ocrx_word' id='word_1_540' title='bbox 1452 2037 1578 2061; x_wconf 82' lang='lat' dir='ltr'>EFGILa.</span> 
     </span>
    </p>

    <p class='ocr_par' dir='ltr' id='par_1_26' title="bbox 1407 2071 2470 2141">
     <span class='ocr_line' id='line_1_78' title="bbox 1459 2071 2470 2107; baseline 0.003 -11"><span class='ocrx_word' id='word_1_541' title='bbox 1459 2071 1485 2103; x_wconf 85' lang='grc' dir='ltr'>ζ)</span> <span class='ocrx_word' id='word_1_542' title='bbox 1504 2072 1619 2097; x_wconf 79' lang='lat' dir='ltr'>labor-at.</span> <span class='ocrx_word' id='word_1_543' title='bbox 1634 2085 1655 2091; x_wconf 91' lang='lat'>—</span> <span class='ocrx_word' id='word_1_544' title='bbox 1668 2075 1738 2104; x_wconf 75' lang='lat' dir='ltr'>puta</span> <span class='ocrx_word' id='word_1_545' title='bbox 1756 2071 1842 2105; x_wconf 75' lang='lat' dir='ltr'>ty&#39;sico</span> <span class='ocrx_word' id='word_1_546' title='bbox 1861 2071 1903 2096; x_wconf 80' lang='lat' dir='ltr'>vel</span> <span class='ocrx_word' id='word_1_547' title='bbox 1918 2071 2055 2105; x_wconf 75' lang='lat' dir='ltr'>ydropica</span> <span class='ocrx_word' id='word_1_548' title='bbox 2074 2073 2170 2097; x_wconf 88' lang='lat' dir='ltr'>addunt</span> <span class='ocrx_word' id='word_1_549' title='bbox 2189 2073 2239 2103; x_wconf 83' lang='lat' dir='ltr'>EF,</span> <span class='ocrx_word' id='word_1_550' title='bbox 2255 2077 2324 2105; x_wconf 83' lang='lat' dir='ltr'>puta</span> <span class='ocrx_word' id='word_1_551' title='bbox 2343 2074 2470 2107; x_wconf 84' lang='lat' dir='ltr'>(sequitur</span> 
     </span>
     <span class='ocr_line' id='line_1_79' title="bbox 1407 2107 2469 2141; baseline 0.004 -10"><span class='ocrx_word' id='word_1_552' title='bbox 1407 2113 1474 2139; x_wconf 77' lang='lat' dir='ltr'>spat.</span> <span class='ocrx_word' id='word_1_553' title='bbox 1484 2115 1539 2131; x_wconf 85' lang='lat' dir='ltr'>vac.</span> <span class='ocrx_word' id='word_1_554' title='bbox 1550 2112 1608 2132; x_wconf 85' lang='lat' dir='ltr'>octo</span> <span class='ocrx_word' id='word_1_555' title='bbox 1619 2107 1676 2139; x_wconf 88' lang='lat' dir='ltr'>litt.)</span> <span class='ocrx_word' id='word_1_556' title='bbox 1686 2107 1757 2132; x_wconf 81' lang='lat' dir='ltr'>addit</span> <span class='ocrx_word' id='word_1_557' title='bbox 1765 2107 1797 2131; x_wconf 87' lang='lat' dir='ltr'>K.</span> <span class='ocrx_word' id='word_1_558' title='bbox 1806 2119 1824 2126; x_wconf 86' lang='lat'>-·</span> <span class='ocrx_word' id='word_1_559' title='bbox 1834 2107 1897 2131; x_wconf 83' lang='lat' dir='ltr'>Post</span> <span class='ocrx_word' id='word_1_560' title='bbox 1911 2107 2070 2139; x_wconf 66' lang='lat' dir='ltr'>interpolate</span> <span class='ocrx_word' id='word_1_561' title='bbox 2079 2108 2122 2132; x_wconf 84' lang='lat' dir='ltr'>EF</span> <span class='ocrx_word' id='word_1_562' title='bbox 2134 2109 2230 2133; x_wconf 88' lang='lat' dir='ltr'>addunt</span> <span class='ocrx_word' id='word_1_563' title='bbox 2242 2109 2310 2134; x_wconf 76' lang='lat' dir='ltr'>sicut</span> <span class='ocrx_word' id='word_1_564' title='bbox 2323 2110 2469 2141; x_wconf 80' lang='lat' dir='ltr'>epi1entico.</span> 
     </span>
    </p>

    <p class='ocr_par' dir='ltr' id='par_1_27' title="bbox 1460 2142 1966 2174">
     <span class='ocr_line' id='line_1_80' title="bbox 1460 2142 1966 2174; baseline -0.002 -7"><span class='ocrx_word' id='word_1_565' title='bbox 1460 2143 1487 2174; x_wconf 90' lang='grc' dir='ltr'>η)</span> <span class='ocrx_word' id='word_1_566' title='bbox 1507 2142 1620 2167; x_wconf 79' lang='lat' dir='ltr'>malitia.</span> <span class='ocrx_word' id='word_1_567' title='bbox 1638 2156 1656 2161; x_wconf 95' lang='lat'><em>-</em></span> <span class='ocrx_word' id='word_1_568' title='bbox 1673 2145 1748 2167; x_wconf 79' lang='lat' dir='ltr'>certa</span> <span class='ocrx_word' id='word_1_569' title='bbox 1767 2142 1870 2167; x_wconf 83' lang='lat' dir='ltr'>malitia</span> <span class='ocrx_word' id='word_1_570' title='bbox 1889 2142 1966 2167; x_wconf 82' lang='lat' dir='ltr'>EFK.</span> 
     </span>
    </p>

    <p class='ocr_par' dir='ltr' id='par_1_28' title="bbox 1461 2176 1982 2211">
     <span class='ocr_line' id='line_1_81' title="bbox 1461 2176 1982 2211; baseline 0 -9"><span class='ocrx_word' id='word_1_571' title='bbox 1461 2176 1484 2209; x_wconf 81' lang='grc' dir='ltr'>Θ)</span> <span class='ocrx_word' id='word_1_572' title='bbox 1505 2177 1644 2202; x_wconf 79' lang='lat' dir='ltr'>exteriori.</span> <span class='ocrx_word' id='word_1_573' title='bbox 1661 2191 1680 2196; x_wconf 96' lang='lat'><em>-</em></span> <span class='ocrx_word' id='word_1_574' title='bbox 1699 2177 1801 2211; x_wconf 78' lang='lat' dir='ltr'>defectu</span> <span class='ocrx_word' id='word_1_575' title='bbox 1821 2177 1918 2202; x_wconf 88' lang='lat' dir='ltr'>addunt</span> <span class='ocrx_word' id='word_1_576' title='bbox 1936 2178 1982 2202; x_wconf 84' lang='lat' dir='ltr'>Pa.</span> 
     </span>
    </p>

    <p class='ocr_par' dir='ltr' id='par_1_29' title="bbox 1462 2213 1827 2245">
     <span class='ocr_line' id='line_1_82' title="bbox 1462 2213 1827 2245; baseline 0 -8"><span class='ocrx_word' id='word_1_577' title='bbox 1462 2213 1480 2245; x_wconf 88' lang='grc' dir='ltr'>ι)</span> <span class='ocrx_word' id='word_1_578' title='bbox 1501 2213 1536 2237; x_wconf 85' lang='lat' dir='ltr'>in.</span> <span class='ocrx_word' id='word_1_579' title='bbox 1554 2227 1573 2231; x_wconf 82' lang='lat'>-</span> <span class='ocrx_word' id='word_1_580' title='bbox 1592 2219 1659 2245; x_wconf 81' lang='lat' dir='ltr'>quae</span> <span class='ocrx_word' id='word_1_581' title='bbox 1677 2215 1716 2237; x_wconf 82' lang='lat' dir='ltr'>est</span> <span class='ocrx_word' id='word_1_582' title='bbox 1735 2213 1761 2237; x_wconf 84' lang='lat' dir='ltr'>in</span> <span class='ocrx_word' id='word_1_583' title='bbox 1782 2213 1827 2237; x_wconf 86' lang='lat' dir='ltr'>Pa.</span> 
     </span>
    </p>
   </div>
   <div class='ocr_carea' id='block_1_15' title="bbox 966 2300 1794 2334">
    <p class='ocr_par' dir='ltr' id='par_1_30' title="bbox 966 2300 1794 2334">
     <span class='ocr_line' id='line_1_83' title="bbox 966 2300 1794 2334; baseline -0.004 0"><span class='ocrx_word' id='word_1_584' title='bbox 966 2300 1298 2334; x_wconf 61' lang='lat' dir='ltr'>Commentariis,</span> <span class='ocrx_word' id='word_1_585' title='bbox 1321 2300 1572 2333; x_wconf 71' lang='lat' dir='ltr'>Garamans</span> <span class='ocrx_word' id='word_1_586' title='bbox 1595 2300 1794 2333; x_wconf 75' lang='lat' dir='ltr'>Caietam</span> 
     </span>
    </p>
   </div>
   <div class='ocr_carea' id='block_1_16' title="bbox 287 2382 1355 2475">
    <p class='ocr_par' dir='ltr' id='par_1_31' title="bbox 294 2382 1355 2475">
     <span class='ocr_line' id='line_1_84' title="bbox 321 2382 1355 2432; baseline -0.003 -10"><span class='ocrx_word' id='word_1_587' title='bbox 321 2402 342 2422; x_wconf 79' lang='lat' dir='ltr'>N</span> <span class='ocrx_word' id='word_1_588' title='bbox 365 2390 498 2422; x_wconf 86' lang='lat' dir='ltr'>articulo</span> <span class='ocrx_word' id='word_1_589' title='bbox 522 2397 652 2432; x_wconf 83' lang='lat' dir='ltr'>quarto,</span> <span class='ocrx_word' id='word_1_590' title='bbox 677 2389 709 2420; x_wconf 87' lang='lat' dir='ltr'>in</span> <span class='ocrx_word' id='word_1_591' title='bbox 733 2389 938 2430; x_wconf 86' lang='lat' dir='ltr'>responsione</span> <span class='ocrx_word' id='word_1_592' title='bbox 967 2389 1007 2420; x_wconf 87' lang='lat' dir='ltr'>ad</span> <span class='ocrx_word' id='word_1_593' title='bbox 1035 2389 1193 2429; x_wconf 89' lang='lat' dir='ltr'>primurn,</span> <span class='ocrx_word' id='word_1_594' title='bbox 1219 2382 1355 2419; x_wconf 85' lang='lat' dir='ltr'>occurrit</span> 
     </span>
     <span class='ocr_line' id='line_1_85' title="bbox 287 2403 1352 2475; baseline -0.001 -10.993"><span class='ocrx_word' id='word_1_595' title='bbox 287 2403 466 2471; x_wconf 73' lang='lat' dir='ltr'>I&#39;dubium,</span> <span class='ocrx_word' id='word_1_596' title='bbox 487 2434 641 2475; x_wconf 86' lang='lat' dir='ltr'>quoniam</span> <span class='ocrx_word' id='word_1_597' title='bbox 657 2433 780 2464; x_wconf 89' lang='lat' dir='ltr'>videtur</span> <span class='ocrx_word' id='word_1_598' title='bbox 800 2432 980 2464; x_wconf 85' lang='lat' dir='ltr'>contrariari</span> <span class='ocrx_word' id='word_1_599' title='bbox 993 2432 1206 2473; x_wconf 86' lang='lat' dir='ltr'>supradictis&#39;</span> <span class='ocrx_word' id='word_1_600' title='bbox 1197 2442 1230 2463; x_wconf 80' lang='lat' dir='ltr'>in</span> <span class='ocrx_word' id='word_1_601' title='bbox 1247 2433 1352 2473; x_wconf 86' lang='lat' dir='ltr'>primo</span> 
     </span>
    </p>
   </div>
   <div class='ocr_carea' id='block_1_17' title="bbox 51 2477 1354 2527">
    <p class='ocr_par' dir='ltr' id='par_1_32' title="bbox 51 2477 1354 2527">
     <span class='ocr_line' id='line_1_86' title="bbox 51 2477 1354 2527; baseline -0.002 -17"><span class='ocrx_word' id='word_1_602' title='bbox 51 2487 62 2499; x_wconf 87' lang='lat'><strong>·</strong></span> <span class='ocrx_word' id='word_1_603' title='bbox 75 2488 102 2510; x_wconf 82' lang='grc' dir='ltr'>ιιι</span> <span class='ocrx_word' id='word_1_604' title='bbox 119 2491 182 2515; x_wconf 67' lang='lat' dir='ltr'>resp.</span> <span class='ocrx_word' id='word_1_605' title='bbox 203 2486 232 2508; x_wconf 73' lang='lat' dir='ltr'>nd</span> <span class='ocrx_word' id='word_1_606' title='bbox 246 2493 263 2508; x_wconf 82' lang='grc' dir='ltr'>ι.</span> <span class='ocrx_word' id='word_1_607' title='bbox 291 2479 423 2510; x_wconf 88' lang='lat' dir='ltr'>articulo</span> <span class='ocrx_word' id='word_1_608' title='bbox 438 2478 457 2496; x_wconf 69' lang='lat'>³*</span> <span class='ocrx_word' id='word_1_609' title='bbox 480 2479 643 2509; x_wconf 89' lang='lat' dir='ltr'>huiusmet</span> <span class='ocrx_word' id='word_1_610' title='bbox 657 2477 860 2527; x_wconf 64' lang='lat' dir='ltr'>quaestionis».</span> <span class='ocrx_word' id='word_1_611' title='bbox 886 2477 1015 2508; x_wconf 87' lang='lat' dir='ltr'>Dictum</span> <span class='ocrx_word' id='word_1_612' title='bbox 1030 2487 1168 2518; x_wconf 87' lang='lat' dir='ltr'>namque</span> <span class='ocrx_word' id='word_1_613' title='bbox 1187 2477 1247 2507; x_wconf 93' lang='lat' dir='ltr'>fuit</span> <span class='ocrx_word' id='word_1_614' title='bbox 1265 2477 1354 2518; x_wconf 93' lang='lat' dir='ltr'>quod</span> 
     </span>
    </p>
   </div>
   <div class='ocr_carea' id='block_1_18' title="bbox 285 2521 1355 3178">
    <p class='ocr_par' dir='ltr' id='par_1_33' title="bbox 285 2521 1355 2730">
     <span class='ocr_line' id='line_1_87' title="bbox 287 2521 1353 2563; baseline -0.005 -6.986"><span class='ocrx_word' id='word_1_615' title='bbox 287 2522 394 2556; x_wconf 74' lang='lat' dir='ltr'>maior</span> <span class='ocrx_word' id='word_1_616' title='bbox 415 2530 463 2554; x_wconf 87' lang='lat' dir='ltr'>est</span> <span class='ocrx_word' id='word_1_617' title='bbox 483 2522 660 2563; x_wconf 81' lang='lat' dir='ltr'>ignorantia</span> <span class='ocrx_word' id='word_1_618' title='bbox 679 2521 838 2563; x_wconf 84' lang='lat' dir='ltr'>peccantis</span> <span class='ocrx_word' id='word_1_619' title='bbox 860 2531 898 2552; x_wconf 84' lang='lat' dir='ltr'>ex</span> <span class='ocrx_word' id='word_1_620' title='bbox 920 2521 1082 2561; x_wconf 86' lang='lat' dir='ltr'>passione,</span> <span class='ocrx_word' id='word_1_621' title='bbox 1106 2531 1203 2562; x_wconf 85' lang='lat' dir='ltr'>quam</span> <span class='ocrx_word' id='word_1_622' title='bbox 1227 2530 1264 2552; x_wconf 89' lang='lat' dir='ltr'>ex</span> <span class='ocrx_word' id='word_1_623' title='bbox 1287 2531 1353 2551; x_wconf 86' lang='lat' dir='ltr'>ma-</span> 
     </span>
     <span class='ocr_line' id='line_1_88' title="bbox 285 2565 1355 2608; baseline -0.005 -8"><span class='ocrx_word' id='word_1_624' title='bbox 285 2567 376 2601; x_wconf 70' lang='lat' dir='ltr'>htia:</span> <span class='ocrx_word' id='word_1_625' title='bbox 398 2567 475 2608; x_wconf 80' lang='lat' dir='ltr'>quia</span> <span class='ocrx_word' id='word_1_626' title='bbox 489 2566 542 2598; x_wconf 88' lang='lat' dir='ltr'>ille</span> <span class='ocrx_word' id='word_1_627' title='bbox 563 2566 690 2607; x_wconf 84' lang='lat' dir='ltr'>ignorat</span> <span class='ocrx_word' id='word_1_628' title='bbox 704 2566 766 2597; x_wconf 90' lang='lat' dir='ltr'>hoc</span> <span class='ocrx_word' id='word_1_629' title='bbox 783 2576 867 2596; x_wconf 91' lang='lat' dir='ltr'>nunc</span> <span class='ocrx_word' id='word_1_630' title='bbox 891 2575 958 2596; x_wconf 87' lang='lat' dir='ltr'>esse</span> <span class='ocrx_word' id='word_1_631' title='bbox 973 2565 1109 2602; x_wconf 62' lang='lat' dir='ltr'>malui-03</span> <span class='ocrx_word' id='word_1_632' title='bbox 1129 2565 1186 2596; x_wconf 84' lang='lat' dir='ltr'>iste</span> <span class='ocrx_word' id='word_1_633' title='bbox 1204 2575 1280 2596; x_wconf 88' lang='lat' dir='ltr'>vero</span> <span class='ocrx_word' id='word_1_634' title='bbox 1297 2565 1355 2596; x_wconf 88' lang='lat' dir='ltr'>scit</span> 
     </span>
     <span class='ocr_line' id='line_1_89' title="bbox 291 2609 1353 2653; baseline -0.005 -9"><span class='ocrx_word' id='word_1_635' title='bbox 291 2611 353 2653; x_wconf 67' lang='lat' dir='ltr'>hoc</span> <span class='ocrx_word' id='word_1_636' title='bbox 368 2621 455 2651; x_wconf 84' lang='lat' dir='ltr'>nunc</span> <span class='ocrx_word' id='word_1_637' title='bbox 471 2621 537 2642; x_wconf 87' lang='lat' dir='ltr'>esse</span> <span class='ocrx_word' id='word_1_638' title='bbox 553 2610 684 2646; x_wconf 82' lang='lat' dir='ltr'>malum,</span> <span class='ocrx_word' id='word_1_639' title='bbox 701 2609 846 2651; x_wconf 88' lang='lat' dir='ltr'>quamvis</span> <span class='ocrx_word' id='word_1_640' title='bbox 862 2609 986 2649; x_wconf 85' lang='lat' dir='ltr'>ignoret</span> <span class='ocrx_word' id='word_1_641' title='bbox 1003 2609 1065 2640; x_wconf 91' lang='lat' dir='ltr'>hoc</span> <span class='ocrx_word' id='word_1_642' title='bbox 1081 2619 1166 2640; x_wconf 91' lang='lat' dir='ltr'>nunc</span> <span class='ocrx_word' id='word_1_643' title='bbox 1181 2619 1247 2639; x_wconf 89' lang='lat' dir='ltr'>esse</span> <span class='ocrx_word' id='word_1_644' title='bbox 1262 2609 1353 2650; x_wconf 91' lang='lat' dir='ltr'>peius</span> 
     </span>
     <span class='ocr_line' id='line_1_90' title="bbox 291 2652 1354 2695; baseline -0.003 -9"><span class='ocrx_word' id='word_1_645' title='bbox 291 2654 360 2686; x_wconf 77' lang='lat' dir='ltr'>sibi.</span> <span class='ocrx_word' id='word_1_646' title='bbox 384 2652 484 2686; x_wconf 87' lang='lat' dir='ltr'>Modo</span> <span class='ocrx_word' id='word_1_647' title='bbox 509 2661 616 2685; x_wconf 86' lang='lat' dir='ltr'>autem</span> <span class='ocrx_word' id='word_1_648' title='bbox 640 2653 752 2685; x_wconf 88' lang='lat' dir='ltr'>dicitur</span> <span class='ocrx_word' id='word_1_649' title='bbox 775 2654 863 2695; x_wconf 89' lang='lat' dir='ltr'>quod</span> <span class='ocrx_word' id='word_1_650' title='bbox 887 2654 989 2684; x_wconf 84' lang='lat' dir='ltr'>maior</span> <span class='ocrx_word' id='word_1_651' title='bbox 1011 2659 1058 2684; x_wconf 87' lang='lat' dir='ltr'>est</span> <span class='ocrx_word' id='word_1_652' title='bbox 1084 2653 1259 2694; x_wconf 86' lang='lat' dir='ltr'>ignorantia</span> <span class='ocrx_word' id='word_1_653' title='bbox 1281 2663 1354 2694; x_wconf 91' lang='lat' dir='ltr'>pec-</span> 
     </span>
     <span class='ocr_line' id='line_1_91' title="bbox 287 2694 599 2730; baseline -0.007 0"><span class='ocrx_word' id='word_1_654' title='bbox 287 2694 390 2730; x_wconf 65' lang='lat' dir='ltr'>&#39;cantis</span> <span class='ocrx_word' id='word_1_655' title='bbox 412 2708 450 2729; x_wconf 86' lang='lat' dir='ltr'>ex</span> <span class='ocrx_word' id='word_1_656' title='bbox 471 2698 599 2729; x_wconf 83' lang='lat' dir='ltr'>malitia.</span> 
     </span>
    </p>

    <p class='ocr_par' dir='ltr' id='par_1_34' title="bbox 289 2741 1353 3178">
     <span class='ocr_line' id='line_1_92' title="bbox 347 2741 1352 2782; baseline -0.002 -9"><span class='ocrx_word' id='word_1_657' title='bbox 347 2743 385 2773; x_wconf 91' lang='lat'>11.</span> <span class='ocrx_word' id='word_1_658' title='bbox 404 2743 456 2773; x_wconf 89' lang='lat' dir='ltr'>Ad</span> <span class='ocrx_word' id='word_1_659' title='bbox 470 2742 532 2772; x_wconf 88' lang='lat' dir='ltr'>hoc</span> <span class='ocrx_word' id='word_1_660' title='bbox 548 2741 660 2772; x_wconf 88' lang='lat' dir='ltr'>dicitur</span> <span class='ocrx_word' id='word_1_661' title='bbox 678 2741 848 2782; x_wconf 85' lang='lat' dir='ltr'>tripliciter.</span> <span class='ocrx_word' id='word_1_662' title='bbox 873 2741 971 2778; x_wconf 92' lang='lat' dir='ltr'>Quod</span> <span class='ocrx_word' id='word_1_663' title='bbox 987 2741 1162 2780; x_wconf 82' lang='lat' dir='ltr'>ignorantia</span> <span class='ocrx_word' id='word_1_664' title='bbox 1185 2747 1290 2781; x_wconf 88' lang='lat' dir='ltr'>potest</span> <span class='ocrx_word' id='word_1_665' title='bbox 1305 2751 1352 2771; x_wconf 88' lang='lat' dir='ltr'>re-</span> 
     </span>
     <span class='ocr_line' id='line_1_93' title="bbox 289 2785 1350 2826; baseline -0.003 -8"><span class='ocrx_word' id='word_1_666' title='bbox 289 2786 365 2818; x_wconf 79' lang='lat' dir='ltr'>ferri</span> <span class='ocrx_word' id='word_1_667' title='bbox 378 2786 427 2817; x_wconf 83' lang='lat' dir='ltr'>&#39;ad</span> <span class='ocrx_word' id='word_1_668' title='bbox 438 2786 533 2816; x_wconf 90' lang='lat' dir='ltr'>·duo:</span> <span class='ocrx_word' id='word_1_669' title='bbox 557 2785 674 2817; x_wconf 84' lang='lat' dir='ltr'>scilicet</span> <span class='ocrx_word' id='word_1_670' title='bbox 695 2786 736 2816; x_wconf 87' lang='lat' dir='ltr'>ad</span> <span class='ocrx_word' id='word_1_671' title='bbox 753 2785 860 2826; x_wconf 86' lang='lat' dir='ltr'>ipsum</span> <span class='ocrx_word' id='word_1_672' title='bbox 883 2791 1058 2825; x_wconf 85' lang='lat' dir='ltr'>peccatum,</span> <span class='ocrx_word' id='word_1_673' title='bbox 1075 2785 1126 2815; x_wconf 84' lang='lat' dir='ltr'>vel</span> <span class='ocrx_word' id='word_1_674' title='bbox 1140 2785 1181 2815; x_wconf 90' lang='lat' dir='ltr'>ad</span> <span class='ocrx_word' id='word_1_675' title='bbox 1196 2785 1350 2816; x_wconf 89' lang='lat' dir='ltr'>rationem</span> 
     </span>
     <span class='ocr_line' id='line_1_94' title="bbox 291 2829 1353 2872; baseline -0.001 -11"><span class='ocrx_word' id='word_1_676' title='bbox 291 2830 454 2872; x_wconf 85' lang='lat' dir='ltr'>peccandi.</span> <span class='ocrx_word' id='word_1_677' title='bbox 481 2829 514 2862; x_wconf 91' lang='lat' dir='ltr'>Si</span> <span class='ocrx_word' id='word_1_678' title='bbox 537 2829 688 2861; x_wconf 88' lang='lat' dir='ltr'>referatur</span> <span class='ocrx_word' id='word_1_679' title='bbox 710 2830 749 2860; x_wconf 76' lang='lat' dir='ltr'>ad</span> <span class='ocrx_word' id='word_1_680' title='bbox 771 2829 878 2870; x_wconf 88' lang='lat' dir='ltr'>ipsum</span> <span class='ocrx_word' id='word_1_681' title='bbox 901 2835 1085 2870; x_wconf 87' lang='lat' dir='ltr'>peccatum,</span> <span class='ocrx_word' id='word_1_682' title='bbox 1109 2829 1153 2860; x_wconf 89' lang='lat' dir='ltr'>sic</span> <span class='ocrx_word' id='word_1_683' title='bbox 1181 2829 1283 2860; x_wconf 79' lang='lat' dir='ltr'>maior</span> <span class='ocrx_word' id='word_1_684' title='bbox 1306 2835 1353 2860; x_wconf 89' lang='lat' dir='ltr'>est</span> 
     </span>
     <span class='ocr_line' id='line_1_95' title="bbox 290 2872 1351 2915; baseline -0.002 -10"><span class='ocrx_word' id='word_1_685' title='bbox 290 2873 467 2915; x_wconf 79' lang='lat' dir='ltr'>ignorantia</span> <span class='ocrx_word' id='word_1_686' title='bbox 488 2873 646 2914; x_wconf 86' lang='lat' dir='ltr'>peccantis</span> <span class='ocrx_word' id='word_1_687' title='bbox 662 2883 699 2904; x_wconf 86' lang='lat' dir='ltr'>ex</span> <span class='ocrx_word' id='word_1_688' title='bbox 721 2873 884 2914; x_wconf 85' lang='lat' dir='ltr'>passione:</span> <span class='ocrx_word' id='word_1_689' title='bbox 908 2873 983 2914; x_wconf 89' lang='lat' dir='ltr'>quia</span> <span class='ocrx_word' id='word_1_690' title='bbox 998 2873 1122 2913; x_wconf 80' lang='lat' dir='ltr'>ignorat</span> <span class='ocrx_word' id='word_1_691' title='bbox 1136 2872 1222 2904; x_wconf 91' lang='lat' dir='ltr'>hunc</span> <span class='ocrx_word' id='word_1_692' title='bbox 1245 2879 1351 2904; x_wconf 87' lang='lat' dir='ltr'>actum</span> 
     </span>
     <span class='ocr_line' id='line_1_96' title="bbox 291 2915 1351 2959; baseline -0.002 -10"><span class='ocrx_word' id='word_1_693' title='bbox 291 2928 377 2949; x_wconf 90' lang='lat' dir='ltr'>nunc</span> <span class='ocrx_word' id='word_1_694' title='bbox 400 2928 466 2948; x_wconf 87' lang='lat' dir='ltr'>esse</span> <span class='ocrx_word' id='word_1_695' title='bbox 490 2917 628 2954; x_wconf 82' lang='lat' dir='ltr'>matum,</span> <span class='ocrx_word' id='word_1_696' title='bbox 653 2918 742 2959; x_wconf 93' lang='lat' dir='ltr'>quod</span> <span class='ocrx_word' id='word_1_697' title='bbox 769 2927 835 2948; x_wconf 90' lang='lat' dir='ltr'>non</span> <span class='ocrx_word' id='word_1_698' title='bbox 858 2917 933 2948; x_wconf 92' lang='lat' dir='ltr'>latet</span> <span class='ocrx_word' id='word_1_699' title='bbox 954 2923 1137 2958; x_wconf 87' lang='lat' dir='ltr'>peccantem</span> <span class='ocrx_word' id='word_1_700' title='bbox 1161 2927 1198 2948; x_wconf 86' lang='lat' dir='ltr'>ex</span> <span class='ocrx_word' id='word_1_701' title='bbox 1221 2915 1351 2948; x_wconf 86' lang='lat' dir='ltr'>malitia.</span> 
     </span>
     <span class='ocr_line' id='line_1_97' title="bbox 291 2961 1351 3002; baseline -0.001 -9"><span class='ocrx_word' id='word_1_702' title='bbox 291 2961 323 2993; x_wconf 85' lang='lat' dir='ltr'>Si</span> <span class='ocrx_word' id='word_1_703' title='bbox 343 2972 421 2992; x_wconf 83' lang='lat' dir='ltr'>vero</span> <span class='ocrx_word' id='word_1_704' title='bbox 442 2961 592 2992; x_wconf 87' lang='lat' dir='ltr'>referatur</span> <span class='ocrx_word' id='word_1_705' title='bbox 607 2961 650 2991; x_wconf 57' lang='lat' dir='ltr'>ad*</span> <span class='ocrx_word' id='word_1_706' title='bbox 669 2961 824 2992; x_wconf 87' lang='lat' dir='ltr'>rationem</span> <span class='ocrx_word' id='word_1_707' title='bbox 840 2961 1001 3002; x_wconf 91' lang='lat' dir='ltr'>peccandi,</span> <span class='ocrx_word' id='word_1_708' title='bbox 1018 2961 1062 2992; x_wconf 90' lang='lat' dir='ltr'>sic</span> <span class='ocrx_word' id='word_1_709' title='bbox 1084 2961 1262 3001; x_wconf 84' lang='lat' dir='ltr'>ignorantia</span> <span class='ocrx_word' id='word_1_710' title='bbox 1279 2971 1351 3001; x_wconf 87' lang='lat' dir='ltr'>pec-</span> 
     </span>
     <span class='ocr_line' id='line_1_98' title="bbox 290 3005 1350 3046; baseline -0.002 -9"><span class='ocrx_word' id='word_1_711' title='bbox 290 3005 389 3037; x_wconf 85' lang='lat' dir='ltr'>cantis</span> <span class='ocrx_word' id='word_1_712' title='bbox 412 3015 449 3036; x_wconf 86' lang='lat' dir='ltr'>ex</span> <span class='ocrx_word' id='word_1_713' title='bbox 472 3005 590 3036; x_wconf 85' lang='lat' dir='ltr'>malitia</span> <span class='ocrx_word' id='word_1_714' title='bbox 612 3011 660 3036; x_wconf 82' lang='lat' dir='ltr'>est</span> <span class='ocrx_word' id='word_1_715' title='bbox 681 3006 798 3036; x_wconf 87' lang='lat' dir='ltr'>maior:</span> <span class='ocrx_word' id='word_1_716' title='bbox 823 3005 898 3046; x_wconf 87' lang='lat' dir='ltr'>quia</span> <span class='ocrx_word' id='word_1_717' title='bbox 921 3015 957 3036; x_wconf 85' lang='lat' dir='ltr'>ex</span> <span class='ocrx_word' id='word_1_718' title='bbox 981 3005 1092 3036; x_wconf 80' lang='lat' dir='ltr'>affectu</span> <span class='ocrx_word' id='word_1_719' title='bbox 1112 3005 1212 3036; x_wconf 86' lang='lat' dir='ltr'>nimio</span> <span class='ocrx_word' id='word_1_720' title='bbox 1237 3005 1277 3035; x_wconf 88' lang='lat' dir='ltr'>ad</span> <span class='ocrx_word' id='word_1_721' title='bbox 1292 3005 1350 3035; x_wconf 88' lang='lat' dir='ltr'>mi-</span> 
     </span>
     <span class='ocr_line' id='line_1_99' title="bbox 290 3048 1349 3090; baseline 0 -10"><span class='ocrx_word' id='word_1_722' title='bbox 290 3060 350 3082; x_wconf 92' lang='lat' dir='ltr'>nus</span> <span class='ocrx_word' id='word_1_723' title='bbox 366 3050 500 3086; x_wconf 88' lang='lat' dir='ltr'>bonum,</span> <span class='ocrx_word' id='word_1_724' title='bbox 517 3055 596 3080; x_wconf 84' lang='lat' dir='ltr'>errat</span> <span class='ocrx_word' id='word_1_725' title='bbox 611 3049 692 3080; x_wconf 82' lang='lat' dir='ltr'>circa</span> <span class='ocrx_word' id='word_1_726' title='bbox 702 3048 800 3080; x_wconf 88' lang='lat' dir='ltr'>finem</span> <span class='ocrx_word' id='word_1_727' title='bbox 815 3050 1087 3090; x_wconf 88' lang='lat' dir='ltr'>praeponendum,</span> <span class='ocrx_word' id='word_1_728' title='bbox 1105 3049 1193 3090; x_wconf 92' lang='lat' dir='ltr'>quod</span> <span class='ocrx_word' id='word_1_729' title='bbox 1209 3056 1255 3080; x_wconf 85' lang='lat' dir='ltr'>est</span> <span class='ocrx_word' id='word_1_730' title='bbox 1269 3049 1349 3080; x_wconf 87' lang='lat' dir='ltr'>ratio</span> 
     </span>
     <span class='ocr_line' id='line_1_100' title="bbox 289 3093 1350 3134; baseline -0.002 -9"><span class='ocrx_word' id='word_1_731' title='bbox 289 3093 450 3134; x_wconf 89' lang='lat' dir='ltr'>peccandi.</span> <span class='ocrx_word' id='word_1_732' title='bbox 475 3094 522 3124; x_wconf 85' lang='lat' dir='ltr'>Ex</span> <span class='ocrx_word' id='word_1_733' title='bbox 544 3093 606 3124; x_wconf 88' lang='lat' dir='ltr'>hoc</span> <span class='ocrx_word' id='word_1_734' title='bbox 629 3103 768 3134; x_wconf 87' lang='lat' dir='ltr'>namque</span> <span class='ocrx_word' id='word_1_735' title='bbox 790 3094 878 3134; x_wconf 90' lang='lat' dir='ltr'>quod</span> <span class='ocrx_word' id='word_1_736' title='bbox 901 3093 1030 3124; x_wconf 81' lang='lat' dir='ltr'>affectus</span> <span class='ocrx_word' id='word_1_737' title='bbox 1052 3093 1123 3134; x_wconf 91' lang='lat' dir='ltr'>quis</span> <span class='ocrx_word' id='word_1_738' title='bbox 1146 3099 1192 3124; x_wconf 87' lang='lat' dir='ltr'>est</span> <span class='ocrx_word' id='word_1_739' title='bbox 1214 3093 1286 3133; x_wconf 87' lang='lat' dir='ltr'>plus</span> <span class='ocrx_word' id='word_1_740' title='bbox 1310 3094 1350 3124; x_wconf 85' lang='lat' dir='ltr'>ad</span> 
     </span>
     <span class='ocr_line' id='line_1_101' title="bbox 289 3136 1350 3178; baseline -0.002 -9"><span class='ocrx_word' id='word_1_741' title='bbox 289 3139 415 3170; x_wconf 85' lang='lat' dir='ltr'>lucrum</span> <span class='ocrx_word' id='word_1_742' title='bbox 439 3147 536 3178; x_wconf 89' lang='lat' dir='ltr'>quam</span> <span class='ocrx_word' id='word_1_743' title='bbox 561 3137 600 3167; x_wconf 88' lang='lat' dir='ltr'>ad</span> <span class='ocrx_word' id='word_1_744' title='bbox 622 3137 745 3167; x_wconf 88' lang='lat' dir='ltr'>bonum</span> <span class='ocrx_word' id='word_1_745' title='bbox 773 3136 923 3175; x_wconf 88' lang='lat' dir='ltr'>iustitiae,</span> <span class='ocrx_word' id='word_1_746' title='bbox 947 3137 1103 3168; x_wconf 89' lang='lat' dir='ltr'>iudicatur</span> <span class='ocrx_word' id='word_1_747' title='bbox 1125 3137 1249 3167; x_wconf 87' lang='lat' dir='ltr'>bonum</span> <span class='ocrx_word' id='word_1_748' title='bbox 1271 3137 1350 3167; x_wconf 87' lang='lat' dir='ltr'>lucri</span> 
     </span>
    </p>
   </div>
   <div class='ocr_carea' id='block_1_19' title="bbox 256 3180 1350 3222">
    <p class='ocr_par' dir='ltr' id='par_1_35' title="bbox 256 3180 1350 3222">
     <span class='ocr_line' id='line_1_102' title="bbox 256 3180 1350 3222; baseline -0.001 -9"><span class='ocrx_word' id='word_1_749' title='bbox 256 3219 260 3222; x_wconf 32' lang='lat'>¹</span> <span class='ocrx_word' id='word_1_750' title='bbox 290 3182 390 3222; x_wconf 89' lang='lat' dir='ltr'>magis</span> <span class='ocrx_word' id='word_1_751' title='bbox 420 3181 621 3212; x_wconf 88' lang='lat' dir='ltr'>sectandum:</span> <span class='ocrx_word' id='word_1_752' title='bbox 651 3187 682 3212; x_wconf 91' lang='lat' dir='ltr'>et</span> <span class='ocrx_word' id='word_1_753' title='bbox 708 3180 781 3211; x_wconf 89' lang='lat' dir='ltr'>inde</span> <span class='ocrx_word' id='word_1_754' title='bbox 809 3180 955 3220; x_wconf 85' lang='lat' dir='ltr'>provenit</span> <span class='ocrx_word' id='word_1_755' title='bbox 985 3181 1074 3222; x_wconf 91' lang='lat' dir='ltr'>quod</span> <span class='ocrx_word' id='word_1_756' title='bbox 1104 3181 1236 3212; x_wconf 88' lang='lat' dir='ltr'>scienter</span> <span class='ocrx_word' id='word_1_757' title='bbox 1265 3181 1350 3221; x_wconf 86' lang='lat' dir='ltr'>eligit</span> 
     </span>
    </p>
   </div>
   <div class='ocr_carea' id='block_1_20' title="bbox 288 3224 1350 3310">
    <p class='ocr_par' dir='ltr' id='par_1_36' title="bbox 288 3224 1350 3310">
     <span class='ocr_line' id='line_1_103' title="bbox 289 3224 1350 3267; baseline -0.003 -10"><span class='ocrx_word' id='word_1_758' title='bbox 289 3225 404 3267; x_wconf 83' lang='lat' dir='ltr'>privari</span> <span class='ocrx_word' id='word_1_759' title='bbox 422 3225 549 3261; x_wconf 86' lang='lat' dir='ltr'>iustitia,</span> <span class='ocrx_word' id='word_1_760' title='bbox 567 3231 603 3255; x_wconf 91' lang='lat' dir='ltr'>ut</span> <span class='ocrx_word' id='word_1_761' title='bbox 620 3225 767 3256; x_wconf 89' lang='lat' dir='ltr'>lucretur.</span> <span class='ocrx_word' id='word_1_762' title='bbox 792 3224 856 3255; x_wconf 90' lang='lat' dir='ltr'>Scit</span> <span class='ocrx_word' id='word_1_763' title='bbox 870 3233 944 3265; x_wconf 86' lang='lat' dir='ltr'>ergo</span> <span class='ocrx_word' id='word_1_764' title='bbox 961 3224 1018 3255; x_wconf 84' lang='lat' dir='ltr'>iste</span> <span class='ocrx_word' id='word_1_765' title='bbox 1041 3225 1166 3255; x_wconf 87' lang='lat' dir='ltr'>lucrum</span> <span class='ocrx_word' id='word_1_766' title='bbox 1182 3234 1249 3255; x_wconf 81' lang='lat' dir='ltr'>esse</span> <span class='ocrx_word' id='word_1_767' title='bbox 1265 3235 1350 3255; x_wconf 91' lang='lat' dir='ltr'>nunc</span> 
     </span>
     <span class='ocr_line' id='line_1_104' title="bbox 288 3268 1350 3310; baseline -0.003 -9"><span class='ocrx_word' id='word_1_768' title='bbox 288 3270 454 3306; x_wconf 78' lang='lat' dir='ltr'>iniustum,</span> <span class='ocrx_word' id='word_1_769' title='bbox 471 3269 559 3310; x_wconf 91' lang='lat' dir='ltr'>quod</span> <span class='ocrx_word' id='word_1_770' title='bbox 583 3279 619 3299; x_wconf 86' lang='lat' dir='ltr'>ex</span> <span class='ocrx_word' id='word_1_771' title='bbox 638 3268 784 3309; x_wconf 82' lang='lat' dir='ltr'>passione</span> <span class='ocrx_word' id='word_1_772' title='bbox 807 3277 939 3308; x_wconf 87' lang='lat' dir='ltr'>peccans</span> <span class='ocrx_word' id='word_1_773' title='bbox 954 3268 1096 3308; x_wconf 84' lang='lat' dir='ltr'>ignorat:</span> <span class='ocrx_word' id='word_1_774' title='bbox 1120 3268 1175 3299; x_wconf 89' lang='lat' dir='ltr'>sed</span> <span class='ocrx_word' id='word_1_775' title='bbox 1198 3277 1235 3299; x_wconf 88' lang='lat' dir='ltr'>ex</span> <span class='ocrx_word' id='word_1_776' title='bbox 1250 3268 1350 3299; x_wconf 85' lang='lat' dir='ltr'>nimio</span> 
     </span>
    </p>
   </div>
   <div class='ocr_carea' id='block_1_21' title="bbox 1403 2388 2469 3308">
    <p class='ocr_par' dir='ltr' id='par_1_37' title="bbox 1407 2388 2469 2605">
     <span class='ocr_line' id='line_1_105' title="bbox 1408 2388 2469 2432; baseline 0.003 -14"><span class='ocrx_word' id='word_1_777' title='bbox 1408 2398 1516 2418; x_wconf 89' lang='lat' dir='ltr'>amore</span> <span class='ocrx_word' id='word_1_778' title='bbox 1532 2388 1620 2424; x_wconf 89' lang='lat' dir='ltr'>lucri,</span> <span class='ocrx_word' id='word_1_779' title='bbox 1641 2388 1739 2418; x_wconf 88' lang='lat' dir='ltr'>nescit</span> <span class='ocrx_word' id='word_1_780' title='bbox 1758 2389 2019 2428; x_wconf 88' lang='lat' dir='ltr'>postponendum</span> <span class='ocrx_word' id='word_1_781' title='bbox 2035 2391 2101 2420; x_wconf 70' lang='lat' dir='ltr'>esse</span> <span class='ocrx_word' id='word_1_782' title='bbox 2117 2389 2203 2420; x_wconf 89' lang='lat' dir='ltr'>bono</span> <span class='ocrx_word' id='word_1_783' title='bbox 2220 2390 2364 2427; x_wconf 90' lang='lat' dir='ltr'>iustitiae,</span> <span class='ocrx_word' id='word_1_784' title='bbox 2382 2392 2469 2432; x_wconf 90' lang='lat' dir='ltr'>quod</span> 
     </span>
     <span class='ocr_line' id='line_1_106' title="bbox 1408 2432 2469 2475; baseline 0.004 -13"><span class='ocrx_word' id='word_1_785' title='bbox 1408 2439 1453 2462; x_wconf 88' lang='lat' dir='ltr'>est</span> <span class='ocrx_word' id='word_1_786' title='bbox 1477 2432 1577 2472; x_wconf 88' lang='lat' dir='ltr'>magis</span> <span class='ocrx_word' id='word_1_787' title='bbox 1593 2432 1736 2472; x_wconf 87' lang='lat' dir='ltr'>ignorare</span> <span class='ocrx_word' id='word_1_788' title='bbox 1760 2433 1869 2472; x_wconf 88' lang='lat' dir='ltr'>quoad</span> <span class='ocrx_word' id='word_1_789' title='bbox 1892 2433 2047 2463; x_wconf 88' lang='lat' dir='ltr'>rationem</span> <span class='ocrx_word' id='word_1_790' title='bbox 2062 2434 2228 2472; x_wconf 87' lang='lat' dir='ltr'>peccandi;</span> <span class='ocrx_word' id='word_1_791' title='bbox 2252 2432 2382 2474; x_wconf 60' lang='lat' dir='ltr'>quisin</span> <span class='ocrx_word' id='word_1_792' title='bbox 2398 2446 2469 2475; x_wconf 87' lang='lat' dir='ltr'>pas-</span> 
     </span>
     <span class='ocr_line' id='line_1_107' title="bbox 1407 2476 2467 2517; baseline 0.003 -11"><span class='ocrx_word' id='word_1_793' title='bbox 1407 2477 1496 2506; x_wconf 90' lang='lat' dir='ltr'>sione</span> <span class='ocrx_word' id='word_1_794' title='bbox 1520 2476 1653 2506; x_wconf 81' lang='lat' dir='ltr'>existens</span> <span class='ocrx_word' id='word_1_795' title='bbox 1676 2486 1742 2506; x_wconf 90' lang='lat' dir='ltr'>non</span> <span class='ocrx_word' id='word_1_796' title='bbox 1759 2486 1795 2506; x_wconf 88' lang='lat' dir='ltr'>ex</span> <span class='ocrx_word' id='word_1_797' title='bbox 1809 2476 1881 2517; x_wconf 90' lang='lat' dir='ltr'>ipso</span> <span class='ocrx_word' id='word_1_798' title='bbox 1905 2486 2013 2507; x_wconf 86' lang='lat' dir='ltr'>amore</span> <span class='ocrx_word' id='word_1_799' title='bbox 2035 2477 2141 2507; x_wconf 88' lang='lat' dir='ltr'>minus</span> <span class='ocrx_word' id='word_1_800' title='bbox 2153 2477 2170 2496; x_wconf 92' lang='lat'><em>*</em></span> <span class='ocrx_word' id='word_1_801' title='bbox 2185 2478 2271 2514; x_wconf 92' lang='lat' dir='ltr'>boni,</span> <span class='ocrx_word' id='word_1_802' title='bbox 2288 2479 2343 2509; x_wconf 91' lang='lat' dir='ltr'>sed</span> <span class='ocrx_word' id='word_1_803' title='bbox 2359 2489 2395 2509; x_wconf 85' lang='lat' dir='ltr'>ex</span> <span class='ocrx_word' id='word_1_804' title='bbox 2410 2479 2467 2509; x_wconf 91' lang='lat' dir='ltr'>im-</span> 
     </span>
     <span class='ocr_line' id='line_1_108' title="bbox 1407 2520 2467 2562; baseline 0.004 -12"><span class='ocrx_word' id='word_1_805' title='bbox 1407 2521 1501 2560; x_wconf 89' lang='lat' dir='ltr'>pulsu</span> <span class='ocrx_word' id='word_1_806' title='bbox 1518 2520 1673 2560; x_wconf 85' lang='lat' dir='ltr'>passionis</span> <span class='ocrx_word' id='word_1_807' title='bbox 1689 2521 1899 2561; x_wconf 88' lang='lat' dir='ltr'>perturbantis</span> <span class='ocrx_word' id='word_1_808' title='bbox 1921 2521 2075 2551; x_wconf 88' lang='lat' dir='ltr'>iudicium</span> <span class='ocrx_word' id='word_1_809' title='bbox 2094 2531 2179 2552; x_wconf 91' lang='lat' dir='ltr'>nunc</span> <span class='ocrx_word' id='word_1_810' title='bbox 2202 2529 2344 2562; x_wconf 90' lang='lat' dir='ltr'>respectu</span> <span class='ocrx_word' id='word_1_811' title='bbox 2363 2523 2467 2559; x_wconf 88' lang='lat' dir='ltr'>huius,</span> 
     </span>
     <span class='ocr_line' id='line_1_109' title="bbox 1407 2571 1524 2605; baseline 0.009 -11"><span class='ocrx_word' id='word_1_812' title='bbox 1407 2571 1524 2605; x_wconf 85' lang='lat' dir='ltr'>peccat.</span> 
     </span>
    </p>

    <p class='ocr_par' dir='ltr' id='par_1_38' title="bbox 1404 2608 2467 3045">
     <span class='ocr_line' id='line_1_110' title="bbox 1462 2608 2467 2652; baseline 0.003 -14"><span class='ocrx_word' id='word_1_813' title='bbox 1462 2609 1503 2639; x_wconf 90' lang='lat' dir='ltr'>Et</span> <span class='ocrx_word' id='word_1_814' title='bbox 1526 2618 1562 2638; x_wconf 86' lang='lat' dir='ltr'>ex</span> <span class='ocrx_word' id='word_1_815' title='bbox 1590 2608 1651 2638; x_wconf 89' lang='lat' dir='ltr'>hoc</span> <span class='ocrx_word' id='word_1_816' title='bbox 1683 2608 1826 2649; x_wconf 90' lang='lat' dir='ltr'>sequitur</span> <span class='ocrx_word' id='word_1_817' title='bbox 1855 2609 1992 2639; x_wconf 88' lang='lat' dir='ltr'>secunda</span> <span class='ocrx_word' id='word_1_818' title='bbox 2021 2609 2204 2649; x_wconf 88' lang='lat' dir='ltr'>responsio,</span> <span class='ocrx_word' id='word_1_819' title='bbox 2236 2610 2351 2641; x_wconf 90' lang='lat' dir='ltr'>scilicet</span> <span class='ocrx_word' id='word_1_820' title='bbox 2379 2611 2467 2652; x_wconf 89' lang='lat' dir='ltr'>quod</span> 
     </span>
     <span class='ocr_line' id='line_1_111' title="bbox 1407 2652 2467 2696; baseline 0.003 -14"><span class='ocrx_word' id='word_1_821' title='bbox 1407 2652 1583 2692; x_wconf 88' lang='lat' dir='ltr'>ignorantia</span> <span class='ocrx_word' id='word_1_822' title='bbox 1606 2652 1762 2692; x_wconf 86' lang='lat' dir='ltr'>peccantis</span> <span class='ocrx_word' id='word_1_823' title='bbox 1786 2662 1823 2682; x_wconf 87' lang='lat' dir='ltr'>ex</span> <span class='ocrx_word' id='word_1_824' title='bbox 1847 2652 1964 2683; x_wconf 88' lang='lat' dir='ltr'>malitia</span> <span class='ocrx_word' id='word_1_825' title='bbox 1989 2660 2034 2683; x_wconf 90' lang='lat' dir='ltr'>est</span> <span class='ocrx_word' id='word_1_826' title='bbox 2057 2653 2158 2683; x_wconf 90' lang='lat' dir='ltr'>maior</span> <span class='ocrx_word' id='word_1_827' title='bbox 2181 2654 2367 2685; x_wconf 88' lang='lat' dir='ltr'>formaliter:</span> <span class='ocrx_word' id='word_1_828' title='bbox 2393 2655 2467 2696; x_wconf 90' lang='lat' dir='ltr'>quia</span> 
     </span>
     <span class='ocr_line' id='line_1_112' title="bbox 1407 2696 2467 2738; baseline 0.003 -12"><span class='ocrx_word' id='word_1_829' title='bbox 1407 2696 1580 2726; x_wconf 89' lang='lat' dir='ltr'>formaliter</span> <span class='ocrx_word' id='word_1_830' title='bbox 1601 2696 1764 2735; x_wconf 88' lang='lat' dir='ltr'>ignoratur</span> <span class='ocrx_word' id='word_1_831' title='bbox 1790 2703 1856 2727; x_wconf 86' lang='lat' dir='ltr'>tam</span> <span class='ocrx_word' id='word_1_832' title='bbox 1886 2697 2049 2728; x_wconf 90' lang='lat' dir='ltr'>conclusio</span> <span class='ocrx_word' id='word_1_833' title='bbox 2077 2707 2175 2738; x_wconf 84' lang='lat' dir='ltr'>quarn</span> <span class='ocrx_word' id='word_1_834' title='bbox 2198 2698 2406 2738; x_wconf 87' lang='lat' dir='ltr'>principium,</span> <span class='ocrx_word' id='word_1_835' title='bbox 2432 2706 2467 2730; x_wconf 93' lang='lat' dir='ltr'>ut</span> 
     </span>
     <span class='ocr_line' id='line_1_113' title="bbox 1407 2740 2466 2782; baseline 0.003 -12"><span class='ocrx_word' id='word_1_836' title='bbox 1407 2741 1500 2771; x_wconf 88' lang='lat' dir='ltr'>etiam</span> <span class='ocrx_word' id='word_1_837' title='bbox 1518 2750 1553 2770; x_wconf 84' lang='lat' dir='ltr'>ex</span> <span class='ocrx_word' id='word_1_838' title='bbox 1568 2740 1624 2770; x_wconf 91' lang='lat' dir='ltr'>VII</span> <span class='ocrx_word' id='word_1_839' title='bbox 1637 2740 1738 2771; x_wconf 78' lang='lat' dir='ltr'>Ethic.</span> <span class='ocrx_word' id='word_1_840' title='bbox 1751 2740 1770 2759; x_wconf 86' lang='lat'>*</span> <span class='ocrx_word' id='word_1_841' title='bbox 1787 2740 1932 2777; x_wconf 79' lang='lat' dir='ltr'>habetur3</span> <span class='ocrx_word' id='word_1_842' title='bbox 1953 2742 2042 2781; x_wconf 92' lang='lat' dir='ltr'>quod</span> <span class='ocrx_word' id='word_1_843' title='bbox 2057 2741 2088 2771; x_wconf 90' lang='lat' dir='ltr'>in</span> <span class='ocrx_word' id='word_1_844' title='bbox 2105 2749 2253 2781; x_wconf 88' lang='lat' dir='ltr'>peccante</span> <span class='ocrx_word' id='word_1_845' title='bbox 2269 2752 2304 2772; x_wconf 88' lang='lat' dir='ltr'>ex</span> <span class='ocrx_word' id='word_1_846' title='bbox 2321 2743 2466 2782; x_wconf 85' lang='lat' dir='ltr'>passione</span> 
     </span>
     <span class='ocr_line' id='line_1_114' title="bbox 1407 2784 2466 2827; baseline 0.002 -13"><span class='ocrx_word' id='word_1_847' title='bbox 1407 2794 1472 2814; x_wconf 92' lang='lat' dir='ltr'>non</span> <span class='ocrx_word' id='word_1_848' title='bbox 1496 2784 1622 2820; x_wconf 86' lang='lat' dir='ltr'>accidit,</span> <span class='ocrx_word' id='word_1_849' title='bbox 1647 2791 1683 2815; x_wconf 91' lang='lat' dir='ltr'>ut</span> <span class='ocrx_word' id='word_1_850' title='bbox 1705 2791 1800 2824; x_wconf 87' lang='lat' dir='ltr'>patet.</span> <span class='ocrx_word' id='word_1_851' title='bbox 1825 2785 2004 2824; x_wconf 87' lang='lat' dir='ltr'>Ignorantia</span> <span class='ocrx_word' id='word_1_852' title='bbox 2027 2792 2133 2815; x_wconf 88' lang='lat' dir='ltr'>autern</span> <span class='ocrx_word' id='word_1_853' title='bbox 2157 2786 2312 2825; x_wconf 88' lang='lat' dir='ltr'>peccantis</span> <span class='ocrx_word' id='word_1_854' title='bbox 2337 2796 2373 2816; x_wconf 89' lang='lat' dir='ltr'>ex</span> <span class='ocrx_word' id='word_1_855' title='bbox 2396 2797 2466 2827; x_wconf 87' lang='lat' dir='ltr'>pas-</span> 
     </span>
     <span class='ocr_line' id='line_1_115' title="bbox 1406 2828 2464 2870; baseline 0.003 -12"><span class='ocrx_word' id='word_1_856' title='bbox 1406 2829 1494 2859; x_wconf 90' lang='lat' dir='ltr'>sione</span> <span class='ocrx_word' id='word_1_857' title='bbox 1519 2834 1565 2858; x_wconf 88' lang='lat' dir='ltr'>est</span> <span class='ocrx_word' id='word_1_858' title='bbox 1587 2828 1689 2859; x_wconf 87' lang='lat' dir='ltr'>maior</span> <span class='ocrx_word' id='word_1_859' title='bbox 1715 2828 1806 2869; x_wconf 86' lang='lat' dir='ltr'>quasi</span> <span class='ocrx_word' id='word_1_860' title='bbox 1828 2828 2014 2864; x_wconf 89' lang='lat' dir='ltr'>virtualiter,</span> <span class='ocrx_word' id='word_1_861' title='bbox 2039 2839 2094 2859; x_wconf 91' lang='lat' dir='ltr'>seu</span> <span class='ocrx_word' id='word_1_862' title='bbox 2119 2830 2381 2866; x_wconf 87' lang='lat' dir='ltr'>concomitanter‚</span> <span class='ocrx_word' id='word_1_863' title='bbox 2406 2841 2464 2870; x_wconf 91' lang='lat' dir='ltr'>pro</span> 
     </span>
     <span class='ocr_line' id='line_1_116' title="bbox 1405 2872 2464 2914; baseline 0.003 -12"><span class='ocrx_word' id='word_1_864' title='bbox 1405 2879 1526 2914; x_wconf 86' lang='lat' dir='ltr'>quanto</span> <span class='ocrx_word' id='word_1_865' title='bbox 1542 2879 1588 2903; x_wconf 90' lang='lat' dir='ltr'>est</span> <span class='ocrx_word' id='word_1_866' title='bbox 1609 2879 1752 2913; x_wconf 90' lang='lat' dir='ltr'>respectu</span> <span class='ocrx_word' id='word_1_867' title='bbox 1768 2872 1880 2912; x_wconf 85' lang='lat' dir='ltr'>prioris</span> <span class='ocrx_word' id='word_1_868' title='bbox 1895 2873 2024 2903; x_wconf 84' lang='lat' dir='ltr'>obiecti:</span> <span class='ocrx_word' id='word_1_869' title='bbox 2048 2873 2135 2913; x_wconf 87' lang='lat' dir='ltr'>prius</span> <span class='ocrx_word' id='word_1_870' title='bbox 2159 2873 2244 2903; x_wconf 89' lang='lat' dir='ltr'>enim</span> <span class='ocrx_word' id='word_1_871' title='bbox 2259 2880 2304 2904; x_wconf 92' lang='lat' dir='ltr'>est</span> <span class='ocrx_word' id='word_1_872' title='bbox 2319 2874 2380 2905; x_wconf 93' lang='lat' dir='ltr'>hoc</span> <span class='ocrx_word' id='word_1_873' title='bbox 2396 2885 2464 2905; x_wconf 88' lang='lat' dir='ltr'>ma-</span> 
     </span>
     <span class='ocr_line' id='line_1_117' title="bbox 1404 2916 2464 2957; baseline 0.002 -10"><span class='ocrx_word' id='word_1_874' title='bbox 1404 2917 1473 2947; x_wconf 90' lang='lat' dir='ltr'>lum</span> <span class='ocrx_word' id='word_1_875' title='bbox 1497 2926 1595 2952; x_wconf 90' lang='lat' dir='ltr'>nunc,</span> <span class='ocrx_word' id='word_1_876' title='bbox 1620 2926 1718 2957; x_wconf 87' lang='lat' dir='ltr'>quam</span> <span class='ocrx_word' id='word_1_877' title='bbox 1741 2916 1803 2947; x_wconf 91' lang='lat' dir='ltr'>hoc</span> <span class='ocrx_word' id='word_1_878' title='bbox 1826 2917 1947 2948; x_wconf 90' lang='lat' dir='ltr'>malurn</span> <span class='ocrx_word' id='word_1_879' title='bbox 1979 2927 2065 2947; x_wconf 89' lang='lat' dir='ltr'>nunc</span> <span class='ocrx_word' id='word_1_880' title='bbox 2088 2927 2154 2947; x_wconf 90' lang='lat' dir='ltr'>esse</span> <span class='ocrx_word' id='word_1_881' title='bbox 2177 2917 2266 2957; x_wconf 90' lang='lat' dir='ltr'>peius</span> <span class='ocrx_word' id='word_1_882' title='bbox 2290 2918 2404 2954; x_wconf 86' lang='lat' dir='ltr'>altero;</span> <span class='ocrx_word' id='word_1_883' title='bbox 2429 2929 2464 2949; x_wconf 90' lang='lat' dir='ltr'>ac</span> 
     </span>
     <span class='ocr_line' id='line_1_118' title="bbox 1404 2960 2464 3001; baseline 0.003 -11"><span class='ocrx_word' id='word_1_884' title='bbox 1404 2971 1460 3001; x_wconf 91' lang='lat' dir='ltr'>per</span> <span class='ocrx_word' id='word_1_885' title='bbox 1475 2961 1546 2997; x_wconf 85' lang='lat' dir='ltr'>hoc,</span> <span class='ocrx_word' id='word_1_886' title='bbox 1562 2960 1709 3000; x_wconf 87' lang='lat' dir='ltr'>ignorans</span> <span class='ocrx_word' id='word_1_887' title='bbox 1733 2960 1906 2991; x_wconf 87' lang='lat' dir='ltr'>formaliter</span> <span class='ocrx_word' id='word_1_888' title='bbox 1922 2961 1983 2991; x_wconf 91' lang='lat' dir='ltr'>hoc</span> <span class='ocrx_word' id='word_1_889' title='bbox 1999 2971 2083 2991; x_wconf 89' lang='lat' dir='ltr'>nunc</span> <span class='ocrx_word' id='word_1_890' title='bbox 2099 2971 2165 2991; x_wconf 88' lang='lat' dir='ltr'>esse</span> <span class='ocrx_word' id='word_1_891' title='bbox 2188 2961 2319 2998; x_wconf 87' lang='lat' dir='ltr'>malurn,</span> <span class='ocrx_word' id='word_1_892' title='bbox 2337 2972 2373 2992; x_wconf 89' lang='lat' dir='ltr'>ex</span> <span class='ocrx_word' id='word_1_893' title='bbox 2389 2972 2464 2993; x_wconf 85' lang='lat' dir='ltr'>con-</span> 
     </span>
     <span class='ocr_line' id='line_1_119' title="bbox 1404 3004 2441 3045; baseline 0.002 -10"><span class='ocrx_word' id='word_1_894' title='bbox 1404 3005 1547 3045; x_wconf 90' lang='lat' dir='ltr'>sequenti</span> <span class='ocrx_word' id='word_1_895' title='bbox 1571 3005 1669 3035; x_wconf 87' lang='lat' dir='ltr'>nescit</span> <span class='ocrx_word' id='word_1_896' title='bbox 1690 3004 1752 3035; x_wconf 91' lang='lat' dir='ltr'>hoc</span> <span class='ocrx_word' id='word_1_897' title='bbox 1775 3014 1860 3035; x_wconf 89' lang='lat' dir='ltr'>nunc</span> <span class='ocrx_word' id='word_1_898' title='bbox 1883 3015 1949 3035; x_wconf 88' lang='lat' dir='ltr'>esse</span> <span class='ocrx_word' id='word_1_899' title='bbox 1972 3005 2072 3044; x_wconf 87' lang='lat' dir='ltr'>peius,</span> <span class='ocrx_word' id='word_1_900' title='bbox 2093 3011 2123 3035; x_wconf 90' lang='lat' dir='ltr'>et</span> <span class='ocrx_word' id='word_1_901' title='bbox 2146 3014 2211 3035; x_wconf 88' lang='lat' dir='ltr'>non</span> <span class='ocrx_word' id='word_1_902' title='bbox 2236 3015 2252 3035; x_wconf 92' lang='lat' dir='ltr'>e</span> <span class='ocrx_word' id='word_1_903' title='bbox 2276 3015 2441 3037; x_wconf 78' lang='lat' dir='ltr'>converso,</span> 
     </span>
    </p>

    <p class='ocr_par' dir='ltr' id='par_1_39' title="bbox 1403 3048 2464 3308">
     <span class='ocr_line' id='line_1_120' title="bbox 1462 3048 2464 3089; baseline 0.002 -10"><span class='ocrx_word' id='word_1_904' title='bbox 1462 3049 1571 3079; x_wconf 89' lang='lat' dir='ltr'>Tertio</span> <span class='ocrx_word' id='word_1_905' title='bbox 1596 3055 1700 3089; x_wconf 90' lang='lat' dir='ltr'>potest</span> <span class='ocrx_word' id='word_1_906' title='bbox 1723 3048 1783 3079; x_wconf 90' lang='lat' dir='ltr'>dici</span> <span class='ocrx_word' id='word_1_907' title='bbox 1806 3049 1894 3089; x_wconf 92' lang='lat' dir='ltr'>quod</span> <span class='ocrx_word' id='word_1_908' title='bbox 1917 3049 2092 3088; x_wconf 87' lang='lat' dir='ltr'>ignorantia</span> <span class='ocrx_word' id='word_1_909' title='bbox 2108 3049 2262 3088; x_wconf 89' lang='lat' dir='ltr'>peccantis</span> <span class='ocrx_word' id='word_1_910' title='bbox 2286 3060 2323 3080; x_wconf 85' lang='lat' dir='ltr'>ex</span> <span class='ocrx_word' id='word_1_911' title='bbox 2345 3050 2464 3086; x_wconf 84' lang='lat' dir='ltr'>malitia</span> 
     </span>
     <span class='ocr_line' id='line_1_121' title="bbox 1404 3092 2462 3135; baseline 0.002 -12"><span class='ocrx_word' id='word_1_912' title='bbox 1404 3099 1450 3123; x_wconf 92' lang='lat' dir='ltr'>est</span> <span class='ocrx_word' id='word_1_913' title='bbox 1466 3093 1576 3129; x_wconf 88' lang='lat' dir='ltr'>maior,</span> <span class='ocrx_word' id='word_1_914' title='bbox 1597 3093 1671 3133; x_wconf 88' lang='lat' dir='ltr'>quia</span> <span class='ocrx_word' id='word_1_915' title='bbox 1687 3102 1742 3132; x_wconf 89' lang='lat' dir='ltr'>per</span> <span class='ocrx_word' id='word_1_916' title='bbox 1757 3093 1892 3122; x_wconf 88' lang='lat' dir='ltr'>modum</span> <span class='ocrx_word' id='word_1_917' title='bbox 1914 3092 2052 3123; x_wconf 86' lang='lat' dir='ltr'>habitus:</span> <span class='ocrx_word' id='word_1_918' title='bbox 2077 3092 2252 3132; x_wconf 84' lang='lat' dir='ltr'>ignorantia</span> <span class='ocrx_word' id='word_1_919' title='bbox 2267 3101 2374 3125; x_wconf 87' lang='lat' dir='ltr'>autem</span> <span class='ocrx_word' id='word_1_920' title='bbox 2389 3104 2462 3135; x_wconf 90' lang='lat' dir='ltr'>pec-</span> 
     </span>
     <span class='ocr_line' id='line_1_122' title="bbox 1404 3136 2463 3177; baseline 0.002 -10"><span class='ocrx_word' id='word_1_921' title='bbox 1404 3137 1501 3167; x_wconf 90' lang='lat' dir='ltr'>cantis</span> <span class='ocrx_word' id='word_1_922' title='bbox 1525 3147 1561 3167; x_wconf 88' lang='lat' dir='ltr'>ex</span> <span class='ocrx_word' id='word_1_923' title='bbox 1584 3136 1729 3177; x_wconf 90' lang='lat' dir='ltr'>passione</span> <span class='ocrx_word' id='word_1_924' title='bbox 1762 3142 1807 3166; x_wconf 93' lang='lat' dir='ltr'>est</span> <span class='ocrx_word' id='word_1_925' title='bbox 1837 3146 1893 3176; x_wconf 89' lang='lat' dir='ltr'>per</span> <span class='ocrx_word' id='word_1_926' title='bbox 1920 3137 2054 3166; x_wconf 90' lang='lat' dir='ltr'>modum</span> <span class='ocrx_word' id='word_1_927' title='bbox 2085 3136 2331 3177; x_wconf 89' lang='lat' dir='ltr'>interruptionis.</span> <span class='ocrx_word' id='word_1_928' title='bbox 2360 3139 2463 3169; x_wconf 91' lang='lat' dir='ltr'>Malus</span> 
     </span>
     <span class='ocr_line' id='line_1_123' title="bbox 1404 3179 2462 3213; baseline 0.002 -2"><span class='ocrx_word' id='word_1_929' title='bbox 1404 3181 1488 3211; x_wconf 91' lang='lat' dir='ltr'>enim</span> <span class='ocrx_word' id='word_1_930' title='bbox 1513 3181 1592 3211; x_wconf 87' lang='lat' dir='ltr'>circa</span> <span class='ocrx_word' id='word_1_931' title='bbox 1615 3179 1711 3210; x_wconf 91' lang='lat' dir='ltr'>finem</span> <span class='ocrx_word' id='word_1_932' title='bbox 1728 3180 1848 3210; x_wconf 86' lang='lat' dir='ltr'>malurn</span> <span class='ocrx_word' id='word_1_933' title='bbox 1871 3180 1903 3210; x_wconf 93' lang='lat' dir='ltr'>in</span> <span class='ocrx_word' id='word_1_934' title='bbox 1927 3180 2038 3211; x_wconf 89' lang='lat' dir='ltr'>affectu</span> <span class='ocrx_word' id='word_1_935' title='bbox 2062 3186 2092 3211; x_wconf 94' lang='lat' dir='ltr'>et</span> <span class='ocrx_word' id='word_1_936' title='bbox 2114 3180 2147 3210; x_wconf 92' lang='lat' dir='ltr'>in</span> <span class='ocrx_word' id='word_1_937' title='bbox 2170 3181 2290 3212; x_wconf 89' lang='lat' dir='ltr'>ratione</span> <span class='ocrx_word' id='word_1_938' title='bbox 2315 3189 2360 3212; x_wconf 90' lang='lat' dir='ltr'>est</span> <span class='ocrx_word' id='word_1_939' title='bbox 2380 3183 2462 3213; x_wconf 91' lang='lat' dir='ltr'>male</span> 
     </span>
     <span class='ocr_line' id='line_1_124' title="bbox 1403 3223 2461 3265; baseline 0.003 -11"><span class='ocrx_word' id='word_1_940' title='bbox 1403 3225 1591 3265; x_wconf 88' lang='lat' dir='ltr'>dispositus:</span> <span class='ocrx_word' id='word_1_941' title='bbox 1616 3223 1762 3263; x_wconf 89' lang='lat' dir='ltr'>passione</span> <span class='ocrx_word' id='word_1_942' title='bbox 1777 3233 1852 3253; x_wconf 92' lang='lat' dir='ltr'>vero</span> <span class='ocrx_word' id='word_1_943' title='bbox 1869 3224 1981 3254; x_wconf 90' lang='lat' dir='ltr'>ductus</span> <span class='ocrx_word' id='word_1_944' title='bbox 1998 3224 2079 3254; x_wconf 89' lang='lat' dir='ltr'>male</span> <span class='ocrx_word' id='word_1_945' title='bbox 2098 3234 2131 3254; x_wconf 88' lang='lat' dir='ltr'>se</span> <span class='ocrx_word' id='word_1_946' title='bbox 2151 3224 2245 3255; x_wconf 84' lang='lat' dir='ltr'>habet</span> <span class='ocrx_word' id='word_1_947' title='bbox 2260 3225 2339 3256; x_wconf 90' lang='lat' dir='ltr'>circa</span> <span class='ocrx_word' id='word_1_948' title='bbox 2355 3225 2461 3262; x_wconf 87' lang='lat' dir='ltr'>finem,</span> 
     </span>
     <span class='ocr_line' id='line_1_125' title="bbox 1404 3267 2460 3308; baseline 0.001 -9"><span class='ocrx_word' id='word_1_949' title='bbox 1404 3269 1482 3299; x_wconf 90' lang='lat' dir='ltr'>dum</span> <span class='ocrx_word' id='word_1_950' title='bbox 1498 3268 1602 3308; x_wconf 85' lang='lat' dir='ltr'>passio</span> <span class='ocrx_word' id='word_1_951' title='bbox 1627 3274 1750 3298; x_wconf 86' lang='lat' dir='ltr'>tantum</span> <span class='ocrx_word' id='word_1_952' title='bbox 1768 3267 1933 3308; x_wconf 88' lang='lat' dir='ltr'>intercipit,</span> <span class='ocrx_word' id='word_1_953' title='bbox 1951 3268 2034 3299; x_wconf 87' lang='lat' dir='ltr'>utin</span> <span class='ocrx_word' id='word_1_954' title='bbox 2050 3277 2182 3308; x_wconf 91' lang='lat' dir='ltr'>corpore</span> <span class='ocrx_word' id='word_1_955' title='bbox 2201 3269 2322 3300; x_wconf 86' lang='lat' dir='ltr'>articuli</span> <span class='ocrx_word' id='word_1_956' title='bbox 2338 3270 2460 3302; x_wconf 90' lang='lat' dir='ltr'>dicitur.</span> 
     </span>
    </p>
   </div>
   <div class='ocr_carea' id='block_1_22' title="bbox 2490 1050 2703 1130">
    <p class='ocr_par' dir='ltr' id='par_1_40' title="bbox 2490 1050 2703 1130">
     <span class='ocr_line' id='line_1_126' title="bbox 2491 1050 2603 1078; baseline 0.009 -7"><span class='ocrx_word' id='word_1_957' title='bbox 2491 1052 2500 1060; x_wconf 79' lang='lat'>&#39;¹</span> <span class='ocrx_word' id='word_1_958' title='bbox 2516 1050 2543 1071; x_wconf 88' lang='lat' dir='ltr'>D.</span> <span class='ocrx_word' id='word_1_959' title='bbox 2559 1051 2603 1078; x_wconf 89' lang='grc' dir='ltr'>7ι8.</span> 
     </span>
     <span class='ocr_line' id='line_1_127' title="bbox 2490 1077 2703 1130; baseline 0 -32"><span class='ocrx_word' id='word_1_960' title='bbox 2490 1077 2568 1130; x_wconf 53' lang='grc' dir='ltr'>Ξῖιι.</span> <span class='ocrx_word' id='word_1_961' title='bbox 2576 1083 2653 1104; x_wconf 72' lang='lat' dir='ltr'>Lxxvr,</span> <span class='ocrx_word' id='word_1_962' title='bbox 2660 1080 2703 1099; x_wconf 80' lang='lat' dir='ltr'>art.</span> 
     </span>
    </p>
   </div>
   <div class='ocr_carea' id='block_1_23' title="bbox 2494 1844 2600 1866">
    <p class='ocr_par' dir='ltr' id='par_1_41' title="bbox 2494 1844 2600 1866">
     <span class='ocr_line' id='line_1_128' title="bbox 2494 1844 2600 1866; baseline 0 0"><span class='ocrx_word' id='word_1_963' title='bbox 2494 1844 2504 1854; x_wconf 81' lang='lat'>⁸</span> <span class='ocrx_word' id='word_1_964' title='bbox 2518 1845 2569 1866; x_wconf 76' lang='lat' dir='ltr'>Art·</span> <span class='ocrx_word' id='word_1_965' title='bbox 2584 1850 2600 1866; x_wconf 90' lang='grc' dir='ltr'>ι.</span> 
     </span>
    </p>
   </div>
   <div class='ocr_carea' id='block_1_24' title="bbox 2496 2486 2707 2539">
    <p class='ocr_par' dir='ltr' id='par_1_42' title="bbox 2496 2486 2707 2539">
     <span class='ocr_line' id='line_1_129' title="bbox 2496 2486 2707 2508; baseline 0.005 -1"><span class='ocrx_word' id='word_1_966' title='bbox 2496 2487 2505 2495; x_wconf 81' lang='lat'>&#39;¹</span> <span class='ocrx_word' id='word_1_967' title='bbox 2520 2486 2587 2507; x_wconf 80' lang='lat' dir='ltr'>unius</span> <span class='ocrx_word' id='word_1_968' title='bbox 2601 2492 2614 2507; x_wconf 63' lang='grc' dir='ltr'>ι’</span> <span class='ocrx_word' id='word_1_969' title='bbox 2634 2490 2654 2508; x_wconf 86' lang='lat' dir='ltr'>et</span> <span class='ocrx_word' id='word_1_970' title='bbox 2670 2486 2707 2508; x_wconf 87' lang='lat' dir='ltr'>ed.</span> 
     </span>
     <span class='ocr_line' id='line_1_130' title="bbox 2496 2518 2549 2539; baseline 0.019 -6"><span class='ocrx_word' id='word_1_971' title='bbox 2496 2518 2549 2539; x_wconf 83' lang='lat'>¹514-</span> 
     </span>
    </p>
   </div>
   <div class='ocr_carea' id='block_1_25' title="bbox 2493 2749 2706 2778">
    <p class='ocr_par' dir='ltr' id='par_1_43' title="bbox 2493 2749 2706 2778">
     <span class='ocr_line' id='line_1_131' title="bbox 2493 2749 2706 2778; baseline 0 -6"><span class='ocrx_word' id='word_1_972' title='bbox 2493 2752 2502 2760; x_wconf 84' lang='lat'><strong>·</strong></span> <span class='ocrx_word' id='word_1_973' title='bbox 2514 2750 2570 2772; x_wconf 86' lang='lat' dir='ltr'>Loc.</span> <span class='ocrx_word' id='word_1_974' title='bbox 2578 2749 2616 2772; x_wconf 85' lang='lat' dir='ltr'>cit.</span> <span class='ocrx_word' id='word_1_975' title='bbox 2624 2750 2647 2772; x_wconf 87' lang='lat' dir='ltr'>in</span> <span class='ocrx_word' id='word_1_976' title='bbox 2656 2756 2706 2778; x_wconf 82' lang='lat' dir='ltr'>arg.</span> 
     </span>
    </p>
   </div>
   <div class='ocr_carea' id='block_1_26' title="bbox 2493 2783 2509 2799">
    <p class='ocr_par' dir='ltr' id='par_1_44' title="bbox 2493 2783 2509 2799">
     <span class='ocr_line' id='line_1_132' title="bbox 2493 2783 2509 2799; baseline 0.063 -1"><span class='ocrx_word' id='word_1_977' title='bbox 2493 2783 2509 2799; x_wconf 87' lang='grc' dir='ltr'>Ι.</span> 
     </span>
    </p>
   </div>
  </div>
 </body>
</html>
