2840 4010
91 844 99 851 ·
115 841 170 862 Loc.
186 840 232 867 cit„
249 845 298 867 cap.

90 874 153 889 xux.

88 1211 95 1218 ·
102 1210 170 1231 Deut.
177 1215 228 1236 cap.
234 1215 299 1236 xxm,

86 1243 146 1258 vers.
161 1236 192 1258 18.

186 1273 200 1290 o

89 1316 97 1324 ·
113 1314 141 1335 D.
156 1320 204 1342 937.

331 173 405 209 232

385 250 562 288 Similiter
581 251 691 288 etiam
710 263 779 299 per
794 249 1023 286 occisionem
1044 246 1266 283 animalium
1282 244 1392 292 signi-

329 305 465 342 ficatur
493 303 694 341 destructio
723 309 979 351 peccatorum.
1004 301 1053 336 Et
1081 298 1186 357 quod
1213 297 1391 335 homines

331 365 436 394 erant
465 357 565 404 digni
595 355 783 393 occisione
812 366 880 402 pro
900 352 1064 401 peccatis
1093 351 1188 388 suis:
1217 363 1262 387 ac
1281 350 1312 387 si
1331 351 1391 387 illa

330 409 506 447 animalia
533 410 618 445 loco
648 420 782 444 eorum
812 406 1084 451 occiderentur,
1110 404 1158 441 ad
1178 404 1391 452 significan-

330 463 422 500 dum
453 461 704 520 expiationem
732 466 991 518 peccatorum.

384 517 457 551 Per
477 513 705 550 occisionem
727 512 838 548 etiam
859 509 1079 547 huiusmodi
1103 509 1325 547 animalium
1344 509 1390 546 si-

329 568 577 615 gnificabatur
597 565 735 602 occisio
764 563 913 601 Christi.

381 621 439 656 AD
468 630 608 655 SEXTUM
636 629 819 655 DlCENDUM
847 616 953 666 quod
977 615 1148 665 specialis
1167 616 1308 653 modus
1328 628 1391 653 oc-

329 672 477 709 cidendi
497 667 673 708 animalia
692 671 890 707 immolata
912 669 1232 706 determinabatur
1251 669 1289 706 in
1308 670 1390 718 lege

328 725 375 762 ad
402 724 680 761 excludendum
711 724 805 760 alios
834 723 985 768 modos,
1005 722 1143 771 quibus
1167 722 1389 760 idololatrae

328 778 506 815 animalia
524 777 632 814 idolis
652 777 915 813 immolabant.
932 797 956 804 -
971 776 1042 813 Vel
1062 775 1189 822 etiam,
1205 783 1246 812 ut
1265 775 1390 813 Rabbi

328 832 484 879 Moyses
518 830 606 867 dicit
632 829 669 878 ³¹²,
697 830 761 867 lex
792 830 905 879 elegit
932 841 1053 879 genus
1087 829 1281 866 occisionis
1316 841 1389 878 quo

326 883 507 921 animalia
527 883 650 920 minus
669 883 939 932 affligebantur
958 883 1092 919 occisa.
1110 883 1184 918 Per
1203 882 1309 930 quod
1329 894 1390 919 ex-

328 937 550 974 cludebatur
577 936 690 973 etiam
719 935 1033 973 immisericordia
1066 935 1325 983 offerentium,
1356 943 1391 972 et

327 989 568 1028 deterioratio
597 989 817 1026 animalium
847 989 1074 1025 occisorum.

379 1046 439 1080 AD
459 1055 638 1080 SEPTIMUM
661 1054 844 1079 mCENDuM
864 1042 981 1091 quod,
1002 1042 1092 1091 quia
1116 1041 1292 1078 animalia
1311 1053 1391 1078 ma-

327 1097 457 1133 culosa
485 1096 607 1135 solent
634 1095 765 1132 haberi
793 1095 1030 1143 contemptui
1058 1095 1171 1131 etiam
1201 1095 1304 1143 apud
1321 1095 1389 1132 ho-

327 1149 462 1196 mines,
481 1148 567 1185 ideo
587 1148 823 1197 prohibitum
849 1156 905 1185 est
924 1161 972 1185 ne
992 1149 1077 1185 Deo
1097 1148 1135 1184 in
1160 1147 1389 1184 sacrificium

327 1202 570 1239 offerrentur:
590 1208 747 1250 propter
766 1201 870 1249 quod
891 1201 1004 1238 etiam
1023 1201 1256 1249 prohibitum
1277 1208 1356 1238 erat
1369 1200 1390 1223 *

327 1268 374 1292 ne
405 1255 614 1292 mercedem
641 1254 860 1302 prostibuli,
889 1260 957 1291 aut
974 1255 1140 1303 pretium
1169 1254 1273 1291 canis
1291 1259 1320 1300 ⁰,
1351 1254 1388 1290 in

325 1309 478 1346 domum
506 1308 582 1345 Dei
607 1308 789 1357 offerrent
805 1306 836 1343 ³¹⁸.
857 1308 906 1344 Et
935 1308 1071 1344 eadem
1101 1307 1214 1343 etiarn
1244 1307 1388 1344 ratione

325 1374 404 1398 non
441 1361 654 1398 offerebant
691 1360 869 1397 animalia
905 1367 992 1397 ante
1027 1360 1233 1408 septimum
1264 1357 1388 1397 diein:

324 1415 413 1463 quia
441 1414 528 1451 talia
556 1413 732 1451 animalia
755 1421 862 1450 erant
881 1413 988 1462 quasi
1007 1414 1192 1460 abortiva,
1214 1413 1388 1450 nondum

290 1475 297 1477 “
322 1468 435 1516 plene
465 1467 715 1514 consistentia,
745 1474 901 1516 propter
927 1466 1232 1504 teneritudinem.

377 1523 435 1557 AD
465 1532 636 1558 OCTAVUM
664 1532 848 1557 memnon
877 1520 982 1569 quod
1010 1520 1142 1569 triplex
1172 1527 1251 1556 erat
1279 1519 1390 1556 sacri—

324 1574 502 1611 ficiorum
530 1586 660 1621 genus.
683 1573 892 1620 Quoddam
919 1581 998 1610 erat
1017 1573 1123 1622 quod
1141 1581 1264 1610 totum
1286 1584 1389 1609 cotn-

324 1628 550 1664 burebatur:
581 1635 616 1663 et
645 1627 718 1663 hoc
751 1626 947 1663 dicebatur
973 1626 1253 1672 holocaustum,
1283 1626 1390 1675 quasi

324 1685 440 1717 totum
455 1681 658 1716 incensum.
681 1679 913 1716 Huiusmodi
934 1679 1034 1716 enim
1052 1679 1279 1716 sacrificium
1296 1679 1388 1716 offe-

325 1733 475 1770 rebatur
502 1734 587 1770 Deo
608 1732 817 1782 specialiter
841 1733 889 1769 ad
910 1733 1162 1770 reverentiam
1184 1732 1389 1769 maiestatis

323 1786 450 1835 ipsius,
471 1793 508 1822 et
535 1798 709 1823 amorem
739 1785 915 1823 bonitatis
940 1786 1039 1823 eius:
1070 1794 1106 1822 et
1135 1786 1388 1823 conveniebat

323 1839 566 1888 perfectionis
595 1839 705 1876 statui
738 1839 774 1875 in
808 1839 1027 1887 impletione
1056 1839 1314 1876 consiliorum.
1339 1839 1388 1881 Et

324 1892 412 1930 ideo
432 1899 556 1929 totum
577 1893 893 1929 comburebatur:
914 1901 956 1929 ut
974 1892 1070 1929 sicut
1090 1900 1212 1929 totum
1234 1892 1385 1939 animal,

324 1947 534 1982 resolutum
565 1945 604 1982 in
635 1958 843 1994 vaporem,
874 1958 1024 1982 sursum
1059 1945 1308 1992 ascendebat,
1337 1945 1387 1982 ita

324 1998 438 2036 etiam
468 1998 740 2046 significaretur
767 2006 889 2035 toturn
917 1999 1129 2045 hominem,
1161 2005 1196 2035 et
1225 1994 1387 2035 ornhiass

323 2064 422 2101 quae
446 2052 563 2100 ipsius
583 2059 680 2098 sunt,
702 2051 774 2088 Dei
799 2051 971 2088 dominio
992 2064 1074 2089 esse
1095 2051 1275 2099 subiecta,
1298 2059 1334 2088 et
1353 2051 1388 2088 ei

323 2117 406 2142 esse
434 2105 644 2142 offerenda.

375 2158 489 2195 Aliud
517 2165 646 2194 autem
666 2165 745 2194 erat
763 2157 989 2194 sacrificium
1005 2170 1079 2206 pro
1093 2163 1260 2206 peccato,
1281 2157 1387 2206 quod

323 2211 555 2248 offerebatur
587 2212 672 2248 Deo
709 2223 753 2247 ex
786 2210 1007 2247 necessitate
1036 2211 1268 2248 remissionis
1299 2223 1387 2260 pec-

323 2264 416 2301 cati:
446 2271 483 2301 et
510 2264 763 2301 conveniebat
790 2264 900 2300 statui
927 2264 1206 2313 poenitentium
1225 2264 1263 2301 in
1282 2264 1386 2301 satis-

323 2317 486 2354 factione
520 2324 778 2365 peccatorum.
800 2317 916 2364 Quod
950 2317 1192 2354 dividebatur
1223 2317 1262 2354 in
1291 2318 1386 2355 duas

321 2378 469 2418 partes:
499 2382 588 2406 nam
622 2383 698 2406 una
732 2383 819 2419 pars
855 2370 933 2406 eius
967 2371 1285 2418 comburebatur,
1315 2370 1386 2408 alia

321 2435 415 2460 vero
437 2423 598 2460 cedebat
624 2423 663 2460 in
682 2436 795 2460 usum
819 2423 1083 2470 sacerdotum
1105 2424 1153 2460 ad
1173 2423 1385 2472 significan-

323 2476 416 2513 dum
437 2477 542 2525 quod
572 2476 731 2524 expiatio
759 2483 1005 2525 peccatorum
1023 2477 1066 2514 fit
1085 2489 1107 2514 a
1126 2478 1211 2514 Deo
1230 2489 1299 2526 per
1317 2477 1386 2514 mi-

321 2529 517 2566 nisterium
536 2530 790 2566 sacerdotum.
803 2529 887 2566 Nisi
906 2531 1061 2578 quando
1077 2530 1310 2567 offerebatur
1327 2542 1385 2568 sa·

322 2582 504 2619 orificium
526 2595 596 2631 pro
615 2590 773 2631 peccato
792 2583 906 2619 totius
926 2583 1074 2631 populi,
1094 2584 1157 2620 vel
1177 2583 1386 2632 specialiter

320 2647 391 2684 pro
410 2643 568 2683 peccato
588 2635 810 2673 sacerdotis:
841 2643 930 2672 tunc
959 2636 1059 2673 enim
1084 2644 1206 2674 totum
1228 2637 1386 2673 combu-

322 2688 484 2725 rebatur.
507 2689 598 2726 Non
619 2688 719 2725 enim
742 2689 932 2726 debebant
951 2689 988 2725 in
1009 2701 1120 2726 usum
1141 2690 1383 2726 sacerdotum

320 2741 451 2778 venire
481 2754 526 2778 ca
550 2754 647 2790 quae
675 2754 745 2790 pro
769 2750 927 2790 peccato
957 2755 1091 2779 eorum
1113 2743 1382 2789 offerebantur,

320 2802 362 2830 ut
380 2794 471 2831 nihil
490 2795 635 2843 peccati
653 2794 691 2831 in
712 2794 765 2831 eis
784 2803 1008 2832 remaneret.
1030 2796 1078 2832 Et
1104 2795 1192 2844 quia
1210 2796 1286 2832 hoc
1305 2808 1383 2832 non

321 2854 419 2884 esset
447 2847 647 2885 satisfactio
676 2860 746 2896 pro
773 2855 952 2896 peccato:
983 2848 1013 2885 si
1042 2849 1145 2885 enim
1166 2849 1316 2886 cederet
1343 2848 1381 2885 in

319 2912 602 2941 usumseorum
634 2913 704 2949 pro
740 2913 905 2950 quorum
939 2901 1103 2950 peccatis
1132 2901 1381 2948 offerebatur,

320 2952 423 2990 idern
452 2965 534 2990 esse
561 2954 755 2991 videretur
783 2966 827 2990 ac
855 2954 884 2991 si
914 2966 993 2991 non
1021 2954 1202 2991 offerrent
1221 2959 1246 2990 Ρ.

372 3007 545 3043 Tertium
574 3019 668 3044 vero
697 3007 925 3044 sacrificium
945 3008 1156 3044 vocabatur
1178 3007 1297 3044 hostia
1311 3019 1382 3056 pa—

319 3059 451 3106 cifica„
475 3072 572 3108 quae
602 3060 833 3097 offerebatur
864 3061 949 3097 Deo
978 3061 1039 3097 vel
1071 3073 1141 3108 pro
1176 3060 1380 3108 gratiarum

319 3111 476 3157 actione,
493 3114 555 3149 vel
574 3125 643 3161 pro
664 3114 783 3150 salute
804 3121 840 3150 et
858 3113 1106 3162 prosperitate
1125 3113 1380 3161 offerentium,

283 3163 286 3166 ’
319 3175 364 3199 ex
384 3164 510 3202 debito
539 3166 715 3202 beneficii
742 3167 805 3203 vel
825 3166 969 3215 accepti
994 3167 1057 3203 vel
1085 3166 1317 3215 accipiendi:
1346 3174 1383 3204 et

320 3218 498 3254 convenit
526 3219 635 3255 statui
662 3219 940 3267 proficientium
968 3219 1007 3256 in
1034 3219 1253 3268 impletione
1273 3232 1381 3258 man-

320 3268 507 3306 datorum.
525 3271 573 3306 Et
592 3271 660 3307 ista
683 3271 950 3309 dividebantur
969 3272 1006 3309 in
1026 3281 1101 3309 tres
1121 3280 1267 3321 partes:
1290 3285 1380 3310 nam

318 3333 395 3358 una
413 3334 500 3370 pars
519 3322 788 3361 incendebatur
802 3325 851 3362 ad
870 3326 1058 3362 honorem
1079 3326 1171 3373 Dei,
1201 3326 1274 3363 alia
1293 3339 1381 3375 pars

1028 166 1293 215 QUAESTIO
1324 166 1406 212 CII,
1436 164 1732 201 ARTICULUS
1761 165 1811 200 III

1445 243 1631 280 cedebat'
1624 255 1662 280 in
1681 254 1795 279 usum
1823 243 2086 292 sacerdotum,
2115 245 2221 283 tertia
2238 259 2333 284 vero
2361 259 2450 297 pars
2469 246 2507 283 in

1443 309 1556 333 usum
1587 295 1850 343 offerentium;
1877 297 1925 333 ad
1953 296 2259 344 significandum
2271 301 2383 360 quod
2407 300 2507 338 salus

1443 349 1610 386 hominis
1629 348 1802 398 procedit
1820 361 1841 386 a
1857 349 1955 397 Deo,
1970 349 2214 398 dirigentibus
2227 352 2407 391 ministris
2420 354 2505 401 Dei,

1446 411 1482 439 et
1509 402 1803 451 cooperantibus
1836 402 1927 451 ipsis
1959 402 2180 441 hominibus
2207 405 2273 454 qui
2301 406 2504 444 salvantur.

1498 456 1585 492 Hoc
1603 464 1731 493 autern
1751 456 1974 503 generaliter
1993 457 2280 506 observabatur,
2296 460 2402 508 quod
2419 473 2505 498 san—

1444 509 1526 557 guis
1547 517 1583 546 et
1601 510 1720 558 adeps
1735 520 1813 545 non
1831 509 2038 547 veniebant
2057 521 2181 559 neque
2199 509 2239 548 in
2252 522 2366 549 usum
2380 524 2504 557 sacer-

1444 562 1591 610 dotum,
1621 574 1746 611 neque
1774 562 1813 599 in
1831 575 1945 600 usum
1962 563 2238 600 offerentium:
2267 565 2335 602 sed
2353 566 2506 614 sanguis

1445 615 1711 652 effundebatur
1742 615 1791 652 ad
1823 616 2056 665 crepidinem
2085 616 2222 664 altaris,
2250 617 2289 654 in
2315 617 2504 656 honorem

1443 668 1536 714 Dei;
1566 668 1685 716 adeps
1711 680 1806 705 vero
1834 669 2066 707 adurebatur
2092 670 2131 707 in
2153 670 2251 718 igne.
2273 670 2392 708 Cuius
2411 671 2504 709 ratio

1443 734 1520 758 una
1555 721 1709 769 quidem
1736 721 1805 758 fuit
1841 722 1890 759 ad
1927 723 2203 761 excludendam
2236 723 2502 763 idololatriam.

1444 775 1668 812 Idololatrae
1707 774 1808 811 enim
1841 775 2024 813 bibebant
2054 783 2071 799 ‘¹
2099 777 2146 814 de
2183 777 2365 825 sanguine
2399 778 2505 815 victi-

1444 840 1615 875 marum,
1646 835 1683 864 et
1710 827 1964 866 comedebant
1991 829 2140 879 adipes3
2171 831 2382 868 secundum
2411 831 2504 869 illud

1443 882 1553 918 Deut.
1565 880 1712 918 xxxx1*:
1732 881 1792 917 De
1810 892 1970 929 quorum
1989 883 2148 921 victimis
2165 885 2411 922 comedebant
2425 885 2504 922 adi-

1441 946 1523 982 pes,
1553 940 1589 971 et
1600 934 1774 970 bibebant
1788 934 1918 971 vinum
1946 935 2178 974 libaminum.
2198 957 2222 965 -
2245 937 2423 975 Secunda
2445 950 2503 975 ra-

1443 987 1495 1024 tio
1525 995 1580 1024 est
1608 988 1655 1024 ad
1683 986 1992 1025 informationem
2009 989 2202 1027 humanae
2229 991 2342 1029 vitae.
2371 991 2504 1028 Prohi—

1443 1041 1604 1077 bebatur
1637 1040 1739 1076 enim
1773 1039 1826 1076 eis
1853 1052 1946 1077 usus
1981 1042 2195 1090 sanguinis,
2219 1044 2268 1081 ad
2294 1045 2371 1081 hoc
2397 1045 2503 1094 quod

1443 1095 1641 1131 horrerent
1654 1092 1813 1130 humani
1832 1093 2026 1141 sanguinis
2049 1095 2295 1134 effusionem.
2323 1098 2428 1135 unde
2449 1097 2503 1136 di-

1444 1147 1539 1184 citur
1561 1147 1652 1183 Gen.
1670 1158 1704 1183 1x
1717 1145 1755 1182 *ε
1781 1146 1944 1183 Carnem
1963 1158 2049 1184 cum
2067 1150 2255 1199 sanguine
2277 1163 2352 1188 non
2381 1163 2502 1188 come-

1443 1200 1554 1237 detis:
1581 1199 1805 1249 sanguinem
1834 1199 1932 1236 enim
1961 1200 2178 1238 animarum
2205 1207 2416 1241 vestrarum
2440 1197 2501 1241 ¹·re

1442 1253 1603 1302 quirum.
1634 1253 1732 1289 Esus
1759 1264 1854 1289 vero
1884 1251 2040 1301 adipum
2073 1254 2347 1303 prohibebatur
2373 1257 2426 1294 eis
2448 1258 2503 1295 ad

1441 1306 1637 1343 vitandam
1666 1304 1877 1342 lasciviam:
1905 1306 2009 1343 unde
2029 1306 2165 1344 dicitur
2185 1308 2328 1346 Exech.
2343 1320 2453 1346 xxxiv
2465 1309 2502 1348 *ι

1447 1359 1557 1401 Quod
1583 1370 1749 1395 crassum
1778 1364 1870 1404 erat,
1890 1359 2122 1398 occidebatis.
2142 1381 2167 1389 —
2182 1361 2313 1398 Tertia
2333 1361 2428 1399 ratio
2443 1367 2505 1400 est

1442 1420 1599 1461 propter
1626 1411 1878 1448 reverentiam
1912 1411 2092 1450 divinam.
2122 1413 2224 1461 Quia
2258 1415 2429 1463 sanguis·
2448 1422 2505 1452 est

2533 897 2541 906 ·
2556 895 2624 919 νει-ι.
2638 896 2675 925 38.

2531 1161 2621 1184 ’νει-ι.
2635 1168 2652 1189 4
2665 1167 2704 1190 sq.

2532 1319 2541 1327 '
2554 1317 2622 1339 Vm.
2636 1323 2658 1346 3.

1443 1465 1609 1502 maxime
1641 1465 1876 1502 necessarius
1904 1465 1953 1503 ad
1970 1466 2114 1525 vitam,
2140 1467 2286 1505 ratione
2314 1468 2422 1506 cuius
2449 1467 2504 1509 di-
2556 1487 2558 1489 ·

1443 1519 1538 1556 citur
1551 1519 1678 1555 anima
1694 1530 1777 1554 esse
1791 1517 1830 1554 in
1846 1519 2030 1567 sanguine
2045 1519 2086 1541 *·
2076 1520 2224 1570 ‚adeps
2239 1528 2368 1558 autem
2383 1522 2503 1559 abun·
2531 1532 2540 1541 ·

1443 1572 1610 1609 dantiam
1627 1571 1845 1608 nutrimenti
1865 1571 2111 1610 demonstrat.
2132 1574 2183 1611 Et
2200 1574 2288 1611 ideo
2308 1581 2351 1611 ut
2377 1580 2503 1612 osten-

1443 1626 1594 1662 deretur
1624 1625 1728 1672 quod
1757 1637 1779 1661 a
1806 1625 1892 1661 Deo
1921 1625 2032 1662 nobis
2062 1635 2118 1663 est
2145 1634 2182 1663 et
2208 1627 2286 1664 vita
2314 1635 2352 1665 et
2378 1628 2503 1666 omnis

1443 1679 1634 1715 bonorum
1664 1677 1910 1725 sufficientia,
1935 1679 1984 1716 ad
2011 1679 2203 1717 honorem
2230 1681 2304 1717 Dei
2333 1681 2503 1719 effunde«

1442 1731 1553 1768 batur
1580 1731 1750 1790 sanguiS,
1772 1738 1809 1767 et
1836 1731 2069 1769 adurebatur
2086 1732 2216 1782 adeps.
2237 1754 2261 1760 -
2280 1727 2503 1780 Quartam?

1441 1784 1493 1822 tio
1514 1793 1570 1821 est
1598 1785 1686 1832 quia
1711 1796 1780 1832 per
1804 1784 1879 1820 hoc
1898 1784 2132 1832 figurabatur
2155 1786 2291 1823 effusio
2310 1786 2504 1837 sanguinis

1441 1837 1591 1885 Christi,
1619 1845 1654 1874 et
1681 1837 1876 1886 pinguedo
1907 1837 2068 1875 caritatis
2097 1838 2189 1886 eius,
2218 1851 2288 1889 per
2316 1850 2434 1888 quam
2454 1846 2504 1902 38

1441 1891 1576 1928 obtulit
1602 1892 1687 1928 Deo
1716 1903 1786 1939 pro
1816 1890 1939 1928 nobis.

1494 1944 1553 1981 De
1581 1943 1712 1980 hostiis
1741 1951 1868 1981 autern
1896 1943 2066 1992 pacificis
2093 1944 2132 1982 in
2159 1957 2272 1983 usum
2296 1926 2503 1985 sacerdotis

1441 1997 1599 2034 cedebat
1628 1998 1890 2045 pectusculum
1919 2004 1956 2034 et
1982 2009 2112 2035 armus
2140 1999 2282 2047 dexter,
2311 1999 2360 2037 ad
2379 2000 2504 2038 exclw

1442 2050 1611 2087 dendum
1632 2050 1825 2098 quandam
1854 2050 2096 2088 divinationis
2120 2052 2290 2100 speciem
2312 2064 2412 2102 quae
2433 2060 2504 2091 vot

1441 2111 1547 2140 catur
1570 2103 1875 2152 spatulamantia:
1905 2103 1993 2153 quia
2022 2104 2162 2142 scilicet
2188 2105 2228 2143 in
2251 2105 2406 2155 spatulis
2423 2105 2504 2145 anis

1441 2157 1599 2194 malium
1627 2157 1914 2194 immolatorum
1943 2157 2175 2206 divinabant,
2205 2166 2242 2196 et
2269 2158 2440 2198 similiter
2462 2158 2504 2199 in

1441 2222 1527 2246 osse
1555 2209 1729 2258 pectoris.
1759 2211 1808 2247 Et
1835 2209 1924 2247 ideo
1953 2210 2024 2248 ista
2043 2211 2289 2250 offerentibus
2308 2212 2504 2252 subtrahe—

1441 2263 1588 2300 bantur.
1609 2284 1632 2290 -
1655 2264 1726 2300 Per
1753 2264 1828 2300 hoc
1857 2263 1968 2301 etiam
1997 2263 2281 2312 significabatur
2313 2267 2419 2314 quod
2442 2277 2504 2305 sa·-

1441 2317 1583 2354 cerdoti
1600 2324 1678 2353 erat
1693 2316 1905 2354 necessaria
1920 2317 2104 2366 sapientia
2119 2317 2244 2356 cordis
2253 2316 2303 2356 ad
2317 2318 2503 2358 insti-uena

1442 2370 1533 2407 dum
1561 2371 1765 2418 populum,
1795 2370 1900 2419 quod
1936 2370 2220 2418 significabatur
2246 2383 2316 2420 per
2347 2379 2501 2421 pectus,

1439 2423 1545 2471 quod
1575 2431 1630 2459 est
1656 2431 1920 2471 tegumentum
1941 2423 2085 2469 cordis;
2115 2431 2152 2461 et
2179 2424 2295 2462 etiam
2322 2421 2501 2463 fortitudo

1439 2477 1488 2513 ad
1517 2477 1805 2513 sustentandum
1835 2476 2019 2523 defectus,
2048 2489 2147 2526 quae
2175 2476 2407 2525 significatur
2432 2489 2502 2527 per

1440 2542 1591 2567 armum
1621 2530 1806 2567 dextrum.

1491 2584 1550 2619 An
1579 2594 1706 2620 Nouum
1742 2594 1925 2620 montinum
1954 2582 2079 2631 quod,
2108 2582 2197 2631 quia
2231 2583 2499 2621 holocaustum

1440 2643 1518 2673 erat
1545 2636 1863 2684 perfectissimum
1891 2635 1988 2673 inter
2006 2635 2202 2683 sacrificia,
2222 2635 2310 2673 ideo
2338 2649 2418 2674 non
2445 2636 2501 2674 of-

1438 2690 1628 2726 ferebatur
1663 2689 1702 2726 in
1737 2689 2003 2727 holocaustum
2046 2688 2117 2726 nisi
2156 2690 2371 2727 masculus:
2409 2701 2500 2729 nam

1439 2742 1579 2779 femina
1617 2750 1671 2779 est
1705 2743 1847 2780 animal
1878 2742 2153 2790 imperfectum.
2189 2742 2343 2781 Oblatio
2373 2750 2501 2781 autem

1437 2803 1625 2832 turturum
1656 2803 1691 2832 et
1720 2795 1986 2833 columbarum
2016 2803 2095 2832 erat
2121 2802 2276 2844 propter
2301 2802 2501 2845 pauperta—

1437 2856 1514 2885 tem
1553 2848 1814 2895 offerentium,
1845 2849 1909 2898 qui
1929 2854 1943 2870 τ
1971 2848 2119 2886 maiora
2146 2849 2325 2887 animalia
2361 2848 2500 2889 offerre

1438 2913 1516 2938 non
1540 2909 1725 2950 poterant.
1747 2902 1795 2938 Et
1822 2901 1911 2950 quia
1937 2901 2085 2939 hostiae
2103 2901 2287 2951 pacificae
2310 2901 2425 2950 gratis
2443 2902 2500 2942 of-

1437 2955 1671 3000 ferebantur,
1703 2962 1740 2990 et
1767 2955 1890 2991 nullus
1929 2967 1993 2991 eas
2021 2955 2159 2992 offerre
2193 2955 2400 3003 cogebatur
2428 2955 2500 2994 nisi

1436 3015 1689 3067 spontaneus;
1719 3007 1805 3044 ideo
1825 3007 2045 3045 huiusmodi
2074 3021 2166 3046 aves
2183 3021 2264 3046 non
2283 3008 2499 3046 offereban-

1436 3068 1496 3097 tur
1524 3061 1619 3097 inter
1637 3060 1778 3098 hostias
1797 3061 1987 3109 pacificas,
2009 3062 2076 3099 sed
2098 3061 2198 3099 inter
2219 3062 2444 3101 holocausta
2462 3068 2500 3103 et

1436 3114 1577 3151 hostias
1609 3126 1679 3162 pro
1708 3121 1883 3162 peccato,
1914 3127 2009 3163 quas
2037 3106 2270 3164 quandoque
2299 3109 2499 3164 oportebat

1436 3167 1583 3204 offerre.
1614 3168 1718 3204 Aves
1748 3167 1859 3204 etiarn
1887 3167 2126 3215 huiusmodi,
2156 3175 2313 3217 propter
2339 3165 2497 3209 altitudi‘

1436 3232 1525 3257 nem
1557 3220 1727 3268 volatus,
1758 3228 1970 3269 congruunt
1996 3221 2219 3270 perfectioni
2255 3221 2496 3259 holocausto·

1436 3286 1539 3310 rum:
1571 3281 1607 3310 et
1635 3273 1746 3310 etiam
1775 3274 1905 3311 hostiis
1933 3287 2003 3323 pro
2030 3281 2210 3324 peccato,
2240 3273 2328 3323 quia
2355 3272 2498 3309 habent

1435 3334 1618 3374 gemitum
1648 3339 1718 3375 pro
1739 3334 1862 3364 cantu.

372 3435 398 3466 ο)
417 3435 499 3459 canis.
518 3448 533 3453 ·-
552 3436 640 3460 carm's
660 3436 743 3467 PGpE
763 3443 788 3461 et
806 3445 832 3462 a.

371 3469 400 3501 π)
420 3470 518 3494 omnia.
535 3483 555 3489 -
572 3470 626 3494 alia
645 3472 882 3498 ABCDEFGHKL.

371 3505 395 3538 ρ)
415 3504 550 3538 offerrent.
567 3519 585 3524 —
603 3505 748 3538 offerebant
766 3508 841 3538 ΑΕΒ,
861 3508 1003 3541 offerretur·
1022 3510 1068 3535 Pa.

1488 3441 1513 3471 α)
1534 3441 1662 3465 bibebant.
1680 3455 1699 3459 -
1716 3441 1834 3466 libabant
1854 3441 2101 3474 ACDEFGKLpBH
2122 3445 2147 3466 et
2165 3447 2191 3465 a·

1487 3477 1511 3508 τ)
1530 3476 1584 3508 qui.
1602 3490 1620 3495 -
1638 3476 1701 3508 quia
1719 3477 1766 3502 Pa.

2832 704 2840 798 ,ἐ
