2840 4010
99 1990 113 2004 ⁴
126 1991 177 2020 Qu.
192 1996 249 2013 ιπι.

99 2360 303 2389 'QG-“1⁸³³

102 2465 211 2488 ‘Lib-1
245 2481 252 2488 .
284 2465 314 2487 de

103 2491 203 2516 Coum.

100 2519 176 2548 Ιψι.

102 2682 113 2692 ·
127 2680 175 2709 Qu.
184 2686 242 2707 xm,
251 2683 286 2703 ut
296 2686 312 2702 ι.

78 3032 80 3035 v
100 3044 211 3067 D.8u.

100 3185 215 3214 'Physic-
233 3186 274 3208 lib.
284 3186 313 3213 11,

100 3217 244 3262 apl-em
212 3218 276 3235 num
270 3219 313 3260 ³1
339 3201 569 3250 principium
588 3200 627 3237 in
646 3200 813 3248 agendis,
843 3201 1053 3239 secundum
1073 3201 1351 3250 Philosophum
1368 3203 1399 3238 ³².

100 3242 244 3319 mnis».
245 3245 314 3319 ᾗ
342 3256 385 3292 In
416 3263 652 3303 unoquoque
685 3261 814 3290 autem
846 3265 983 3301 genere
1012 3253 1049 3290 id
1079 3253 1183 3302 quod
1217 3262 1272 3291 est
1303 3254 1402 3303 prin-

170 3307 494 3358 .1ect.vm.cipium,
525 3314 580 3344 est
598 3319 778 3343 mensura
799 3313 835 3343 et
853 3307 982 3354 regula
1001 3306 1096 3343 illius
1115 3306 1276 3354 generis:
1307 3308 1402 3344 sicut

1054 152 1319 199 QUAEsrlo
1349 154 1433 200 xe,
1462 153 1757 191 ARTICULUS
1787 154 1801 190 1

2442 162 2514 200 149

940 349 1351 427 QUAESTIO
1388 351 1917 408 NONAGESIMA

1069 477 1161 516 DE
1201 475 1540 517 ESSENTIA
1584 479 1805 545 LEGIS*

1123 590 1157 614 IN
1187 590 1358 621 QUATUOR
1386 591 1585 616 ARTICULOS
1614 593 1729 618 DIVISA

422 696 685 730 ONsEQUENTER
709 683 1028 723 considerandum
1055 690 1110 720 est
1138 683 1185 720 de
1210 682 1402 732 principiis

422 739 667 779 exterioribus
692 745 845 776 actuum
862 737 894 774 *.
924 734 1159 785 Principium
1185 744 1312 773 autem
1339 747 1400 773 ex-

339 795 454 831 terius
472 793 520 831 ad
539 792 684 829 malum
712 790 894 827 inclinans
923 797 978 826 est
1006 789 1192 837 diabolus,
1223 789 1270 826 de
1294 789 1401 826 cuius

339 847 543 884 tentatione
567 845 606 881 in
625 843 754 880 Primo
769 843 789 864 ’¹‘
809 843 950 880 dictum
981 850 1046 879 est.
1077 842 1308 890 Principium
1335 853 1400 878 au-

339 908 416 938 tem
443 898 604 936 exterius
623 909 785 934 movens
805 896 853 933 ad
882 897 1029 933 bonurn
1049 903 1105 932 est
1133 897 1250 942 Deus,
1279 895 1345 943 qui
1366 903 1400 932 et

339 965 410 990 nos
428 951 573 989 instruit
591 963 659 1000 per
677 950 812 998 legem,
835 957 870 986 et
889 949 994 986 iuvat
1015 961 1083 1008 per
1101 948 1271 997 gratiam.
1288 947 1400 985 Unde

337 1005 476 1054 primo,
494 1004 541 1041 de
560 1004 658 1052 lege;
680 1003 862 1051 secundo,
880 1003 927 1039 de
942 1002 1060 1050 gratia
1079 1001 1283 1039 dicendum
1300 1001 1396 1038 est*.

339 1057 450 1095 Circa
468 1058 592 1105 legem
617 1063 756 1104 autem,
777 1056 902 1105 primo
922 1062 1073 1104 oportet
1091 1053 1332 1093 considerare
1352 1055 1399 1091 de

337 1110 420 1161 ipsa
434 1110 539 1159 lege
530 1123 568 1147 ln
585 1110 796 1156 communi;
818 1110 999 1156 secundo,
1021 1108 1068 1145 de
1086 1107 1256 1157 partibus
1277 1107 1397 1144 eius*.

1457 684 1566 721 Circa
1594 685 1715 733 legem
1743 694 1869 724 autem
1895 689 1934 725 in
1959 690 2155 727 communi
2183 690 2291 728 tria²
2310 699 2513 731 occurrunt

1456 737 1746 776 consideranda:
1776 740 1900 788 primo
1929 742 2096 790 quidem,
2127 744 2174 781 de
2193 745 2356 783 essentia
2373 745 2510 794 ipsius;

1455 791 1645 838 secundo,
1676 793 1723 829 de
1752 792 1961 830 differentia
1988 796 2114 842 legum
2129 796 2165 842 *3
2195 797 2314 845 tertio,
2345 798 2392 836 de
2421 798 2512 835 effe-
2538 804 2547 814 ·
2590 809 2602 824 ¹¹
2657 809 2665 824 ¹

1456 843 1574 880 ctibus
1603 844 1693 903 legis
1712 845 1743 881 ²¹⁶.

1455 895 1564 933 Circa
1592 897 1758 945 primum
1788 907 2018 946 quaeruntur
2044 909 2216 948 quatuor.

1507 949 1653 986 Primo:
1683 958 1809 987 utrum
1837 951 1902 987 lex'
1923 952 1966 988 sit
1993 952 2133 1001 aliquid
2162 955 2325 992 rationis.

1509 1003 1707 1039 Secundo:
1739 1004 1786 1040 de
1814 1005 1890 1041 fine
1918 1005 2020 1052 legis.

1469 1054 1473 1056 ’
1508 1055 1661 1092 Tertio:
1693 1056 1739 1093 de
1769 1069 1882 1094 causa
1911 1057 2001 1094 eius.

1508 1109 1675 1156 Quarto:
1706 1109 1754 1146 de
1781 1111 2084 1159 promulgatione
2112 1111 2240 1160 ipsius.

1150 1216 1466 1258 ARTICULUS
1498 1217 1701 1259 PRIMUS

985 1326 987 1328 -
1036 1309 1191 1340 UTRUM
1215 1309 1299 1339 LEX
1323 1308 1389 1339 sm*
1412 1309 1591 1346 ALiQmD
1616 1310 1818 1342 RATIONIS

454 1418 525 1453 ’'5⁸³'‘
550 1412 573 1438 n
597 1411 733 1437 patmum
762 1411 815 1436 Slc
844 1409 1082 1435 paoenmrun.
1110 1396 1270 1435 Videtur
1296 1397 1400 1456 quod

368 1445 521 1510 &2²5⁴
551 1454 610 1490 lex
629 1465 708 1491 non
736 1452 781 1489 sit
805 1451 946 1501 aliquid
975 1451 1140 1490 rationis.
1170 1450 1270 1488 Dicit
1298 1450 1399 1486 enim

366 1520 369 1524 ’
442 1522 457 1537 r
489 1489 520 1549 (2
551 1506 777 1555 Apostolus,
807 1507 858 1542 ad
882 1507 993 1543 Rom.
1014 1517 1080 1542 vn.
1098 1503 1118 1526 *
1143 1504 1256 1542 Video
1284 1502 1399 1540 aliam

419 1548 676 1619 ”blegent
702 1559 740 1595 in
769 1559 946 1596 membris
974 1559 1078 1604 meis,
1109 1563 1178 1594 etc
1209 1557 1287 1594 Sed
1309 1556 1399 1594 nihil

208 1600 214 1632 ⁴·
248 1602 249 1605 ¹
298 1620 299 1623 ’
338 1558 445 1662 quod
463 1617 520 1646 est
546 1612 710 1659 rationis,
742 1619 796 1648 est
814 1612 852 1648 in
872 1612 1072 1649 membris:
1097 1610 1186 1660 quia
1209 1610 1302 1647 ratio
1323 1622 1401 1647 non

337 1663 454 1702 utitur
478 1676 622 1714 organo
651 1665 849 1714 corporali.
875 1666 976 1713 Ergo
1001 1665 1058 1702 lex
1079 1676 1156 1703 non
1182 1670 1237 1701 est
1259 1663 1400 1712 aliquid

338 1716 505 1755 rationis.

393 1782 427 1807 2.
449 1771 683 1820 PRAETEREA,
713 1771 751 1809 in
779 1770 923 1807 ratione
947 1782 1024 1808 non
1055 1777 1111 1807 est
1132 1769 1200 1807 nisi
1219 1770 1399 1818 potentia,

337 1822 488 1860 habitus
518 1831 554 1860 et
581 1832 697 1862 actuS.
728 1823 806 1861 Sed
834 1824 891 1861 lex
926 1835 1004 1860 non
1033 1830 1090 1863 est
1116 1822 1205 1872 'ipsa
1232 1823 1401 1870 potentia

338 1876 502 1914 rationis.
533 1877 711 1914 Similiter
747 1877 860 1914 etiarn
895 1889 972 1913 non
1001 1883 1056 1913 est
1083 1875 1217 1925 aliquis
1251 1876 1400 1912 habitus

338 1928 512 1967 rationis:
543 1929 631 1979 quia
659 1929 808 1968 habitus
836 1929 989 1966 rationis
1008 1937 1095 1967 sunt
1119 1929 1277 1967 virtutes
1296 1928 1401 1965 intel-

337 1983 526 2031 lectuales,
549 1983 595 2020 de
616 1983 754 2031 quibus
774 1982 917 2032 supra*
936 1982 1078 2020 dictum
1098 1990 1164 2020 est.
1185 1982 1270 2019 Nec
1289 1982 1400 2019 etiam

339 2043 395 2073 est
418 2043 523 2072 actus
543 2036 714 2074 rationis:
741 2036 829 2086 quia
857 2043 1026 2073 cessante
1046 2035 1200 2073 rationis
1219 2043 1316 2082 actu,
1342 2036 1401 2072 lex

339 2096 513 2136 cessaret,
541 2096 632 2138 puta
655 2089 693 2126 in
713 2089 997 2126 dormientibus.
1027 2089 1129 2138 Ergo
1157 2089 1215 2126 lex
1241 2101 1320 2126 non
1348 2096 1403 2126 est

338 2141 481 2191 aliquid
509 2141 675 2179 rationis.

383 2194 428 2232 l3.
458 2195 695 2243 PRAETEREA‚
725 2195 784 2232 lex
809 2202 941 2232 movet
969 2207 1035 2232 eos
1063 2195 1127 2244 qui
1156 2195 1403 2232 subiiciuntur

338 2248 421 2309 lagi,
445 2248 492 2285 ad
513 2255 612 2285 recte
633 2248 836 2296 agendum.
867 2248 944 2285 Sed
964 2260 1123 2285 movere
1142 2249 1191 2286 ad
1211 2249 1401 2296 agendum

338 2300 492 2361 proprie
519 2301 682 2352 pertinet
700 2302 748 2338 ad
766 2302 1016 2360 voluntatem,
1045 2309 1087 2338 ut
1112 2308 1215 2362 pat-et
1234 2312 1279 2338 ex
1297 2313 1403 2351 prae-

339 2354 464 2392 missis
485 2355 517 2391 ⁴².
548 2354 650 2402 Ergo
679 2355 737 2390 lex
757 2367 835 2391 non
863 2354 1024 2404 pertinet
1041 2355 1088 2392 ad
1117 2354 1315 2402 rationem,
1336 2355 1404 2392 sed

339 2407 468 2468 magis.
487 2407 536 2445 ad
553 2408 809 2445 voluntatem:
839 2408 1051 2445 secundum
1080 2409 1184 2456 quod
1213 2408 1325 2445 etiam
1347 2409 1404 2445 Iu-

340 2460 533 2522 risperitus
553 2459 688 2498 dicit*:
720 2461 830 2502 Quod
849 2461 995 2508 placuit
1014 2460 1189 2509 principi,
1203 2460 1312 2511 legis
1338 2462 1404 2498 ha-

303 2508 400 2551 ’bet
417 2511 433 2542 β
458 2515 642 2564 vigorem.

394 2567 470 2604 SED
498 2578 646 2604 CONTRA
669 2577 735 2602 EST
753 2567 856 2615 quod
885 2566 934 2603 ad
961 2566 1084 2615 legem
1112 2567 1273 2615 pertinet
1287 2579 1404 2627 'prae-

341 2618 466 2669 cipere
495 2627 531 2657 et
557 2618 773 2668 prohibere.
809 2619 886 2655 Sed
921 2619 1109 2668 imperare
1142 2627 1198 2657 est
1230 2619 1401 2668 rationis,

339 2679 382 2708 ut
408 2683 522 2721 supra
540 2672 561 2694 '⁸‘
579 2672 751 2709 habitum
781 2679 847 2709 est
878 2673 979 2720 Ergo
1008 2673 1067 2709 lex
1096 2679 1152 2711 est
1179 2673 1338 2724 aliquid
1347 2685 1403 2710 ra-

340 2723 466 2764 tionis.

394 2777 620 2814 Responnso
649 2788 832 2814 monimum
851 2777 955 2825 quod
981 2778 1040 2814 lex
1063 2778 1254 2826 quaedam
1274 2780 1402 2826 regula

341 2837 397 2867 est
416 2837 453 2867 et
468 2842 648 2867 mensura
666 2837 833 2877 actuum,
854 2830 1066 2868 secundum
1085 2842 1202 2880 quam
1217 2831 1404 2869 inducitur

340 2883 473 2932 aliquis
493 2883 541 2921 ad
562 2882 764 2932 agendum,
784 2883 846 2920 vel
866 2884 913 2920 ab
933 2883 1081 2933 agendo
1106 2884 1322 2921 retrahitur.
1349 2885 1401 2922 di-

341 2935 436 2974 citur
463 2935 566 2973 enim
593 2936 651 2972 lex
680 2948 702 2972 a
730 2936 900 2987 ligando,
929 2937 1018 2986 quia
1047 2936 1188 2986 obligat
1214 2937 1262 2974 ad
1291 2950 1403 2986 agen-

341 2988 447 3029 dum.
477 2986 624 3037 Regula
651 2996 779 3027 autem
798 2997 836 3026 et
857 3001 1037 3028 mensura
1061 2990 1322 3029 humanorum
1343 3003 1402 3028 ac-

340 3049 449 3080 tuum
484 3049 539 3079 est
566 3040 707 3078 ratio*
681 3070 692 3085 ,
717 3071 726 3089 ,
756 3054 854 3096 quae
884 3050 940 3079 est
971 3042 1138 3092 primum
1153 3043 1400 3117 *principium

101 3101 170 3130 ’.Ωιι
178 3107 195 3130 ι,
205 3105 247 3124 m.
258 3107 273 3129 ι
284 3102 313 3123 ad
341 3102 495 3132 actuum
514 3095 785 3142 humanorum,
808 3102 851 3133 ut
870 3106 913 3134 ex
933 3094 1174 3144 praedictis*
1197 3104 1316 3145 patet.
1345 3109 1402 3133 ra-

338 3147 452 3186 tionis
472 3148 572 3185 enim
593 3155 649 3184 est
667 3147 841 3185 ordinare
862 3147 910 3185 ad
929 3147 1060 3195 finem.
1082 3147 1145 3198 qui
1162 3157 1216 3185 est
1234 3148 1400 3197 primum

393 3445 420 3477 α)
440 3444 504 3470 tria.
521 3456 541 3463 ·-
558 3443 620 3468 Om.
638 3443 843 3476 ABDGpCHsL,
862 3446 977 3475 quatuor
996 3443 1054 3475 pIL.

393 3478 419 3512 β)
439 3479 524 3504 habet.
542 3493 560 3500 -
578 3479 674 3504 habere
693 3479 746 3503 ΕΚ.

1455 1396 1577 1433 unitas
1592 1396 1630 1434 in
1645 1409 1782 1446 genere
1798 1398 1959 1445 numeri,
1971 1406 2007 1435 et
2022 1407 2148 1436 motus
2163 1401 2307 1448 primus
2322 1401 2360 1439 in
2375 1414 2511 1450 genere

1455 1457 1643 1487 motuum.
1677 1451 1787 1487 Unde
1821 1451 2039 1499 relinquitur
2071 1453 2175 1500 quod
2206 1454 2264 1490 lex
2297 1455 2343 1492 sit
2373 1455 2512 1504 aliquid

1455 1503 1646 1551 pertinens
1675 1503 1723 1540 ad
1752 1503 1947 1541 rationem.

1508 1558 1566 1592 An
1586 1568 1723 1593 prunum
1742 1568 1840 1594 ERGO
1859 1569 2042 1594 D1CENDUM
2063 1559 2180 1607 quod,
2202 1571 2287 1596 cum
2311 1561 2370 1597 lex
2393 1560 2439 1597 sit
2457 1572 2513 1597 re-

1455 1610 1540 1668 gula
1564 1609 1755 1657 quaedam
1776 1617 1812 1646 et
1830 1622 2020 1657 mensura,
2050 1611 2185 1648 dicitur
2213 1612 2407 1661 dupliciter
2431 1625 2513 1651 esse

1455 1662 1492 1698 in
1521 1662 1659 1711 aliquo.
1690 1663 1776 1700 Uno
1797 1663 1928 1710 modo,
1958 1664 2052 1700 sicut
2074 1664 2112 1700 in
2132 1673 2374 1702 mensurante
2403 1673 2439 1703 et
2458 1678 2513 1703 re-

1454 1716 1615 1763 gulante.
1642 1716 1690 1752 Et
1717 1715 1806 1764 quia
1834 1716 1908 1752 hoc
1929 1724 1983 1753 est
2007 1717 2203 1766 proprium
2232 1718 2397 1767 rationis,
2426 1719 2513 1756 ideo

1454 1780 1522 1816 per
1549 1769 1652 1805 hunc
1680 1769 1842 1806 modum
1871 1769 1930 1806 lex
1959 1778 2014 1806 est
2040 1769 2078 1806 in
2107 1770 2249 1807 ratione
2277 1773 2408 1808 sola.-
2428 1772 2512 1808 Alio

1455 1823 1587 1868 modo,
1617 1821 1713 1858 sicut
1739 1822 1778 1859 in
1807 1823 1973 1870 regulato
1994 1830 2030 1859 et
2048 1831 2278 1861 mensurato,
2309 1825 2357 1861 Et
2376 1825 2429 1862 sic
2456 1825 2515 1861 lex

1456 1882 1511 1911 est
1544 1875 1581 1911 in
1616 1874 1796 1912 omnibus
1828 1887 1927 1923 quae
1964 1875 2189 1913 inclinantur
2225 1877 2262 1913 in
2295 1877 2435 1927 aliquid
2469 1890 2515 1914 ex

1456 1928 1580 1976 aliqua
1609 1928 1708 1975 lege:
1738 1928 1788 1965 ita
1811 1929 1915 1976 quod
1944 1929 2135 1976 quaelibet
2161 1929 2350 1967 inclinatio
2378 1943 2514 1980 prove-

1456 1981 1562 2019 niens
1583 1993 1628 2017 ex
1647 1981 1771 2030 aliqua
1797 1982 1896 2029 lege,
1925 1989 2050 2030 potest
2078 1981 2151 2019 dici
2178 1984 2255 2031 lex,
2284 1996 2362 2020 non
2391 1995 2515 2021 essen-

1455 2034 1598 2080 tialiter,
1628 2033 1695 2071 sed
1723 2034 1831 2082 quasi
1859 2034 2128 2083 participative.
2158 2036 2207 2072 Et
2225 2037 2299 2073 hoc
2318 2037 2437 2074 modo
2460 2037 2514 2074 in-

1457 2087 1605 2124 clinatio
1625 2087 1707 2135 ipsa
1726 2087 1988 2124 membrorum
2013 2089 2060 2125 ad
2081 2089 2428 2137 concupiscendum
2453 2091 2516 2127 lex

1456 2141 1712 2177 membrorum
1740 2148 1910 2177 vocatur.

1511 2195 1568 2230 An
1598 2205 1787 2231 SECUNDUM
1815 2205 1998 2231 memnon
2027 2194 2149 2244 quod,
2179 2195 2273 2231 sicut
2301 2195 2339 2232 in
2372 2195 2515 2232 actibus

1458 2246 1704 2283 exterioribus
1733 2254 1789 2283 est
1816 2246 2055 2284 considerare
2083 2247 2345 2296 operationem
2366 2257 2403 2285 et
2427 2261 2517 2298 ope-

1458 2307 1594 2346 ratum,
1619 2306 1709 2348 puta
1732 2299 2036 2337 aedificationem
2063 2307 2099 2337 et
2122 2301 2379 2347 aedificatum
2406 2301 2456 2338 ita
2479 2301 2517 2338 in

1459 2353 1637 2402 operibus
1661 2352 1814 2390 rationis
1835 2360 1891 2390 est
1910 2353 2148 2402 considerare
2168 2354 2294 2403 ipsum
2314 2362 2440 2391 actum
2460 2367 2517 2391 ra-

1458 2406 1581 2453 tionis,
1611 2406 1676 2454 qui
1705 2414 1761 2442 est
1783 2406 1988 2454 intelligere
2008 2414 2044 2444 et
2062 2407 2286 2455 ratiocinari,
2316 2415 2351 2445 et
2379 2407 2517 2456 aliquid

1458 2472 1526 2519 per
1543 2459 1763 2496 huiusmodi
1791 2466 1916 2495 actum
1939 2459 2194 2497 constitutum.
2225 2460 2341 2507 Quod
2361 2460 2516 2508 quidem

1458 2513 1495 2550 in
1517 2512 1746 2562 speculativa
1769 2512 1912 2549 ratione
1931 2511 2055 2561 primo
2081 2513 2234 2562 quidem
2255 2521 2309 2550 est
2329 2513 2515 2560 definiti03

1458 2566 1640 2613 secundo,
1671 2564 1906 2611 enunciatio;
1934 2565 2043 2602 tertio
2062 2578 2169 2613 vero,
2199 2567 2436 2615 syllogismus
2454 2567 2515 2602 vel

1458 2618 1742 2667 argumentatio.
1773 2619 1822 2654 Et
1840 2618 1928 2666 quia
1956 2618 2049 2655 ratio
2079 2619 2192 2656 etiam
2219 2619 2383 2668 practica
2401 2618 2515 2655 utitur

1459 2672 1626 2721 quodam
1646 2670 1864 2720 syllogismo
1884 2671 1922 2707 in
1942 2671 2208 2720 operabilibus,
2228 2680 2269 2709 ut
2288 2672 2430 2720 supra*
2448 2672 2514 2708 ha-
2541 2681 2550 2689 ·
2585 2686 2607 2701 ιι

1458 2725 1577 2762 bitum
1607 2732 1672 2771 est,
1702 2724 1913 2762 secundum
1933 2724 2038 2772 quod
2056 2725 2310 2773 Philosophus
2340 2725 2451 2762 docet
2474 2724 2513 2761 in

1457 2779 1526 2816 VII
1549 2777 1696 2815 Ethicfl
1702 2790 1710 2823 ;
1736 2777 1822 2814 ideo
1849 2782 1933 2814 est’f
1957 2777 2126 2814 invenire
2153 2777 2318 2836 aliquid
2310 2789 2347 2814 m
2368 2777 2548 2814 ratione·

1457 2831 1598 2880 pratica
1627 2830 1730 2879 quod
1758 2830 1807 2867 ita
1836 2842 1876 2867 se
1903 2831 2042 2867 habeat
2065 2831 2112 2868 ad
2141 2830 2390 2880 operationes,
2420 2829 2514 2867 sicut
2565 2853 2571 2859 ·

1456 2897 1495 2922 se
1516 2885 1630 2922 habet
1657 2882 1866 2933 propositio
1885 2878 1924 2920 iri
1943 2883 2087 2920 ratione
2107 2882 2336 2944 speculativa
2355 2883 2403 2919 ad
2424 2895 2512 2921 con-

1457 2937 1656 2974 clusiones.
1680 2936 1730 2973 Et
1747 2936 1966 2975 huiusmodi
1986 2936 2262 2996 propositiones
2280 2935 2513 2973 universales

1457 2989 1609 3027 rationis
1642 2988 1829 3040 practicae
1858 2989 2052 3026 ordinatae
2086 2990 2132 3026 ad
2162 2989 2342 3035 actiones,
2371 2989 2514 3028 habent

1456 3043 1641 3081 rationem
1671 3042 1771 3090 legis.
1806 3043 1917 3088 Quae
1946 3041 2100 3090 quidem
2137 3041 2415 3092 propositiones
2448 3039 2512 3079 ali-

1456 3097 1610 3146 quando
1639 3095 1831 3134 actualiter
1859 3094 2157 3142 considerantur,
2187 3094 2390 3144 aliquando
2418 3107 2512 3132 vero

1455 3148 1692 3188 habitualiter
1719 3160 1740 3184 a
1769 3147 1912 3185 ratione
1939 3154 2124 3184 tenentur.

1508 3200 1568 3238 AD
1604 3211 1763 3239 τεκτιυΜ
1800 3211 1983 3239 οιεΕΝῡυΜ
2020 3200 2124 3248 quod
2158 3200 2252 3237 ratio
2285 3201 2401 3237 habet
2420 3200 2512 3240 ‚vim

1456 3253 1639 3291 movendi
1668 3265 1689 3290 a
1706 3253 1914 3299 voluntate,
1944 3261 1985 3290 ut
2013 3265 2127 3301 supra
2145 3253 2166 3275 '¹‘
2194 3252 2335 3290 dictum
2365 3260 2439 3290 est:
2469 3265 2514 3290 ex

1455 3308 1529 3343 hoc
1559 3306 1660 3343 enim
1681 3306 1785 3355 quod
1814 3306 1947 3354 aliquis
1966 3307 2046 3343 vult
2069 3306 2200 3354 finem,
2231 3306 2324 3344 ratio
2353 3306 2514 3356 imperat

1507 3443 1533 3475 γ)
1553 3442 1611 3466 ideo
1630 3445 1678 3467 est.
1695 3455 1714 3461 -
1731 3446 1756 3467 et
1776 3442 1835 3467 ideo
1853 3446 1893 3467 est
1910 3440 2092 3472 ABCDGHIL,
2111 3442 2163 3466 iam
2183 3445 2222 3467 est
2240 3442 2269 3471 E,
2289 3441 2419 3467 rationem
2439 3441 2467 3466 F.

2652 2684 2750 2708 1,81·.ῐ3;

2557 2712 2666 2733 u.1.xxV1,
2677 2711 2750 2733 a.¹n;

2540 2738 2571 2759 qu
2557 2736 2738 2760 mxxvmma
2727 2739 2750 2760 2,

2539 2785 2633 2833 1093&
2636 2791 2684 2834 1¹13.
2690 2791 2712 2833 ‘l
2706 2792 2750 2834 0⁹1:

2540 3266 2550 3277 ⁵
2562 3266 2609 3293 Qu.
2619 3271 2674 3292 xvn,
2683 3268 2748 3286 and.
