2840 4010
107 450 317 478 ·cs.qu.1.xxn,art.

109 484 124 504 1,
140 477 233 499 Con-um.
248 482 271 497 n.
284 482 318 497 ιιι.

109 1637 120 1648 ⁴
138 1636 175 1658 cf.
189 1641 253 1658 num.
269 1642 283 1657 1.

108 1770 122 1790 ·.
132 1768 153 1789 11
167 1768 244 1795 Sena,
266 1768 319 1789 dist.

108 1801 196 1822 xxxvii,
212 1801 251 1822 qu.
267 1801 282 1815 1.

108 2075 119 2086 ⁸
132 2076 185 2097 Art.
198 2081 219 2096 2.

110 2126 119 2134 ·
133 2124 206 2146 Num.
215 2125 318 2152 praeced.

106 2297 117 2307 '
137 2296 194 2324 Cap.
213 2302 243 2324 ιι,
258 2303 317 2319 vers.

105 2825 115 2835 ⁸
129 2824 200 2846 Num.
214 2831 238 2846 v.

108 2853 127 2861 ··
138 2851 208 2873 Num.
219 2858 268 2873 viu.

104 3093 112 3101 ·
154 3098 176 3113 u.
190 3098 256 3118 uxr,
271 3096 312 3114 art.

163 3123 274 3140 omment.
290 3126 312 3140 n.

343 193 393 240 78

346 277 490 302 causatur
514 281 530 301 a
554 278 700 302 causante
723 271 810 301 illam
832 270 1000 312 positivam
1024 268 1160 308 speciem
1188 265 1316 296 moralis
1339 264 1405 295 vitii

345 316 378 347 in
402 316 558 346 substrato
582 322 662 346 actu.
688 316 771 354 Ergo
790 321 934 345 causatur
951 323 968 342 a
984 313 1062 348 Deo,
1079 312 1104 341 si
1119 312 1157 341 ab
1173 310 1243 350 ipso
1261 315 1406 340 causatur

346 359 451 390 omnis
474 359 608 399 positiva
632 359 742 389 entitas
766 365 852 389 actus
876 356 1002 397 peccati.

400 404 597 433 Antecedens
614 403 786 432 declaratur
808 401 998 431 resumendo
1023 399 1111 440 quod
1134 398 1166 428 in
1186 403 1316 437 peccato
1332 402 1406 427 sunt

347 447 419 483 tria,
443 454 540 482 actus,
563 446 680 487 species
697 445 825 475 moralis
844 444 919 480 vitii,
937 451 967 474 et
983 443 1166 473 deformitas
1180 442 1212 478 *;
1236 441 1323 471 verbi
1338 450 1405 480 gra-

346 491 402 527 tia,
427 491 459 520 in
482 489 721 529 intemperantia
744 495 818 519 sunt
840 488 914 524 tria,
938 494 1026 518 actus
1044 486 1175 517 interior
1189 485 1240 516 vel
1255 485 1404 520 exterior,

347 534 458 564 entitas
481 534 615 574 positiva
637 532 773 573 reposita
795 532 828 562 in
852 531 954 572 specie
978 530 1245 571 intemperantiae,
1269 528 1406 559 afficiens

346 584 467 613 actum,
488 584 517 607 et
533 576 715 607 deformitas
733 576 898 616 privativa:
921 582 951 606 et
966 585 1040 605 cum
1055 581 1177 606 constet
1190 574 1279 614 quod
1295 572 1406 604 entitas

345 621 602 660 intemperantiae
626 627 672 650 est
696 620 850 650 contraria
870 619 989 650 entitati
1006 618 1240 659 temperantiae,
1258 624 1294 648 ut
1309 616 1406 656 frigus

347 664 458 700 calori;
484 671 514 694 et
537 664 624 704 quod
647 664 687 694 ad
710 674 813 694 unum
837 663 1030 694 contrarium
1060 663 1204 704 positum
1225 661 1258 691 in
1282 661 1405 701 aliquo,

346 708 520 739 necessario
545 707 686 748 sequitur
710 707 843 748 privatio
862 708 988 738 alterius
1005 706 1151 738 contrarii
1173 706 1206 736 in
1230 706 1354 740 eodem,
1371 710 1407 734 ut

346 752 384 781 ad
408 751 550 791 positum
573 751 671 791 frigus
694 752 727 782 in
751 762 848 782 manu
871 752 1012 792 sequitur
1030 751 1163 792 privatio
1181 749 1291 780 caloris
1306 749 1339 779 in
1356 758 1406 778 ea-

346 796 437 832 dem;
462 805 496 826 ac
519 805 574 836 per
597 795 668 832 hoc,
693 796 732 826 ad
757 796 938 836 oppositam
965 796 1127 826 entitatem
1149 791 1406 832 intemperantiae

345 839 377 869 in
402 846 482 876 actu,
508 839 650 880 sequitur
672 840 806 880 privatio
825 839 1050 880 temperantiae
1068 839 1102 869 in
1118 838 1247 873 eodem;
1273 843 1302 866 et
1318 835 1406 876 quod

345 883 378 912 in
401 883 459 913 hac
482 883 656 923 privatione
681 884 822 915 consistit
849 883 1032 914 deformitas
1055 881 1174 922 peccati
1196 882 1406 920 intemperan-

346 927 423 963 tiae,
449 927 524 968 quia
548 928 690 959 consistit
705 928 737 958 in
759 928 933 968 privatione
953 926 1146 957 rectitudinis
1163 925 1284 955 debitae
1306 923 1406 953 inesse

346 971 502 1002 substrato
527 972 625 1008 actui,
651 979 773 1002 constat
797 972 880 1002 enim
904 972 993 1012 quod
1016 970 1170 1000 rectitudo
1188 968 1291 999 debita
1305 967 1406 997 inesse

346 1015 429 1045 actui
453 1016 609 1046 substrato
633 1016 900 1056 intemperantiae,
925 1022 971 1045 est
993 1014 1147 1044 rectitudo
1171 1011 1405 1053 temperantiae.

400 1059 636 1101 Consequentia
656 1068 762 1090 autern
786 1061 937 1100 probatur
959 1058 1143 1089 inductione
1158 1064 1188 1088 et
1203 1057 1334 1087 ratione.
1358 1055 1406 1085 In-

347 1103 495 1134 ductione
519 1104 664 1144 quidem,
688 1104 763 1144 quia
786 1103 989 1134 discurrendo
1014 1102 1134 1132 nullam
1157 1100 1336 1131 invenimus
1359 1099 1406 1129 in-

346 1148 502 1184 stantiam,
518 1148 596 1188 quin
611 1147 747 1185 efficiens
763 1157 865 1178 unum
881 1146 1112 1177 contrariorum
1128 1146 1161 1175 in
1177 1145 1295 1185 aliquo,
1307 1143 1408 1184 privet

347 1199 575 1232 consequenter
590 1192 712 1232 reliquo
736 1191 882 1222 illudmet
905 1191 1100 1221 subiectum:
1125 1196 1160 1220 ut
1178 1195 1264 1229 patet
1278 1188 1311 1218 in
1328 1187 1406 1218 cale-

346 1234 487 1271 faciente,
512 1236 684 1272 dealbante,
709 1242 739 1265 et
762 1235 839 1265 aliis.
858 1253 879 1258 -
900 1235 1034 1265 Ratione
1057 1241 1178 1269 autem,
1203 1233 1278 1274 quia
1302 1241 1406 1271 agens,

346 1286 502 1320 quantum
526 1280 578 1310 dat
601 1280 639 1310 de
663 1289 747 1315 esse,
773 1286 897 1310 tantum
926 1279 979 1309 dat
1001 1279 1039 1308 de
1063 1277 1238 1318 privatione
1262 1275 1407 1306 contrarii

346 1323 391 1353 illi
415 1333 491 1354 esse.
517 1324 551 1353 In
575 1324 665 1354 cuius
689 1323 825 1363 signum,
850 1333 955 1363 agens,
979 1323 1109 1363 quando
1133 1331 1199 1352 non
1223 1327 1328 1361 potest
1346 1319 1407 1360 pri-

346 1377 417 1397 vare
441 1367 618 1398 subiectum
642 1367 808 1404 contrario,
831 1377 897 1401 non
913 1367 965 1397 dat
978 1367 1058 1397 illud
1074 1366 1232 1397 intentum
1251 1373 1333 1395 esse:
1359 1374 1407 1395 ca—

345 1411 527 1442 lefactivum
551 1422 688 1452 namque
707 1421 774 1442 non
793 1411 940 1448 calefacit,
956 1411 982 1442 si
1005 1421 1072 1441 non
1087 1416 1192 1451 potest
1207 1408 1407 1440 calefactibile

346 1455 467 1496 privare
495 1455 618 1496 frigore.
647 1456 800 1490 Eiusdem
828 1455 914 1486 enim
942 1455 1071 1486 rationis
1094 1461 1140 1485 est
1163 1463 1281 1494 ponere
1305 1462 1407 1483 unum

347 1499 577 1530 contrariorum
605 1500 638 1530 in
661 1500 788 1540 aliquo,
814 1506 843 1530 et
865 1499 987 1540 privare
1014 1499 1094 1530 illud
1121 1498 1237 1533 altero,
1263 1496 1408 1538 quamvis

347 1543 498 1574 differenti
521 1544 619 1584 gradu
643 1550 673 1575 et
696 1544 813 1574 modo:
839 1543 914 1585 quia
936 1553 1054 1584 ponere
1078 1550 1124 1573 est
1146 1541 1359 1582 principaliter
1379 1547 1409 1571 et

346 1598 403 1628 per
426 1598 474 1624 se,
500 1588 620 1628 privare
642 1598 717 1618 vero
742 1599 778 1618 ex
803 1587 1008 1628 consequenti
1031 1594 1062 1618 et
1086 1596 1141 1627 per
1163 1586 1317 1617 accidens.

403 1632 454 1663 111.
474 1633 521 1662 Ex
543 1633 681 1663 secunda
703 1642 778 1662 vero
795 1632 844 1662 via
855 1630 871 1647 *
887 1631 1053 1662 difficultas
1067 1631 1136 1662 talis
1153 1637 1208 1661 est.
1225 1633 1323 1660 Actus
1338 1638 1408 1669 pec—

347 1676 417 1713 cati,
441 1677 549 1717 quoad
571 1687 663 1707 suam
685 1677 841 1707 moralem
863 1676 1035 1712 entitatem,
1059 1682 1106 1706 est
1128 1685 1146 1705 a
1169 1675 1238 1705 Deo
1261 1673 1406 1704 mediate.

346 1721 431 1760 Ergo
455 1727 560 1760 potest
582 1730 648 1751 esse
671 1721 710 1750 ab
734 1721 848 1751 eodem
870 1720 1061 1751 immediate.
1086 1719 1171 1759 Ergo
1195 1724 1299 1758 potest
1321 1717 1408 1748 Deus

346 1764 527 1795 immediate
544 1774 670 1795 causare
689 1771 864 1805 peccatum,
879 1771 910 1795 et
925 1774 1063 1804 peccare,
1080 1763 1183 1804 inquit
1197 1762 1368 1793 Durandus
1380 1761 1406 1798 *,

346 1815 503 1849 quantum
514 1809 608 1839 videt.
621 1827 642 1832 -
655 1809 852 1839 Antecedens
867 1815 914 1839 est
925 1808 1088 1839 conclusio
1101 1806 1258 1837 Auctoris.
1270 1823 1291 1829 -
1303 1805 1407 1836 Prima

346 1863 420 1883 vero
444 1853 571 1893 sequela
598 1859 684 1893 patet
706 1863 762 1893 per
787 1853 876 1883 illam
905 1852 1095 1883 maximam:
1123 1850 1286 1891 Quidquid
1301 1855 1408 1890 potest

345 1898 436 1928 Deus
458 1897 617 1928 mediante
639 1907 738 1928 causa
751 1897 891 1928 secunda
907 1896 1064 1937 effectiva,
1085 1902 1142 1926 etc.
1158 1912 1176 1918 -
1192 1894 1337 1926 Secunda
1352 1903 1405 1924 au—

345 1948 420 1978 tern,
444 1941 551 1982 quoad
574 1941 719 1982 primam,
743 1942 904 1981 probatur.
929 1941 1013 1978 Quia
1034 1941 1104 1980 ipsa
1124 1939 1268 1980 privatio,
1292 1938 1325 1969 in
1344 1948 1408 1980 qua

347 1985 488 2016 consistit
509 1985 632 2016 malurn
655 1985 783 2026 peccati,
808 1985 941 2025 pertinet
963 1985 1003 2015 ad
1026 1984 1163 2025 speciem
1186 1990 1274 2014 actus
1298 1992 1406 2013 conse-

347 2036 488 2070 quenter,
510 2037 545 2060 ut
561 2029 655 2060 etiam
671 2029 703 2060 in
726 2029 827 2060 littera
850 2029 973 2065 dicitur,
997 2029 1029 2059 in
1053 2027 1260 2069 responsione
1283 2027 1323 2057 ad
1346 2034 1406 2058 ter-

345 2074 428 2104 tium
438 2073 469 2110 *;
491 2080 521 2104 et
535 2074 677 2114 sequitur
690 2073 936 2114 inseparabiliter
951 2073 990 2103 ad
1006 2082 1075 2103 eam
1091 2072 1243 2108 absolute,
1261 2078 1297 2102 ut
1312 2070 1406 2102 etiam

346 2129 384 2149 ex
407 2118 591 2159 supradictis
606 2118 624 2137 *
646 2125 741 2158 patet.
765 2118 847 2148 Sunt
868 2127 1006 2158 namque
1030 2117 1161 2158 quidam
1184 2123 1271 2147 actus
1295 2124 1406 2146 secun-

347 2163 425 2193 dum
448 2172 539 2193 suam
562 2162 700 2203 speciem
722 2162 865 2193 absolute
888 2162 978 2200 mali,
1002 2161 1058 2202 qui
1081 2171 1146 2192 non
1170 2165 1305 2201 possunt
1328 2160 1407 2190 bene

347 2206 428 2243 fieri,
453 2214 488 2237 ut
511 2217 622 2247 negare
646 2207 760 2242 Deum,
786 2206 861 2236 odio
884 2206 997 2236 habere
1020 2206 1143 2241 Deum,
1168 2215 1249 2246 quae
1272 2204 1405 2234 omnino

346 2258 420 2281 sunt
442 2250 713 2291 indispensabilia:
738 2257 768 2281 et
790 2250 857 2292 ipse
880 2251 967 2281 Deus
985 2251 1123 2290 seipsum
1141 2259 1263 2290 negare
1286 2248 1404 2289 nequit,

345 2302 381 2326 ut
404 2295 578 2335 Apostolus
601 2294 685 2331 dicit,
701 2294 727 2324 ΙΙ
744 2295 788 2325 ad
806 2295 885 2325 Tim.
900 2294 918 2313 *
932 2312 951 2317 -
967 2294 1084 2331 Quoad
1102 2293 1258 2335 reliquam
1275 2293 1406 2323 demum

345 2346 475 2380 partem,
492 2339 617 2375 scilicet,
643 2339 727 2379 Ergo
746 2345 851 2379 potest
865 2348 1003 2379 peccare,
1019 2338 1181 2380 probatur.
1201 2337 1286 2375 Quia
1300 2336 1405 2367 omnis

345 2383 483 2414 defectus
507 2383 670 2423 culpabilis
693 2383 868 2423 imputatur
890 2383 994 2423 agenti
1011 2382 1193 2412 immediate
1207 2380 1334 2412 habenti
1348 2381 1405 2412 do-

345 2427 482 2458 minium
505 2437 599 2467 super
621 2434 736 2463 actum,
761 2434 792 2458 et
814 2437 880 2457 non
903 2427 1070 2466 ignoranti.

400 2471 452 2502 IV.
469 2472 519 2502 Ad
542 2471 731 2502 evidentiam
745 2471 840 2503 huius
856 2470 1056 2508 difficultatis,
1071 2470 1235 2501 sciendum
1256 2476 1303 2501 est
1316 2470 1404 2510 quod

344 2521 509 2557 peccatum
533 2515 661 2552 morale,
679 2516 716 2546 de
740 2526 806 2556 quo
830 2515 900 2545 solo
917 2522 963 2546 est
979 2524 1093 2551 sermo,
1111 2514 1228 2545 claudit
1246 2513 1320 2544 tria:
1345 2513 1403 2544 sci-

343 2559 416 2590 licet
430 2566 546 2596 actum,
564 2559 701 2599 speciem
717 2559 880 2596 moralem,
901 2565 932 2590 et
946 2558 1189 2591 deformitatem.
1209 2558 1250 2589 Et
1269 2558 1307 2588 de
1324 2557 1403 2588 duo-

344 2604 403 2635 bus
427 2603 580 2640 extremis,
602 2603 717 2634 scilicet
741 2604 778 2634 de
802 2610 873 2634 actu
898 2603 1055 2640 absolute,
1080 2609 1111 2634 et
1134 2602 1172 2633 de
1194 2601 1402 2638 deformitate,

344 2658 410 2678 non
434 2654 480 2678 est
502 2647 647 2678 dubium.
671 2648 732 2678 Sed
756 2648 795 2677 de
818 2647 931 2688 specie,
946 2647 1026 2678 idest
1041 2654 1112 2678 actu
1135 2645 1313 2687 specificato
1337 2655 1403 2676 ma-

342 2692 408 2723 litia
431 2692 554 2729 morali,
577 2691 721 2733 quaestio
745 2698 791 2722 est
813 2701 853 2721 an
877 2692 916 2722 sit
938 2702 956 2722 a
979 2692 1059 2722 Deo.
1084 2692 1216 2731 Propter
1234 2690 1323 2731 quod
1346 2689 1404 2722 tria

343 2736 463 2777 agenda
486 2742 575 2767 sunt:
599 2736 714 2776 primo,
736 2736 901 2776 quomodo
926 2746 957 2766 se
981 2735 1074 2766 habet
1097 2742 1184 2766 actus
1207 2734 1310 2765 malus
1333 2744 1402 2765 mo-

342 2781 446 2811 raliter
460 2780 501 2811 ad
515 2779 748 2810 deformitatem
763 2780 896 2820 peccam
917 2780 1067 2816 secundo,
1082 2779 1249 2821 quomodo
1262 2788 1295 2808 se
1310 2778 1404 2809 habet

342 2825 382 2855 ad
406 2834 500 2865 agens
514 2823 547 2861 *;
572 2824 674 2860 tertio,
698 2823 827 2854 satisfiet
849 2823 978 2854 obiectis
993 2823 1036 2854 **.

395 2869 512 2905 Quoad
535 2868 685 2909 primum,
705 2867 780 2909 quia
803 2874 968 2908 peccatum
992 2874 1114 2898 constat
1136 2877 1172 2898 ex
1197 2866 1402 2898 conversione

342 2913 380 2943 ad
404 2913 565 2944 obiectum
583 2912 778 2944 contrarium
795 2911 921 2942 obiecto
943 2911 1077 2947 virtutis,
1094 2919 1124 2943 et
1147 2922 1183 2941 ex
1207 2910 1368 2942 aversione
1385 2920 1402 2941 a

341 2957 418 2997 lege,
435 2963 509 2988 sunt
522 2957 555 2987 in
572 2963 701 2997 peccato
719 2957 802 2987 duae
818 2955 970 2987 malitiae:
995 2956 1110 2995 primo,
1127 2955 1245 2986 malitia
1261 2965 1298 2986 ex
1314 2954 1401 2985 obie-

341 3007 405 3037 cto;
430 3001 579 3037 secundo,
597 2999 715 3031 malitia
729 3000 763 3030 in
784 3000 853 3040 ipsa
871 2999 1047 3040 privatione
1070 2999 1297 3030 observationis
1312 2998 1399 3038 legis.

340 3044 443 3075 Prima
458 3052 503 3076 est
519 3044 663 3085 positiva,
685 3051 714 3075 et
736 3044 769 3074 in
788 3051 872 3074 certo
890 3043 968 3074 entis
984 3053 1111 3084 genere:
1137 3043 1211 3084 quia
1233 3043 1315 3072 mala
1331 3052 1400 3072 mo-

341 3088 416 3118 ralia
435 3089 552 3129 species
569 3089 689 3119 entium
705 3095 787 3124 sunt,
805 3095 841 3118 ut
855 3088 1052 3128 praedictum
1069 3087 1128 3118 fuit
1142 3087 1169 3118 *.
1194 3087 1338 3118 Secunda
1355 3093 1401 3117 est

341 3132 506 3172 privativa:
532 3140 562 3163 et
585 3139 631 3163 est
653 3132 720 3173 ipsa
748 3131 931 3163 deformitas
955 3131 1087 3172 peccati,
1111 3131 1144 3161 in
1167 3141 1230 3172 qua
1258 3130 1401 3161 consistit

341 3176 418 3206 ratio
442 3177 516 3207 mali
539 3176 731 3217 simpliciter.
755 3177 806 3206 Ad
829 3176 965 3216 primam
991 3175 1165 3206 necessario
1187 3174 1330 3215 sequitur
1353 3183 1400 3204 se-

342 3220 458 3250 cunda:
480 3221 518 3250 ad
534 3221 646 3251 odium
661 3230 800 3261 namque
816 3227 846 3250 et
861 3220 1062 3260 negationem
1078 3219 1137 3250 Dei
1159 3219 1302 3250 absolute
1317 3228 1401 3248 sum-

341 3270 404 3303 pta,
420 3264 596 3294 secundum
613 3264 669 3295 has
684 3264 811 3304 proprie
834 3264 953 3305 species
967 3263 1140 3295 formaliter
1154 3269 1308 3304 sumptas,
1325 3272 1399 3292 con-

341 3307 482 3348 sequitur
512 3308 684 3338 necessario
708 3308 842 3348 privatio
872 3308 1100 3339 observationis
1128 3307 1221 3348 legis,
1245 3306 1288 3338 ita
1311 3306 1399 3347 quod

341 3351 527 3392 oppositum
550 3361 615 3381 non
640 3359 685 3383 est
707 3351 908 3392 intelligibile.
934 3353 975 3383 Et
996 3352 1058 3383 hoc
1078 3358 1124 3382 est
1140 3352 1232 3392 quod
1253 3360 1399 3382 commu-

340 3394 420 3425 niter
443 3394 565 3430 dicitur,
585 3395 673 3435 quod
696 3402 769 3426 sunt
791 3396 923 3436 quidam
945 3402 1033 3427 actus
1056 3395 1193 3436 specifici
1216 3395 1249 3426 in
1273 3394 1399 3426 morali-

339 3439 398 3469 bus
421 3438 566 3479 quisunt
589 3439 764 3469 secundum
783 3449 815 3469 se
839 3440 924 3476 mali,
947 3447 976 3470 et
1000 3449 1066 3470 non
1081 3446 1216 3480 possunt
1239 3440 1318 3471 bene
1334 3439 1399 3470 ulla

338 3482 459 3513 ratione
482 3481 559 3512 fieri.
575 3499 594 3505 -
609 3482 696 3512 Haec
719 3483 758 3512 de
780 3483 896 3522 primo.

393 3525 432 3557 V.
457 3526 574 3564 Quoad
597 3526 790 3562 secundum,
815 3527 889 3566 quia
913 3527 950 3557 de
974 3526 1095 3558 ratione
1122 3527 1242 3567 peccati
1270 3526 1399 3557 moralis

1007 190 1271 238 QUAESTIO
1302 189 1477 235 LXXIX,
1505 189 1800 226 ARTICULUS
1830 191 1861 226 11

1461 274 1506 298 est
1521 266 1736 297 voluntarium
1754 267 1916 298 voluntate
1940 268 2039 298 mala:
2054 284 2075 290 —
2092 268 2278 308 oppositum
2295 267 2379 298 enim
2394 276 2459 297 non
2475 272 2521 296 est

1459 311 1671 351 intelligibile:
1696 321 1752 341 nec
1776 311 1895 341 morale
1919 310 2003 341 enim
2027 312 2144 352 absque
2167 311 2348 342 voluntario
2371 310 2518 350 intelligi,

1461 365 1518 386 nec
1541 362 1706 396 peccatum
1737 355 1856 385 morale
1885 355 2004 395 absque
2031 354 2191 385 moraliter
2221 362 2368 396 peccante
2398 361 2519 396 potest,

1461 409 1534 430 curn
1558 409 1686 440 peccare
1709 398 1787 428 nihil
1810 397 1897 429 aliud
1921 397 1960 428 sit
1983 407 2081 438 quam
2108 398 2247 439 aliquem
2268 398 2444 430 voluntarie
2469 398 2520 427 de-

1461 444 1590 474 clinare:
1608 461 1629 466 —
1646 443 1729 483 quia,
1753 442 1895 483 inquam,
1914 443 1951 472 de
1967 441 2088 477 ratione
2111 442 2230 482 peccati
2246 442 2374 473 moralis
2396 449 2443 473 est
2465 451 2520 472 vo-

1459 487 1634 518 luntarium
1657 487 1819 517 voluntate
1843 486 1927 516 mala
1950 486 2120 522 moraliter,
2139 492 2267 526 oportet
2288 492 2324 517 ut
2339 487 2378 516 de
2400 486 2521 517 ratione

1461 532 1579 572 peccati
1603 531 1731 562 moralis
1748 531 1786 561 sit
1801 541 1868 561 esse
1891 541 1909 560 a
1932 530 2096 560 voluntate
2117 528 2293 566 deficiente3
2317 539 2353 560 ac
2370 539 2427 569 per
2449 529 2520 565 hoc,

1460 575 1656 616 impossibile
1684 575 1724 606 sit
1752 575 1860 615 ipsum
1890 584 1998 604 esse-a
2019 574 2089 604 Deo
2120 573 2311 604 immediate.
2335 573 2376 604 Et
2396 573 2426 604 si
2448 572 2522 604 huic

1461 619 1637 649 adiunxeris
1660 619 1749 660 quod
1773 619 1892 649 dictum
1909 625 1956 648 est
1969 617 1998 654 st,
2022 617 2139 648 scilicet
2154 618 2243 657 quod
2257 617 2420 652 conversio
2435 623 2522 647 actus

1461 663 1536 693 mali
1559 663 1641 702 parit
1663 663 1836 693 necessario
1861 662 2073 698 aversionem,
2093 661 2213 691 videbis
2236 661 2326 702 quod
2341 661 2379 691 de
2401 660 2522 691 ratione

1461 707 1531 737 talis
1548 706 1762 736 conversionis
1776 713 1823 737 est
1833 706 1929 736 etiam
1938 706 2154 736 voluntarium
2166 705 2330 736 voluntate
2344 703 2521 741 deficienter,

1461 761 1497 781 ac
1520 760 1577 790 per
1598 750 1675 786 hoc,
1699 749 1894 790 impossibile
1919 749 1957 781 sit
1979 750 2083 789 ipsam
2106 759 2172 780 esse
2197 760 2214 779 a
2237 750 2307 780 Deo
2329 748 2522 779 immediate.

1461 795 1502 824 Et
1523 804 1595 824 vere
1618 794 1661 824 sic
1685 800 1740 824 est.
1765 794 1847 824 Nam
1871 788 1963 824 actus'
1977 794 2089 830 malus,
2106 800 2183 833 puta
2203 793 2315 829 odium
2330 793 2380 824 vel
2396 792 2522 832 negatio

1461 838 1530 873 Dei,
1554 837 1731 868 secundum
1755 847 1846 869 suam
1869 837 2024 868 moralem
2047 838 2194 878 speciem,
2219 844 2248 868 et
2270 836 2403 868 includit
2421 837 2454 878 ly
2470 846 2522 868 vo-

1462 883 1639 912 luntarium
1655 881 1779 918 directe,
1797 887 1827 911 et
1841 880 1874 922 ly
1890 881 2052 912 voluntate
2066 882 2230 923 deficiente
2246 891 2282 911 ex
2298 880 2521 922 consequenti:

1461 926 1543 956 sicut
1564 925 1632 965 ipse
1656 931 1742 955 actus
1767 931 1812 955 est
1835 925 2011 955 secundum
2035 935 2068 955 se
2087 925 2290 956 essentialiter
2313 924 2521 960 voluntarius,

1461 969 1607 1000 deficiens
1632 975 1738 999 autem
1762 978 1798 998 ex
1822 968 2038 1009 consequenti.

1517 1014 1570 1044 VI.
1588 1014 1635 1043 Ex
1650 1013 1712 1043 hoc
1728 1019 1834 1043 autem
1858 1012 1946 1053 quod
1963 1012 2001 1042 de
2017 1012 2137 1042 ratione
2153 1013 2222 1043 talis
2238 1020 2325 1044 actus
2341 1019 2387 1043 est
2401 1022 2468 1043 esse
2483 1013 2522 1042 ab

1461 1064 1571 1098 agente
1596 1057 1767 1093 deficiente,
1785 1056 1926 1097 sequitur
1949 1056 2047 1096 quod,
2072 1066 2130 1095 pro
2147 1063 2266 1097 quanto
2284 1064 2330 1087 est
2345 1058 2383 1087 ab
2400 1063 2521 1097 agente,

1461 1102 1500 1132 sit
1516 1112 1533 1131 a
1549 1102 1629 1138 Deo,
1653 1101 1757 1141 primo
1777 1107 1902 1141 agente;
1927 1110 1986 1140 pro
2009 1106 2129 1140 quanto
2145 1110 2163 1130 a
2181 1100 2352 1137 deficiente,
2370 1111 2436 1131 non
2452 1101 2491 1131 sit
2505 1110 2524 1130 a

1461 1147 1541 1177 Deo.
1557 1163 1576 1168 —
1593 1145 1742 1186 Sequitur
1760 1145 1911 1180 secundo,
1928 1144 2017 1184 quod
2034 1143 2135 1174 dicere
2155 1144 2387 1176 deformitatem
2402 1144 2523 1185 peccati

1461 1190 1604 1220 comitari
1633 1196 1739 1220 actum
1770 1189 1866 1219 talem
1890 1188 2048 1224 absolute,
2073 1194 2104 1218 et
2126 1188 2227 1218 dicere
2254 1188 2356 1228 ipsam
2379 1188 2523 1220 comitari

1461 1235 1557 1265 talem
1579 1241 1686 1264 actum
1709 1240 1745 1263 ut
1768 1239 1814 1263 est
1837 1233 1875 1262 ab
1890 1239 2000 1272 agente
2016 1231 2187 1268 deficiente,
2204 1232 2290 1262 idem
2307 1239 2368 1263 est:
2392 1233 2467 1274 quia
2484 1233 2522 1263 de

1460 1279 1581 1320 ratione
1604 1278 1674 1308 talis
1697 1284 1785 1308 actus
1809 1284 1854 1307 est
1878 1286 1944 1306 esse
1961 1276 1998 1306 ab
2016 1283 2126 1316 agente
2149 1275 2322 1307 deficiente.
2338 1294 2359 1299 —
2374 1276 2523 1319 Sequitur

1461 1322 1563 1359 tertio,
1588 1322 1676 1363 quod
1700 1331 1766 1351 non
1789 1327 1835 1351 est
1857 1320 1944 1350 idem
1967 1329 2151 1351 concurrere
2171 1320 2212 1350 ad
2234 1320 2331 1350 talem
2345 1320 2453 1353 aetum
2474 1328 2524 1353 ue·

1462 1367 1604 1398 cundum
1626 1366 1659 1396 id
1683 1366 1772 1406 quod
1791 1365 1885 1395 habet
1907 1365 1946 1394 ab
1970 1371 2080 1404 agente
2103 1370 2140 1394 ut
2162 1364 2216 1400 sic,
2237 1371 2268 1395 et
2290 1363 2524 1409 secundumsjd

1462 1411 1550 1452 quod
1573 1411 1667 1441 habet
1689 1410 1728 1440 ab
1753 1416 1862 1449 agente
1893 1415 1929 1439 ut
1959 1407 2138 1439 deficientez
2162 1408 2244 1440 sicut
2273 1414 2416 1441 nonest
2430 1407 2523 1450 idem

1461 1465 1528 1486 esse
1551 1465 1646 1495 agens
1666 1461 1695 1484 et
1718 1463 1784 1484 esse
1808 1452 1973 1492 deficiens,
1996 1462 2054 1483 nec
2076 1462 2143 1483 esse
2166 1452 2205 1483 ab
2229 1458 2339 1493 agente
2362 1458 2393 1484 et
2413 1449 2524 1486 e‘soe‘a

1462 1498 1634 1530 deficiente.
1651 1516 1672 1521 -
1688 1498 1735 1528 Ex
1758 1507 1824 1538 quo
1842 1497 1984 1538 sequitur
2006 1502 2165 1538 quartum,
2186 1496 2275 1537 quod
2294 1505 2360 1527 non
2374 1495 2470 1527 valet:
2488 1493 2524 1527 Ἀ

1462 1550 1509 1574 est
1524 1554 1617 1574 causa
1632 1549 1719 1573 actus
1735 1541 1864 1572 moralis
1881 1540 1956 1571 mali
1972 1541 2149 1571 secundum
2164 1550 2256 1571 suam
2272 1540 2420 1581 speciem,
2437 1539 2523 1584 Ergo

1462 1594 1509 1618 est
1533 1597 1626 1618 causa
1649 1586 1766 1627 peccati
1790 1595 1845 1615 seu
1869 1584 2087 1615 deformitatis.
2117 1585 2179 1615 Sed
2202 1585 2283 1616 bene
2303 1584 2400 1616 valet:
2424 1587 2454 1615 A
2476 1589 2525 1615 'est

1462 1642 1555 1662 causa
1571 1631 1717 1662 deficiens
1734 1638 1821 1660 actus
1837 1629 1965 1660 moralis
1981 1629 2056 1659 mali
2074 1629 2253 1660 secundum
2266 1639 2359 1660 suam
2372 1629 2522 1669 speciem,

1461 1676 1546 1716 Ergo
1570 1683 1617 1706 est
1639 1685 1732 1706 causa
1749 1674 1867 1714 peccati
1887 1680 1918 1704 et
1933 1673 2151 1704 deformitatis.
2175 1673 2260 1711 Quia
2282 1672 2524 1710 deformitaaet

1461 1720 1620 1761 completa
1642 1719 1720 1750 ratio
1745 1717 1878 1758 peccati,
1903 1717 2045 1758 sequitur
2067 1717 2107 1747 ad
2130 1717 2268 1757 speciem
2295 1716 2372 1749 mali
2394 1711 2523 1757 moralis

1461 1771 1497 1795 ut
1520 1771 1566 1795 est
1588 1764 1626 1794 ab
1651 1769 1761 1803 agente
1785 1761 1963 1798 deficiente;
1988 1768 2019 1792 et
2042 1771 2108 1792 non
2130 1768 2167 1791 ut
2190 1767 2237 1792 est
2259 1761 2298 1791 ab
2322 1767 2444 1802 agente.
2489 1763 2504 1769 ''

1515 1809 1582 1842 V11.
1599 1808 1647 1838 Ex
1662 1807 1711 1837 his
1727 1813 1834 1837 autem
1850 1805 1946 1836 habes
1962 1805 2060 1846 quod,
2078 1815 2152 1836 cum
2171 1811 2258 1836 actus
2274 1804 2404 1835 moralis
2418 1800 2522 1836 maliis*
2559 1801 2561 1803 ’
2587 1805 2590 1810 ’
2619 1800 2622 1802 ’

1459 1853 1636 1883 secundum
1652 1861 1743 1882 suam
1757 1849 1904 1891 speciem,
1922 1849 2023 1890 possit
2037 1849 2204 1890 dupliciter
2221 1849 2522 1890 distinguirprimo,

1460 1904 1496 1927 ut
1514 1903 1660 1937 sumptus
1681 1895 1824 1926 absolute
1846 1894 2058 1934 distinguatur
2072 1901 2180 1927 eontra
2199 1893 2340 1934 seipsum
2354 1900 2522 1934 sumptum

1459 1948 1495 1972 ut
1518 1948 1564 1972 est
1586 1941 1625 1971 ab
1649 1946 1759 1980 agente
1782 1938 1957 1974 deficiente,
1982 1938 2116 1969 dicendo
2139 1938 2229 1979 quod
2251 1937 2371 1979 species
2392 1937 2522 1969 moralis

1460 1985 1534 2016 mali
1559 1985 1695 2016 sumitur
1710 1983 1884 2024 dupliciter,
1902 1982 2055 2018 absolute,
2072 1989 2104 2019 et
2126 1989 2162 2013 ut
2185 1989 2231 2013 est
2246 1992 2264 2013 a
2278 1980 2377 2016 libero
2393 1980 2521 2022 arbitrio

1459 2030 1617 2060 humano:
1643 2035 1673 2059 et
1697 2028 1740 2058 sic
1764 2027 1962 2067 distinguunt
1984 2026 2124 2067 quidam,
2149 2026 2286 2057 dicentes
2306 2025 2395 2068 quod
2418 2025 2521 2056 defor-

1459 2074 1552 2105 mitas
1575 2072 1779 2113 consequitur
1811 2077 1917 2102 actum
1941 2070 2063 2101 malum
2091 2069 2247 2101 moralem
2269 2076 2335 2100 non
2358 2067 2520 2107 absolate,

1459 2118 1513 2149 sed
1537 2124 1573 2148 ut
1597 2124 1643 2148 est
1665 2127 1683 2147 a
1705 2117 1804 2147 libero
1828 2115 1971 2151 arbitrio;
1996 2122 2027 2145 et
2042 2121 2209 2155 propterea
2230 2114 2414 2145 deformitas
2433 2117 2522 2146 amsi

1459 2172 1525 2194 non
1549 2169 1595 2193 est
1610 2172 1627 2192 a
1643 2162 1723 2197 Deo,
1743 2160 1817 2201 quia
1833 2169 1899 2190 non
1917 2159 2061 2200 sequitur
2077 2159 2186 2199 ipsum
2201 2158 2360 2190 absolute:
2379 2174 2401 2183 -
2417 2157 2524 2193 veritis

1459 2214 1564 2238 tamen
1582 2205 1784 2246 distinguitur
1799 2203 1940 2235 secundo
1955 2203 2065 2240 modo,
2081 2203 2199 2236 scilicet
2222 2209 2257 2234 ut
2276 2203 2422 2237 absolute
2437 2212 2522 2245 sum7

1458 2258 1532 2292 ptus
1557 2250 1766 2289 distinguatur
1789 2255 1898 2279 contra
1921 2247 2062 2287 seipsum
2083 2244 2187 2278 ut'est
2205 2246 2244 2279 ab
2267 2253 2379 2287 agente
2402 2253 2438 2290 ut
2458 2239 2521 2294 sid}

1459 2295 1533 2336 quia
1556 2294 1702 2325 absolute
1723 2299 1870 2333 sumptus
1894 2291 2031 2322 vindicat
2055 2290 2114 2322 sibi
2137 2291 2213 2327 duo,
2230 2290 2348 2322 scilicet
2369 2290 2465 2332 quo'd'
2481 2289 2521 2321 sit

1457 2341 1496 2370 ab
1519 2345 1639 2379 agente,
1661 2345 1691 2368 et
1713 2337 1753 2368 sit
1768 2347 1785 2367 a
1802 2335 1980 2372 deficiente;
2004 2345 2039 2365 ac
2062 2345 2120 2375 per
2140 2335 2212 2372 hoc,
2233 2345 2307 2366 cum
2330 2330 2522 2375 sumitui‘ffl

1457 2390 1503 2414 est
1526 2384 1564 2413 ab
1588 2388 1699 2422 agente
1718 2387 1756 2412 ut
1777 2381 1838 2417 sic,
1863 2380 2000 2410 sumitur
2021 2379 2112 2420 quasi
2133 2379 2313 2410 secundum
2334 2378 2422 2420 quid.
2444 2377 2519 2415 Vel,

1457 2434 1487 2459 et
1509 2427 1542 2458 in
1565 2427 1651 2457 idem
1673 2425 1762 2462 redit,
1786 2424 1995 2465 distinguatur
2017 2423 2062 2454 sic
2084 2430 2172 2455 actus
2193 2423 2324 2455 moralis
2347 2423 2520 2458 malus&-

1457 2472 1599 2503 cundum
1622 2480 1713 2501 suam
1736 2469 1890 2510 speciem,
1919 2467 2098 2509 dupliciter:
2126 2467 2247 2509 primo,
2277 2467 2438 2503 absolute,
2462 2476 2520 2505 seu

1456 2515 1652 2556 simpliciter;
1681 2515 1837 2550 secundo,
1862 2513 2037 2543 secundum
2060 2511 2093 2542 id
2115 2511 2204 2553 quod
2232 2511 2326 2553 habet
2353 2509 2519 2554 perfectio-

1456 2560 1514 2590 nis.
1539 2560 1581 2590 Et
1603 2559 1707 2600 primo
1731 2557 1841 2594 modo,
1870 2556 2012 2598 sequitur
2034 2556 2073 2586 ad
2094 2565 2164 2586 earn
2183 2554 2382 2586 deformitas:
2407 2563 2518 2586 secun-

1457 2604 1509 2641 do,
1534 2614 1610 2634 non.
1637 2602 1745 2634 Primo
1769 2601 1878 2637 modo,
1901 2607 1948 2631 est
1973 2600 2012 2631 ab
2033 2599 2143 2640 agente
2167 2597 2346 2630 deficiente:
2366 2598 2517 2635 secundo,

1456 2649 1494 2678 ab
1519 2654 1630 2688 agente
1653 2652 1787 2682 tantum,
1811 2654 1846 2676 ac
1869 2653 1926 2685 per
1947 2644 2009 2675 hoc
2025 2652 2044 2674 a
2061 2644 2142 2674 Deo.
2165 2643 2207 2674 Et
2229 2643 2273 2674 sic
2291 2649 2519 2683 toturnoppo·

1456 2692 1553 2723 situm
1569 2691 1694 2722 videtur
1708 2700 1776 2721 esse
1797 2689 1866 2720 eius
1885 2689 1975 2729 quod
1992 2688 2038 2719 illi
2061 2687 2181 2719 dicunt.
2203 2686 2396 2727 Comparavi
2410 2690 2519 2723 tamen

1457 2743 1624 2777 utramque
1646 2735 1732 2766 viam
1753 2733 1786 2764 in
1809 2732 1947 2769 veritate,
1967 2732 2102 2763 dicendo
2125 2732 2230 2770 verius
2252 2731 2394 2764 secundo
2416 2730 2519 2770 modo

1456 2779 1620 2820 distingui:
1645 2778 1720 2820 quia
1743 2778 1783 2808 ad
1806 2777 1928 2808 bonum
1952 2786 2082 2807 sensum
2105 2772 2216 2807 salvari
2240 2774 2384 2813 creditur,
2405 2781 2441 2806 ut
2454 2784 2518 2821 ,1257

1454 2824 1531 2856 tebit
1544 2823 1572 2855 ’ἱ
1597 2823 1695 2861 Quod
1717 2828 1824 2853 autem
1847 2821 1924 2851 haec
1946 2820 2009 2852 sint
2032 2820 2071 2850 de
2094 2820 2200 2850 mente
2214 2819 2373 2856 Auctoris,
2397 2828 2434 2850 ex
2456 2818 2519 2850 hoe

1453 2869 1528 2899 loco
1543 2874 1638 2909 patet,
1655 2866 1720 2903 ubi,
1737 2866 1769 2896 in
1784 2864 1991 2906 responsione
2005 2864 2045 2895 ad
2061 2863 2199 2900 tertium,
2214 2862 2350 2895 articulo
2363 2856 2518 2900 secunuel

1455 2912 1569 2943 dicitur
1583 2911 1673 2953 quod
1687 2910 1841 2951 defectus,
1865 2910 1920 2950 qui
1941 2909 2061 2940 dicitur
2083 2918 2146 2939 non
2165 2917 2234 2939 esse
2247 2917 2270 2938 a
2283 2908 2364 2946 Deo,
2372 2921 2373 2925 =
2376 2907 2519 2948 pem

1454 2958 1497 2988 ad
1511 2957 1645 2997 speciem
1661 2960 1754 2986 actus
1764 2958 2002 2994 consequenter.
2017 2952 2104 2990 Quid
2120 2950 2251 2983 clarius?
2266 2951 2300 2984 Si
2310 2950 2517 2992 consequ‘mu·

1454 3001 1494 3031 ad
1517 3000 1656 3041 speciem
1671 3006 1758 3030 actus
1781 3004 1934 3038 tanquam
1956 2996 2115 3037 pertinens
2135 3002 2364 3037 consequenter
2377 2995 2419 3026 ad
2432 2992 2519 3039 eust}

1453 3044 1547 3085 igitur
1570 3045 1610 3074 ad
1633 3053 1704 3074 eam
1727 3040 1909 3082 simpliciter
1931 3040 2144 3081 consequitur.
2160 3058 2179 3063 -
2195 3039 2282 3071 Haec
2301 3039 2340 3070 de
2364 3038 2514 3071 secundo.

1508 3088 1591 3119 VIII.
1616 3086 1732 3124 Quoad
1760 3085 1887 3116 tertium
1906 3084 1939 3120 *‚
1964 3084 2084 3124 primae
2110 3084 2240 3115 rationis
2267 3084 2301 3114 in
2328 3082 2515 3125 oppositum
2541 3091 2551 3102 ·

1453 3138 1585 3171 negatur
1600 3130 1786 3162 antecedens
1801 3128 1835 3160 *j
1851 3129 1934 3159 Nam
1950 3138 2053 3159 unum
2077 3128 2270 3159 contrarium
2286 3127 2400 3159 directe
2414 3125 2516 3168 privat
2541 3137 2551 3147 ⁶
2567 3131 2579 3135 “’

1453 3175 1587 3216 reliquo,
1612 3185 1648 3206 ex
1672 3184 1708 3205 ea
1730 3180 1818 3214 parte
1833 3183 1897 3214 qua
1919 3178 1966 3203 est
1988 3172 2033 3203 illi
2048 3172 2251 3203 contrarium.
2271 3171 2395 3203 Vitium
2407 3177 2514 3203 autem

1452 3218 1560 3250 virtuti
1583 3217 1790 3249 contrariatur
1805 3227 1842 3248 ex
1857 3223 1943 3257 parte
1960 3216 2190 3248 conversionis:
2214 3215 2290 3258 quia
2304 3215 2344 3247 ad
2359 3213 2515 3248 contraria

1453 3263 1575 3294 obiecta
1603 3268 1838 3294 convertuntur.
1867 3261 1908 3292 Et
1936 3261 1980 3292 sic
2003 3261 2070 3292 vitii
2096 3260 2215 3301 species
2241 3260 2275 3291 in
2297 3264 2377 3292 actu
2391 3257 2511 3299 posita,

1454 3307 1564 3348 privat,
1588 3317 1643 3347 per
1662 3317 1695 3337 se
1713 3305 1887 3347 loquendo,
1912 3304 2116 3336 conversione
2132 3305 2173 3336 ad
2197 3303 2355 3335 obiectum
2370 3301 2511 3333 virtutis:

1452 3351 1541 3392 quod
1558 3358 1603 3382 est
1618 3351 1739 3391 privare
1757 3349 1943 3381 rectitudine
1961 3348 2176 3380 conversionis
2193 3348 2319 3380 inventa
2341 3346 2375 3377 in
2389 3345 2512 3377 virtutis

1452 3402 1523 3426 actu
1547 3395 1580 3426 in
1602 3395 1713 3426 ordine
1737 3395 1776 3425 ad
1799 3393 1965 3434 proprium
1991 3393 2161 3425 obiectum.
2185 3390 2298 3422 Talem
2321 3396 2427 3421 autem
2450 3389 2512 3430 pri-

1451 3439 1613 3471 vationem
1636 3439 1679 3470 sic
1703 3438 1824 3469 causari
1839 3448 1857 3468 a
1871 3438 1941 3469 Deo
1962 3437 2088 3468 nullum
2106 3434 2329 3467 inconveniens
2345 3440 2407 3470 est,
2432 3433 2512 3464 sicut

1453 3494 1510 3514 nec
1524 3483 1652 3520 ,causari
1671 3482 1774 3522 ipsam
1790 3481 1858 3513 vitii
1881 3481 2032 3521 speciem:
2049 3480 2121 3511 dico
2137 3484 2244 3510 autem
2257 3479 2314 3515 sic,
2332 3477 2406 3519 quia
2421 3487 2511 3508 secus

1453 3535 1499 3558 est
1522 3534 1557 3558 ut
1579 3528 1701 3558 substat
1722 3525 1887 3556 aversioni.
1912 3523 2103 3556 Deformitas
2125 3529 2232 3554 autem
2252 3521 2369 3562 peccati
2392 3521 2424 3552 in
2443 3521 2511 3562 ipsa

2548 621 2558 631 ·
2568 620 2638 643 Num.
2653 620 2758 649 praeced.

2545 2827 2553 2836 ·
2567 2825 2639 2848 Num.
2655 2831 2689 2848 ix.
