2840 4010
122 644 180 670 ·Qu.
187 649 328 667 Lxxxln.ar1.

119 676 139 698 3.

116 906 125 917 “
141 905 176 926 Cf.
193 912 255 927 num.
272 912 305 927 111.

364 166 437 203 316

361 245 480 275 dundet
503 244 534 274 in
558 244 752 274 intellectum
780 251 816 274 ut
839 243 994 282 praecedit
1021 242 1236 272 voluntatem:
1263 241 1417 281 quoniam

361 288 440 318 sicut
464 288 596 318 essentia
624 294 669 318 est
699 286 878 317 naturaliter
902 286 987 326 prius
1011 292 1096 325 grata
1129 295 1225 325 quam
1249 285 1415 321 voluntas,

360 332 401 362 ita
425 338 455 362 et
478 332 662 362 intellectus.
679 331 739 361 Sed
763 331 788 360 si
813 330 851 359 sit
875 339 978 359 sermo
999 329 1036 359 de
1060 328 1156 368 gratia
1181 328 1357 359 secundum
1373 329 1417 358 in-

360 375 561 406 clinationem
584 376 622 405 ad
646 375 794 404 meritum
818 384 872 413 per
895 380 1001 403 actum
1025 372 1190 412 proprium
1214 370 1321 413 (quod
1345 372 1416 403 dico

360 425 488 459 propter
503 419 650 449 meritum
667 418 782 448 Christi
807 416 1079 447 communicatum
1099 426 1154 456 per
1168 414 1324 458 gratiam),
1340 423 1416 447 tunc

360 470 406 494 est
428 462 650 493 inconveniens
673 462 760 501 quod
784 461 870 500 prius
894 460 1048 490 redundet
1070 460 1102 489 in
1126 459 1338 496 intellectum
1362 461 1416 491 sed

359 513 485 547 oportet
507 506 595 546 quod
618 505 770 535 redundet
800 504 904 543 primo
927 504 959 533 in
984 503 1158 543 potentiam
1183 514 1249 533 non
1278 503 1415 543 priorem

359 550 548 590 simpliciter,
566 550 620 579 sed
636 548 773 588 priorem
797 548 829 577 in
845 548 915 583 hoc,
934 547 1050 578 scilicet
1072 547 1105 577 in
1122 548 1254 587 agendo,
1272 558 1354 589 quae
1370 555 1417 580 est

357 594 520 624 voluntas:
546 592 697 633 quoniam
714 591 863 622 meritum
878 591 1019 622 consistit
1034 590 1066 621 in
1083 601 1183 631 agere.
1202 591 1289 622 Sicut
1305 593 1415 623 eadem

358 637 476 667 ratione
500 635 619 667 dictum
643 635 702 666 fuit
724 634 742 652 ⁴²
767 635 854 675 quod
879 641 1043 675 peccatum
1073 635 1233 675 originale,
1259 642 1416 676 quantum

357 681 395 710 ad
418 679 653 710 inclinationem
670 680 709 709 ad
725 685 839 715 actum,
858 680 896 709 ab
913 679 1045 709 essentia
1062 679 1185 709 animae
1202 679 1289 719 prius
1308 679 1416 712 infecit

356 724 560 754 voluntatem.
579 724 670 753 Unde
694 733 836 762 arguens,
854 723 1034 762 promiscue
1059 722 1194 754 miscens
1215 723 1415 763 gratificabile

357 775 386 798 et
409 768 565 803 meritum⁷
582 767 740 797 debuisset
755 767 961 806 distinguere:
984 774 1014 798 et
1029 766 1157 798 vidisset
1173 768 1271 808 quod,
1285 768 1310 798 si
1327 768 1415 799 solus

355 812 528 842 intellectus
553 818 646 847 esset,
669 817 749 841 esset
772 811 888 850 gratia,
909 817 939 841 et
962 821 1029 841 esse
1052 818 1186 850 gratum,
1212 818 1242 842 et
1265 811 1415 843 meritum

355 855 480 891 Christi,
501 865 566 885 non
589 865 645 894 per
668 861 774 885 actum
797 855 972 895 proprium.

408 900 475 930 VII.
490 899 541 929 Ad
557 899 685 929 tertium
698 898 715 917 '⁸‘
731 899 794 928 iam
811 905 896 939 patet
914 909 951 929 ex
971 899 1032 930 hoc
1050 899 1226 939 responsio.
1251 899 1415 936 Quoniam

353 943 529 983 propositio
546 943 661 979 dicens,
678 942 820 973 Habitus
829 943 1002 984 perficiens
1018 944 1049 973 in
1071 943 1183 973 ordine
1206 943 1249 973 ad
1271 943 1416 974 determi-

353 992 462 1017 natum
485 987 637 1018 obiectum
654 992 684 1018 et
702 992 822 1025 actum,
839 993 885 1018 est
904 989 935 1017 in
947 988 1091 1027 potentia
1107 988 1176 1025 illa,
1194 987 1415 1027 distinguenda

352 1038 406 1062 est.
434 1031 597 1068 Quoniam
625 1031 792 1071 dupliciter
815 1031 876 1062 hoc
901 1031 1070 1071 contingit:
1095 1031 1212 1062 scilicet
1236 1031 1358 1071 primo,
1385 1039 1416 1063 et

352 1075 548 1106 secundario.
572 1075 612 1106 Et
634 1075 747 1106 dicitur
763 1076 851 1115 quod
867 1075 964 1115 gratia
981 1075 1085 1115 primo
1101 1074 1221 1116 perficit
1237 1076 1275 1105 ad
1291 1086 1368 1112 esse,
1385 1083 1416 1107 et

352 1129 416 1150 non
441 1119 543 1160 primo
560 1120 599 1149 ad
623 1119 759 1159 operari;
783 1126 813 1150 et
836 1126 1002 1159 propterea
1026 1129 1091 1150 non
1111 1119 1150 1150 ad
1167 1119 1338 1156 obiectum,
1357 1129 1413 1160 nec

1058 164 1323 210 QUAESTIO
1355 164 1438 210 CX,
1468 164 1762 202 ARTICULUS
1793 166 1844 202 IV

1473 242 1512 272 ad
1536 249 1643 272 actum
1657 242 1761 282 primo
1785 242 1914 282 perficit,
1932 244 1984 274 sed
2002 247 2203 277 secundario:
2228 248 2301 279 facit
2320 249 2404 280 enirn
2429 249 2532 290 primo
2570 258 2572 260 ’

1472 285 1637 316 hominem
1661 285 1762 316 filium
1786 286 1855 323 Dei,
1873 293 1903 318 et
1924 289 2155 329 'consequenter
2177 294 2342 331 potentem
2364 293 2476 324 mereri
2491 294 2534 324 vi-

1472 336 1538 360 tam
1561 337 1728 361 aeternam.
1746 329 1880 371 Sequela
1904 341 1978 371 ergo
2002 339 2151 372 negatur:
2176 334 2330 375 quoniam
2359 346 2425 367 non
2448 344 2533 368 tenet

1472 373 1530 404 nisi
1555 374 1594 404 de
1617 374 1725 404 habitu
1750 374 1855 414 primo
1878 374 2058 415 perficiente
2082 377 2121 406 ad
2144 384 2249 408 actum
2274 385 2306 410 et
2327 379 2497 413 obiectum.

1527 418 1578 448 Ad
1602 418 1877 449 confirmationem
1908 429 1944 449 ex
1967 419 2139 456 Ansehno,
2171 421 2285 452 dicitur
2311 425 2401 463 quod
2423 426 2533 456 Ansel-

1471 471 1544 492 mus
1566 469 1671 502 potest
1692 461 1842 493 verificari
1866 463 1904 493 de
1927 463 2044 494 iustitia
2064 464 2188 501 actuali,
2204 475 2264 505 pro
2282 473 2404 506 quanto
2427 470 2532 500 omnis

1472 506 1614 546 operatio
1637 507 1722 537 bona
1745 513 1792 537 est
1806 507 1838 536 in
1862 507 2024 538 voluntate
2041 509 2217 539 secundum
2240 509 2369 550 aliquid,
2387 518 2465 551 puta
2478 523 2532 544 vo-

1470 549 1626 580 litionem.
1642 550 1704 580 Sed
1718 557 1875 590 quantum
1898 551 1938 581 ad
1961 551 2112 582 iustitiam
2129 552 2333 588 habitualem,
2351 554 2417 585 lato
2439 565 2532 587 voca-

1470 593 1548 624 bulo
1572 593 1754 633 accipiendo
1778 594 1939 631 iustitiam,
1957 595 2072 626 falsum
2097 603 2143 626 est
2166 597 2255 637 quod
2279 597 2401 629 dicitur.

1514 637 1596 668 V111.
1614 638 1664 667 Ad
1695 645 1844 678 quartum
1865 638 1900 676 *,
1925 646 2057 679 negatur
2084 641 2173 680 quod
2204 641 2309 671 omnis
2339 641 2464 673 habitus
2493 643 2532 674 sit

1471 682 1640 712 subiective
1657 681 1688 711 in
1713 682 1819 722 aliqua
1833 683 1984 722 potentia.
2002 683 2042 714 Et
2057 684 2096 714 ad
2111 685 2342 724 probationem,
2359 685 2435 726 quia
2449 694 2531 727 opus

1469 725 1612 755 habentis
1628 726 1728 756 reddit
1743 726 1881 756 bonum:
1897 727 2010 758 dicitur
2028 729 2116 768 quod
2137 729 2264 759 reddere
2289 739 2372 769 opus
2387 729 2531 762 habentis

1469 769 1593 799 bonum
1622 769 1775 809 contingit
1803 770 1984 810 dupliciter,
2009 772 2127 803 scilicet
2156 773 2278 813 primo,
2303 780 2335 804 et
2362 783 2399 804 ex
2422 784 2531 806 conse-

1470 813 1596 853 quenti;
1622 820 1652 844 et
1675 813 1764 854 quod
1792 813 1918 844 habitus
1946 816 2002 856 qui
2025 817 2064 846 ad
2094 816 2157 848 hoc
2180 817 2284 857 primo
2314 824 2360 848 est
2389 824 2426 848 ut
2449 828 2532 860 opus

1469 856 1611 887 habentis
1635 857 1743 887 reddat
1766 858 1906 895 bonum,
1930 858 1962 888 in
1990 859 2132 900 potentia
2161 861 2267 902 aliqua
2291 868 2346 897 est,
2372 862 2462 892 cuius
2486 869 2533 894 est

1470 910 1563 941 opus.
1584 901 1688 932 Gratia
1712 908 1819 931 autem
1842 911 1908 932 non
1932 909 2061 943 propter
2085 914 2167 944 opus
2191 911 2238 935 est
2260 905 2382 945 primo,
2407 906 2463 936 sed
2485 916 2532 937 se-

1469 945 1635 976 cundario:
1654 945 1865 985 principaliter
1880 945 1964 976 enirn
1987 954 2034 978 est
2055 955 2185 988 propter
2201 959 2268 979 esse
2291 956 2471 980 consortem
2487 950 2531 980 di-

1469 989 1560 1020 vinae
1583 996 1721 1025 naturae,
1738 990 1826 1030 quod
1842 996 1888 1020 est
1904 990 1991 1029 prius
2007 991 2097 1022 omni
2119 992 2243 1024 virtute.
2269 993 2310 1024 Et
2333 994 2406 1024 ideo
2430 1001 2479 1025 est
2498 995 2530 1024 in

1470 1033 1611 1064 subiecto
1644 1033 1747 1073 priore
1779 1043 1982 1074 quacumque
2006 1035 2163 1075 potentia.
2187 1044 2222 1068 ut
2252 1038 2530 1078 proportionaliter

1470 1077 1590 1108 formae
1613 1077 1801 1118 respondeat
1824 1077 1962 1109 materia.

2559 650 2567 658 '¹
2584 648 2620 670 Cf.
2634 654 2699 671 num,
2713 655 2745 670 w.
