2840 4010
96 649 108 659 ⁶
117 647 175 675 Sap.
196 653 247 675 αφ.
261 653 308 677 xiv,

97 680 157 696 vere.
172 680 195 702 9.

99 2628 112 2640 ⁸
125 2628 174 2656 Qu.
192 2634 285 2651 uxxvr.
301 2639 311 2644 -

99 2654 138 2678 α.
152 2654 219 2682 ibid„
233 2658 276 2677 nrt.
291 2660 311 2682 2,

101 2680 234 2704 amnem.

1020 175 1286 222 QUAESTIO
1316 176 1453 223 CXIII,
1483 178 1777 216 ARTICULUS
1807 179 1838 215 II

333 243 378 283 est
401 246 526 292 speciali
546 252 764 284 benevolentia
786 254 845 284 Dei
865 254 972 295 quoad
995 254 1080 284 hunc
1104 253 1249 284 effectum
1273 253 1328 293 qui
1347 261 1393 284 est

332 295 428 336 gratia
451 302 576 335 gratum
600 296 731 328 faciens:
756 298 909 338 quoniam
929 307 1010 338 opus
1034 304 1080 328 est
1103 296 1322 328 benevolentia
1338 307 1391 327 au-

333 339 449 370 ferente
472 340 683 379 privationem
705 341 808 378 illam,
832 341 964 382 privatio
989 348 1096 372 autem
1119 350 1184 371 non
1208 339 1310 370 aufert
1334 340 1394 370 nisi

333 383 521 423 oppositum
530 384 684 415 habitum.
692 386 784 416 Unde
796 395 882 416 error
893 385 1000 416 nullus
1010 385 1042 415 in
1051 393 1200 424 processu
1209 383 1328 414 litterae
1339 391 1393 415 est.

389 427 457 458 VII.
479 428 530 458 Ad
552 429 763 460 obiectionem
783 436 890 460 autern
913 429 947 459 in
968 428 1154 469 oppositum
1175 427 1288 457 dicitur
1306 429 1395 468 quod

334 480 401 501 non
424 479 470 503 est
484 472 594 503 eadem
617 473 696 503 ratio
719 473 751 503 in
768 474 860 504 nobis
879 479 909 504 et
931 473 1010 503 Deo.
1028 471 1112 508 Quia
1127 470 1270 500 remissio
1290 478 1395 501 nostra

335 522 441 555 potest
456 525 523 546 esse
543 526 579 546 ex
601 523 688 556 parte
711 517 896 548 remittentis
919 516 1041 546 solum:
1061 524 1195 554 possum
1218 514 1304 544 enirn
1326 524 1394 554 per-

335 559 487 590 severanti
510 560 640 591 inimico
666 571 801 601 parcere.
822 561 884 592 Sed
906 558 1049 590 remissio
1073 557 1132 588 Dei
1158 565 1284 598 oportet
1306 560 1395 598 quod

335 603 376 634 sit
399 612 435 633 ex
457 611 544 644 parte
567 605 635 634 eius
654 605 705 635 cui
728 604 911 635 remittitur:
935 602 1089 643 quoniam
1112 602 1334 632 abominabilis
1349 608 1396 633 est

335 647 475 679 Domino
499 649 632 688 impius,
654 654 685 679 et
706 649 851 689 impietas
873 647 942 677 eius
959 646 986 677 *.
1015 646 1057 676 Et
1078 652 1245 686 propterea
1268 653 1395 686 oportet

334 690 428 721 illum
450 692 565 723 mutari
588 693 626 723 ab
649 692 747 732 impia
768 690 943 732 privatione
966 690 1005 720 ad
1029 690 1173 721 habitum
1196 690 1394 731 oppositum.

337 734 369 765 Si
386 734 471 765 enim
494 735 535 766 ad
549 735 768 767 rectitudinem
791 734 967 765 naturalem
986 734 1092 765 solum
1115 734 1324 770 reduceretur,
1341 734 1394 764 ad-

335 778 399 809 huc
422 778 540 820 impius
563 785 749 814 remaneret,
773 785 903 818 propter
925 778 1049 809 obicem
1072 777 1254 818 appositum
1278 777 1396 809 caritati

337 822 460 853 divinae
476 833 542 854 non
565 823 715 858 ablatum,
735 822 791 862 qui
806 832 873 852 non
895 829 958 853 erat
981 823 1013 852 in
1037 832 1076 852 eo
1101 831 1175 853 cum
1196 828 1277 852 esset
1299 822 1331 851 in
1348 832 1395 853 re-

339 866 490 898 ctitudine
512 866 646 897 naturali
669 873 741 896 ante
764 876 883 897 casum.

391 910 524 942 V111.1n
538 910 652 941 eodem
668 910 809 941 secundo
825 910 957 941 articulo
973 910 1108 941 dubium
1123 909 1258 940 occurrit
1272 919 1313 940 an
1327 919 1395 949 gra-

337 953 381 984 tia
408 961 534 994 gratum
556 953 672 985 faciens
700 954 743 987 ita
771 954 910 994 exigatur
938 954 978 984 ad
1005 953 1257 985 iustificationem
1285 953 1394 994 impii,

337 998 426 1038 quod
448 997 644 1038 impossibile
659 998 699 1028 sit
717 1008 773 1038 per
794 1008 1031 1039 quamcumque
1047 997 1223 1038 potentiam
1244 997 1333 1028 aliter
1346 997 1395 1028 iu-

336 1040 462 1072 stificari
484 1041 631 1082 impium.
649 1042 762 1073 Scotus
778 1052 926 1083 namque,
942 1042 975 1072 in
992 1042 1018 1072 II
1035 1042 1134 1080 Sent„
1151 1041 1220 1073 dist.
1239 1051 1343 1078 xxvnr,
1366 1049 1396 1073 et

335 1083 370 1115 in
382 1085 436 1121 lv,
452 1085 523 1116 dist.
539 1095 560 1122 1,
576 1095 631 1127 qu.
643 1096 684 1122 vr,
697 1093 728 1117 et
743 1086 776 1116 in
791 1096 842 1116 xxv
855 1086 935 1125 dist„
951 1096 1006 1127 qu.
1021 1096 1032 1116 1
1042 1085 1069 1123 *,
1086 1092 1118 1116 et
1131 1085 1203 1116 dist.
1212 1094 1275 1121 xvr,
1291 1095 1345 1126 qu.
1362 1096 1394 1122 11,

335 1135 422 1160 tenet
443 1130 533 1170 quod
556 1130 595 1160 de
618 1130 759 1170 potentia
781 1130 925 1162 absoluta
947 1130 1007 1161 Dei
1029 1136 1134 1170 potest
1156 1128 1315 1160 iustificari
1338 1129 1394 1159 im-

336 1172 408 1213 pius
433 1174 552 1214 absque
574 1174 690 1214 gratiae
714 1174 800 1205 dono
824 1174 987 1205 habituali.
1003 1176 1126 1205 Auctor
1148 1179 1255 1205 autem
1277 1173 1310 1204 in
1333 1173 1394 1205 hoc

337 1215 585 1259 articulorrrtenet
614 1218 820 1259 oppositum,
846 1218 925 1249 dum
956 1218 988 1248 in
1013 1227 1145 1258 corpore
1172 1216 1294 1254 articuli
1322 1217 1396 1249 dicit

337 1258 436 1302 ‘quod'
449 1271 512 1292 non
530 1267 640 1302 posset
662 1263 800 1304 intelligi
822 1263 966 1293 remissio
989 1262 1114 1302 culpae,
1134 1262 1163 1293 si
1185 1270 1248 1292 non
1271 1261 1396 1292 adesset

336 1304 458 1346 infiasio
471 1307 610 1347 gratiae.
625 1306 759 1337 Constat
774 1306 859 1337 enim
874 1306 973 1347 quod,
984 1306 1012 1336 vsi
1024 1312 1104 1337 esset
1118 1304 1268 1346 possibile
1283 1315 1394 1336 secun-

337 1348 416 1380 dum
438 1350 614 1390 potentiam
636 1351 826 1387 absolutam,
840 1350 930 1391 quod
953 1357 1060 1390 posset
1081 1349 1221 1390 intelligi.

388 1393 442 1424 lx.
459 1393 718 1425 Fundamentum
728 1394 814 1425 Scoti
830 1401 877 1425 est
890 1394 965 1435 quia
980 1394 1081 1424 homo
1096 1400 1171 1434 post
1185 1393 1394 1425 commissum

337 1443 504 1478 peccatum
527 1437 640 1469 dicitur
661 1444 807 1478 peccator
826 1448 863 1468 ex
885 1438 956 1469 solo
979 1445 1078 1474 reatu,
1101 1438 1182 1469 idest
1203 1437 1395 1478 obligatione

337 1480 378 1511 ad
398 1491 538 1522 poenam
562 1491 618 1522 per
640 1489 747 1513 actum
770 1482 894 1512 divinae
909 1481 1091 1513 voluntatis.
1111 1482 1159 1512 Ex
1172 1481 1234 1513 hoc
1247 1481 1333 1512 enim
1349 1492 1395 1512 se-

336 1525 445 1565 quitur
466 1526 556 1567 quod
571 1525 672 1556 homo
695 1532 801 1566 potest
822 1526 952 1557 transire
969 1526 1007 1556 de
1030 1533 1111 1557 statu
1131 1524 1332 1566 obligationis
1355 1526 1395 1556 ad

336 1575 455 1600 statum
478 1569 770 1610 non-obligationis,
791 1580 828 1600 ex
850 1570 912 1601 hoc
933 1570 1003 1600 solo
1026 1570 1115 1611 quod
1129 1567 1234 1600 divina
1247 1570 1395 1600 voluntas

291 1649 294 1652 .
336 1613 376 1644 ab
391 1619 520 1644 aeterno
536 1613 711 1645 ordinasset
725 1614 897 1650 Socratem,
913 1614 969 1655 qui
984 1614 1050 1644 heri
1069 1613 1216 1654 peccavit,
1233 1623 1301 1644 esse
1315 1614 1394 1644 obli-

336 1662 447 1697 gutum
461 1667 583 1698 poenae
598 1668 700 1698 usque
716 1658 756 1688 ad
772 1658 908 1698 primam
923 1659 1035 1688 horam
1050 1658 1112 1689 diei
1126 1658 1276 1690 crastinae
1292 1658 1394 1688 exclu-

337 1700 411 1733 sive.
437 1701 550 1732 Statim
573 1702 659 1732 enim
682 1702 867 1733 adveniente
889 1702 942 1732 illa
957 1702 1046 1738 hora,
1071 1712 1137 1737 non
1159 1708 1239 1733 esset
1257 1702 1394 1742 amplius

338 1745 495 1786 obligatus
511 1745 552 1776 ad
567 1755 719 1786 poenam,
737 1756 773 1776 ac
787 1756 844 1786 per
858 1746 920 1777 hoc
935 1756 1002 1776 non
1019 1753 1099 1777 esset
1114 1745 1147 1776 in
1162 1753 1291 1787 peccato
1307 1756 1393 1776 mor-

337 1788 402 1826 tali,
418 1789 537 1830 absque
556 1789 716 1820 infusione
734 1790 860 1830 gratiae,
881 1797 912 1821 et
927 1790 1103 1821 mutatione
1120 1789 1223 1832 aliqua
1242 1789 1275 1820 in
1291 1790 1371 1821 Deo.

392 1832 509 1864 Probat
534 1840 641 1864 autem
671 1834 910 1864 conclusionem
935 1844 1026 1864 suam
1059 1833 1232 1875 dupliciter.
1262 1834 1392 1870 Primo,

337 1876 391 1908 sic.
416 1876 523 1908 Gratia
552 1884 583 1908 et
605 1878 699 1918 culpa
723 1888 789 1908 non
812 1885 886 1909 sunt
907 1878 1090 1909 immediate
1113 1878 1260 1918 opposita
1283 1888 1395 1909 secun-

337 1921 417 1952 dum
439 1931 487 1958 se,
512 1931 570 1952 nec
592 1932 648 1962 per
671 1922 944 1962 comparationem
971 1922 1011 1952 ad
1038 1922 1214 1962 potentiam
1237 1922 1395 1953 facientis:

337 1974 412 2005 ergo
434 1972 540 2005 potest
563 1966 602 1996 de
624 1966 718 2007 culpa
740 1966 863 1997 transiri
889 1967 1008 2007 absque
1039 1966 1148 2006 gratia.
1163 1984 1184 1990 —
1199 1967 1397 1998 Antecedens

336 2009 445 2050 quoad
467 2009 603 2050 primam
626 2016 758 2050 partem,
782 2017 881 2050 patet:
906 2010 981 2051 quia
999 2010 1092 2041 datur
1110 2009 1263 2047 medium,
1281 2010 1398 2041 scilicet

337 2058 436 2084 status
459 2053 668 2084 innocentiae.
697 2054 814 2092 Quoad
845 2055 1017 2085 secundam
1038 2064 1131 2091 vero,
1155 2054 1230 2096 quia
1252 2055 1396 2095 qualern-

337 2106 475 2138 cumque
491 2098 597 2138 potuit
614 2098 702 2128 Deus
725 2097 825 2129 facere
847 2098 1055 2135 voluntatem,
1074 2099 1171 2130 talem
1185 2098 1324 2139 praecise
1339 2109 1397 2139 po-

338 2147 398 2172 test
420 2151 563 2181 reparare
586 2149 757 2182 postquam
780 2142 964 2182 peccaverit.

395 2185 552 2223 Secundo,
568 2186 623 2217 sic.
646 2186 779 2217 Peccato
797 2194 975 2226 repugnant
994 2187 1075 2218 duo:
1099 2187 1216 2218 scilicet
1237 2187 1345 2228 gratia,
1368 2194 1398 2218 et

337 2229 492 2260 rectitudo
517 2230 666 2260 naturalis
689 2230 756 2261 sine
779 2230 887 2270 gratia.
910 2231 996 2271 Ergo
1019 2241 1076 2272 per
1097 2230 1263 2272 quodlibet
1285 2241 1398 2262 eorum

338 2273 522 2305 excluditur.
538 2274 615 2306 Non
636 2284 711 2314 ergo
735 2274 868 2314 exigitur
890 2275 998 2314 gratia.

395 2317 497 2348 Multa
516 2317 575 2348 alia
591 2317 687 2354 affert,
705 2318 759 2349 sed
775 2318 808 2348 in
830 2318 879 2348 his
894 2318 1036 2349 consistit
1058 2325 1124 2349 tota
1142 2318 1199 2350 vis.
1215 2319 1262 2351 Ex
1280 2319 1397 2360 quibus

336 2361 406 2392 vult
429 2371 494 2392 non
517 2362 625 2392 solum
648 2363 737 2403 quod
752 2362 819 2393 sine
834 2362 949 2403 gratiae
965 2362 1135 2399 infusione,
1152 2363 1207 2394 sed
1220 2363 1287 2394 sine
1302 2363 1398 2394 etiam

337 2405 533 2436 rectitudinis
559 2406 709 2437 naturalis
736 2407 951 2443 restitutione,
975 2407 1043 2437 sola
1065 2407 1124 2438 Dei
1145 2407 1308 2438 voluntate
1331 2417 1398 2438 non

337 2449 498 2489 obligante
516 2460 591 2480 eum
607 2451 663 2491 qui
678 2451 819 2491 peccavit
833 2451 872 2481 ad
888 2451 1026 2491 culpam,
1043 2457 1149 2491 potest
1162 2450 1228 2482 fieri
1243 2451 1397 2488 remissio,

339 2493 378 2525 de
401 2494 543 2534 potentia
566 2494 625 2525 Dei
648 2495 803 2525 absoluta.

392 2538 432 2569 X.
457 2537 508 2568 Ad
531 2538 719 2570 evidentiam
742 2538 837 2569 huius
865 2538 1071 2575 difficultatis,
1096 2549 1162 2569 non
1189 2545 1316 2580 oportet
1339 2540 1399 2570 alia

338 2581 438 2612 iacere
465 2581 689 2621 fundamenta,
713 2583 767 2613 sed
797 2582 963 2613 recolenda
992 2590 1066 2613 sunt
1093 2593 1176 2624 quae
1198 2584 1342 2624 superius
1366 2584 1398 2614 in

339 2631 472 2657 tractatu
496 2627 534 2656 de
553 2627 679 2657 Macula
693 2626 712 2646 *
734 2627 816 2658 dicta
831 2633 913 2657 sunt.
938 2627 979 2658 Et
994 2627 1220 2658 advertendum
1237 2634 1283 2658 est
1298 2629 1398 2669 quod,

339 2675 377 2700 ut
390 2669 538 2709 Magister
554 2670 586 2700 in
605 2681 679 2701 xvm
694 2671 893 2702 distinctione
908 2671 950 2701 IV
965 2671 1053 2702 Sent.
1068 2671 1152 2707 dicit,
1169 2678 1200 2702 et
1221 2671 1310 2708 bene,
1326 2682 1398 2712 pro-

340 2713 558 2753 portionaliter
577 2724 610 2744 se
631 2714 726 2745 habet
747 2722 892 2754 peccator
915 2715 994 2746 dum
1016 2722 1125 2755 peccat
1147 2722 1236 2752 actu,
1264 2722 1294 2746 et
1318 2716 1397 2747 dum

341 2763 487 2798 peccator
501 2765 654 2789 remanet:
671 2758 747 2799 quia
762 2759 840 2789 dum
856 2766 973 2798 peccat,
989 2759 1104 2790 actuali
1120 2759 1282 2790 aversione
1297 2770 1315 2790 a
1329 2760 1399 2791 Deo

341 2801 474 2832 caritatis
498 2801 621 2833 obiecto
645 2802 748 2832 malus
763 2801 798 2833 fit
805 2811 813 2839 ;
839 2803 917 2833 dum
932 2810 1078 2843 peccator
1095 2810 1212 2841 manet,
1237 2804 1399 2835 aversione

341 2845 486 2876 derelicta
514 2845 616 2876 malus
640 2853 696 2877 est.
728 2846 769 2877 Et
791 2846 944 2887 quoniam
975 2847 1095 2878 aversio
1119 2848 1157 2878 ab
1184 2847 1398 2879 incommuta-

341 2888 396 2919 bili
419 2889 506 2920 bono
531 2897 577 2921 est
600 2890 733 2930 privatio
757 2890 952 2922 rectitudinis
975 2891 1108 2922 caritatis
1124 2892 1245 2923 debitae
1268 2892 1300 2922 in
1324 2899 1396 2923 actu

341 2933 500 2969 secundo,
524 2933 645 2964 aversio
673 2934 819 2966 derelicta
847 2942 893 2966 est
920 2935 1055 2975 privatio
1077 2936 1399 2967 habitualis‘conver-

341 2977 439 3007 sionis
455 2977 494 3008 ad
518 2978 624 3009 Deum
647 2978 808 3009 obiectum
823 2979 966 3011 caritatis.
981 2980 1023 3011 Et
1036 2987 1165 3012 nonest
1179 2990 1260 3020 pura
1272 2980 1399 3021 negatio

340 3020 411 3052 talis
435 3021 666 3059 conversionis,
690 3022 845 3063 quoniam
867 3023 944 3054 haec
966 3033 1033 3054 non
1057 3030 1103 3054 est
1126 3023 1253 3055 effectus
1269 3023 1398 3064 peccati,

341 3070 372 3095 et
394 3071 454 3096 stat
477 3075 552 3096 cum
574 3065 770 3097 innocentia:
795 3066 850 3097 sed
873 3073 920 3097 est
941 3067 1075 3107 privatio
1094 3067 1221 3108 proprie
1241 3074 1271 3099 et
1285 3068 1399 3105 striae,

341 3115 372 3139 et
394 3116 523 3150 sumpta
546 3119 604 3151 pro
628 3110 796 3150 negatione
819 3110 896 3141 boni
919 3110 1015 3141 debiti
1037 3111 1166 3152 quando
1187 3118 1323 3152 oportet,
1340 3119 1397 3143 etc.

340 3152 388 3183 Ex
410 3153 469 3184 hac
491 3153 677 3194 privatione,
701 3164 784 3195 quae
807 3164 872 3185 non
900 3161 947 3185 est
969 3164 1027 3186 nec
1057 3165 1123 3186 esse
1146 3161 1250 3195 potest
1272 3166 1291 3186 a
1312 3156 1399 3192 Deo,

341 3206 416 3228 cum
439 3197 478 3228 sit
501 3198 623 3229 malurn
639 3198 751 3239 culpae
766 3198 940 3229 formaliter
955 3208 1011 3239 per
1026 3199 1162 3230 modum
1176 3199 1312 3236 habitus,
1327 3210 1399 3240 pec-

341 3248 428 3272 cator
443 3249 517 3283 post
532 3248 698 3282 peccatum
712 3242 922 3273 commissum
937 3249 984 3274 est
999 3242 1172 3274 formaliter
1187 3250 1343 3283 peccator.
1360 3244 1400 3274 Et

340 3284 417 3316 haec
440 3286 573 3326 privatio
597 3293 643 3317 est
665 3287 818 3317 terminus
833 3296 851 3316 a
867 3296 933 3327 quo
948 3286 981 3317 in
997 3286 1217 3318 iustificatione
1233 3287 1323 3328 impii
1342 3298 1398 3327 per

313 3354 316 3355 γ
341 3330 474 3360 modum
500 3330 655 3366 contrarii,
680 3337 715 3361 ut
738 3331 771 3360 in
795 3330 927 3361 articulo
947 3331 1143 3371 praecedenti
1166 3333 1287 3362 Auctor
1311 3331 1396 3362 dixit.

340 3373 381 3404 Et
405 3384 440 3404 ex
463 3374 525 3404 hoc
549 3381 633 3414 patet
656 3375 759 3415 quod,
784 3374 858 3416 quia
881 3385 947 3405 non
975 3382 1080 3416 potest
1102 3374 1233 3415 intelligi
1255 3375 1398 3406 remissio

341 3417 452 3459 culpae
476 3418 535 3449 nisi
560 3418 744 3449 adveniente
764 3419 969 3449 conversione
985 3419 1026 3450 ad
1041 3419 1147 3450 Deum
1162 3418 1295 3450 caritatis
1312 3419 1398 3449 obie-

340 3467 437 3498 ctum,
462 3472 543 3503 quae
560 3469 606 3493 est
629 3462 756 3494 effectus
780 3462 922 3493 formalis
946 3463 1094 3499 caritatis;
1110 3463 1182 3493 ideo
1199 3473 1264 3493 non
1290 3469 1336 3493 est
1351 3463 1400 3493 in-

340 3505 498 3546 telligibile
515 3507 604 3548 quod
620 3506 673 3537 fiat
685 3507 827 3537 remissio
846 3507 956 3547 culpae
972 3508 1090 3548 absque
1103 3507 1262 3538 infusione
1274 3506 1399 3547 gratiae.

2431 181 2500 217 331

1503 256 1557 286 XI.
1589 257 1639 286 Ad
1667 256 1790 287 obiecta
1818 263 1924 287 autem
1952 256 1985 286 in
2018 257 2204 297 oppositum
2225 257 2243 275 ἕ
2273 258 2385 288 dicitur
2418 260 2506 299 quod

1448 299 1562 330 Scotus
1590 299 1701 330 erravit
1723 300 1756 330 in
1779 300 1881 330 radice
1905 310 2008 331 errore
2035 310 2172 341 magno,
2196 311 2318 341 ponens
2342 302 2506 333 hominem

1448 350 1522 383 post
1545 351 1709 383 peccatum
1734 354 1799 374 esse
1824 344 1996 375 formaliter
2019 352 2217 385 peccatorem
2241 356 2296 385 per
2322 346 2506 377 relationem

1449 387 1577 417 rationis
1612 395 1860 428 consequentem
1883 395 1988 419 actum
2015 389 2187 419 voluntatis
2215 389 2348 420 divinae.
2373 390 2507 422 Constat

1449 441 1588 471 namque
1607 432 1696 472 quod
1710 442 1777 462 esse
1792 432 1824 462 in
1841 439 1970 472 peccato
1986 433 2111 463 mortali
2132 440 2178 464 est
2202 443 2267 464 esse
2291 433 2323 464 in
2340 434 2425 464 malo
2441 435 2505 465 cul-

1449 485 1518 514 pae.
1535 476 1620 515 Ergo
1644 486 1710 506 non
1725 483 1770 506 est
1786 486 1852 506 esse
1869 476 1901 506 in
1925 476 1992 506 sola
2016 476 2210 516 obligatione
2232 478 2271 507 ad
2294 487 2433 518 poenam
2450 489 2505 519 per

1448 525 1554 549 actum
1578 519 1701 550 divinae
1724 520 1914 551 voluntatis:
1939 530 2013 550 nam
2036 521 2098 551 hoc
2122 528 2168 552 est
2191 531 2256 552 esse
2279 522 2311 551 in
2333 522 2418 552 malo
2434 532 2508 563 poe-

1449 572 1516 592 nae.
1542 563 1634 593 Unde
1658 573 1724 593 non
1748 570 1794 594 est
1817 564 1934 594 mirum
1949 565 2037 604 quod
2055 565 2166 596 erravit
2181 565 2213 595 in
2229 566 2505 606 consequentibus.

1502 607 1569 637 XII.
1582 608 1631 637 Ad
1648 607 1735 637 illam
1752 614 1859 638 autern
1875 608 2137 648 propositionem,
2159 609 2430 650 Qualemcumque
2446 621 2506 651 po-

1449 655 1507 680 test
1530 651 1619 681 Deus
1637 650 1757 691 facere
1777 652 1985 696 voluntatem,
2010 653 2218 692 respondetur
2237 654 2440 685 concedendo
2467 655 2507 685 ad

1448 694 1571 724 bonum
1594 704 1733 731 sensum,
1755 695 1834 726 sicut
1853 703 1957 735 potest
1978 696 2132 736 virginem
2156 707 2307 737 reparare.
2331 698 2391 729 Sed
2414 708 2506 738 nega-

1449 744 1499 768 tur
1522 738 1579 768 ista
1603 739 1740 779 sequela,
1761 739 1840 770 circa
1863 750 1960 780 quam
1976 750 2042 770 non
2065 741 2212 780 cogitavit
2230 741 2354 778 Scotus‚
2371 742 2505 774 scilicet:

1449 782 1559 812 Homo
1577 782 1685 822 lapsus
1709 789 1756 813 est
1777 791 1936 823 reparatus
1952 784 1991 814 ad
2010 784 2228 815 rectitudinem
2249 785 2424 816 naturalem
2440 786 2506 817 sine

1448 826 1545 864 gratia
1568 832 1693 865 gratum
1716 826 1858 862 faciente,
1882 827 1967 866 Ergo
1991 837 2057 858 non
2080 835 2127 859 est
2153 829 2186 858 in
2213 836 2342 869 peccato
2370 831 2505 861 mortali.

1449 869 1515 900 Stat
1537 879 1676 910 namque
1699 871 1787 910 quod
1810 871 1912 910 prima
1935 871 2068 910 privatio
2092 872 2286 903 rectitudinis
2302 874 2452 904 naturalis
2467 874 2506 906 sit

1449 914 1587 953 expulsa,
1604 921 1635 944 et
1650 914 1796 950 secunda,
1814 914 1930 944 scilicet
1943 915 2135 946 rectitudinis
2150 917 2294 953 caritatis,
2309 919 2503 954 remanserit;

1449 967 1485 987 ac
1508 967 1564 997 per
1586 957 1648 988 hoc
1671 958 1853 989 remanserit
1876 959 1956 988 obex
1980 959 2115 994 caritati,
2140 957 2196 1000 qui
2218 970 2284 990 non
2308 968 2372 991 erat
2394 962 2427 991 in
2450 962 2506 992 ho—

1450 1001 1534 1031 mine
1551 1008 1722 1042 antequam
1736 1001 1903 1032 laberetur.
1920 1002 1986 1031 Iam
2003 1002 2088 1032 enirn
2103 1003 2224 1033 dictum
2240 1004 2314 1034 est*
2330 1006 2417 1045 quod
2433 1016 2504 1046 pec-

1450 1051 1555 1075 catum
1571 1045 1704 1076 mortale
1720 1045 1853 1076 includit
1867 1046 1962 1075 talem
1975 1046 2198 1085 privationem:
2219 1047 2320 1078 immo
2335 1048 2410 1079 haec
2422 1049 2504 1089 prin-

1450 1088 1588 1129 cipaliter
1612 1089 1774 1120 constituit
1796 1096 1961 1129 peccatum
1984 1091 2126 1121 mortale.
2155 1091 2265 1122 Patent
2287 1092 2363 1122 haec
2387 1093 2504 1129 omnia,

1449 1132 1474 1163 si
1494 1143 1653 1172 ponamus
1676 1134 1764 1174 quod
1779 1133 1880 1164 homo
1895 1133 1928 1163 in
1951 1134 2145 1165 naturalibus
2162 1143 2292 1172 creatus,
2308 1146 2374 1166 non
2396 1147 2506 1176 pecca-

1448 1177 1526 1207 verit
1549 1177 1706 1207 deviando
1730 1188 1747 1208 a
1770 1177 1963 1208 naturalium
1980 1185 2223 1219 praeceptorum
2238 1180 2433 1217 rectitudine,
2450 1181 2504 1211 sed

1450 1221 1605 1251 deviando
1630 1232 1647 1251 a
1670 1221 1843 1262 praeceptis
1870 1221 1953 1252 fidei.
1979 1222 2073 1252 Tunc
2101 1230 2230 1263 apparet
2257 1231 2288 1254 et
2314 1225 2403 1265 quod
2433 1235 2507 1256 cum

1449 1264 1634 1295 rectitudine
1654 1265 1844 1296 naturalium
1863 1272 1923 1296 stat
1941 1273 2107 1306 peccatum
2123 1267 2268 1303 mortale;
2293 1274 2323 1298 et
2341 1275 2507 1308 peccatum

1449 1309 1580 1340 mortale
1599 1319 1636 1339 ex
1659 1309 1862 1349 oppositione
1885 1310 1925 1339 ad
1948 1310 2082 1341 caritatis
2106 1311 2326 1342 rectitudinem
2349 1312 2508 1353 principa-

1447 1353 1518 1384 liter
1539 1353 1685 1384 sumitur.

1506 1397 1597 1428 Unde
1621 1404 1707 1437 patet
1729 1397 1893 1437 responsio
1910 1398 1949 1428 ad
1968 1398 2086 1428 omnia.
2109 1399 2194 1435 Quia
2216 1398 2330 1429 falsum
2354 1408 2400 1431 est
2419 1402 2507 1441 quod

1449 1449 1576 1481 peccato
1605 1441 1731 1472 mortali
1755 1448 1937 1481 opponatur
1965 1448 2029 1472 tam
2058 1442 2212 1473 rectitudo
2240 1444 2387 1474 naturalis
2410 1455 2508 1485 quarn

1447 1485 1554 1525 gratia,
1577 1485 1703 1526 proprie
1722 1485 1897 1526 loquendo.
1915 1485 2078 1522 Quoniam
2101 1486 2255 1517 rectitudo
2271 1488 2420 1518 naturalis
2442 1499 2507 1519 non

1449 1529 1507 1559 nisi
1518 1529 1611 1559 alicui
1627 1529 1764 1565 mortali,
1781 1529 1898 1560 scilicet
1914 1536 2023 1560 contra
2038 1537 2202 1570 praecepta
2215 1531 2377 1568 naturalia,
2394 1532 2507 1562 directe

1449 1573 1638 1613 opponitur:
1663 1580 1694 1604 et
1716 1573 1810 1604 etiam
1834 1573 2033 1613 imperfecte,
2058 1574 2132 1614 quia
2156 1574 2228 1614 plus
2252 1575 2352 1614 privat
2375 1577 2507 1606 mortale

1448 1627 1545 1658 quam
1569 1617 1753 1648 rectitudine
1776 1618 1918 1648 naturali.
1943 1618 2048 1648 Habet
2070 1618 2155 1648 enim
2179 1628 2211 1649 se
2238 1619 2393 1650 rectitudo
2417 1627 2507 1650 natu-

1447 1661 1518 1692 ralis
1535 1662 1575 1691 ad
1590 1661 1721 1701 gratiam
1745 1668 1775 1692 et
1798 1661 1935 1701 culpam,
1960 1671 2025 1691 non
2042 1668 2077 1692 ut
2091 1662 2219 1693 tertium
2240 1663 2436 1703 oppositum,
2454 1672 2508 1694 aut

1447 1705 1590 1736 medium
1605 1715 1661 1746 per
1676 1705 1960 1745 participationem,
1982 1705 2062 1736 inter
2077 1715 2158 1746 quae
2175 1713 2221 1737 est
2236 1707 2381 1743 mutatio,
2398 1708 2452 1738 sed
2474 1715 2508 1738 ut

1447 1749 1590 1780 medium
1606 1758 1662 1790 per
1677 1749 1933 1789 abnegationem:
1958 1749 2033 1790 quia
2054 1756 2203 1780 neutrum
2225 1750 2366 1787 includit,
2387 1758 2418 1782 et
2434 1762 2507 1782 curn

1448 1800 1584 1834 utroque
1613 1799 1687 1829 stat;
1712 1799 1747 1824 ut
1773 1800 1858 1833 patet
1881 1793 1913 1823 in
1936 1793 2053 1833 angelis
2077 1793 2102 1823 si
2126 1804 2191 1824 non
2219 1802 2426 1834 peccaverunt
2449 1795 2507 1826 nisi

1448 1847 1503 1877 per
1525 1844 1704 1878 respectum
1727 1837 1766 1867 ad
1790 1847 1826 1867 ea
1849 1847 1930 1877 quae
1954 1844 2028 1867 sunt
2049 1837 2176 1876 gratiae.
2199 1838 2240 1868 Et
2262 1838 2324 1869 hoc
2347 1839 2418 1869 dico
2445 1839 2508 1870 for-

1448 1881 1585 1917 maliter,
1611 1891 1676 1911 non
1701 1881 1841 1912 curando
1865 1881 1904 1911 de
1927 1880 2038 1912 effectu
2069 1891 2135 1922 quo
2159 1891 2195 1912 ex
2218 1889 2347 1922 peccato
2377 1883 2508 1923 punitur

1449 1932 1593 1966 peccator
1615 1925 1649 1955 in
1672 1925 1876 1956 naturalibus.

1503 1970 1569 2000 Nec
1593 1969 1708 1999 fallaris
1730 1969 1763 1999 in
1786 1969 1844 2000 hac
1867 1979 1912 2005 re,
1937 1970 2129 2000 transeundo
2153 1970 2191 1999 de
2215 1969 2400 2000 rectitudine
2415 1978 2507 2001 natu-

1450 2013 1504 2043 rali
1524 2013 1562 2043 ad
1586 2013 1810 2049 innocentiam,
1828 2013 1918 2053 quasi
1935 2023 1993 2053 pro
2010 2013 2123 2043 eodem
2139 2014 2257 2044 utendo
2275 2014 2408 2044 eisdem:
2433 2025 2507 2055 nam

1449 2067 1582 2097 magnus
1607 2063 1686 2087 esset
1710 2066 1805 2087 error.
1824 2056 1908 2094 Quia
1930 2057 2037 2097 lapsus
2061 2057 2147 2087 nulla
2166 2057 2307 2097 potentia
2330 2065 2434 2098 potest
2457 2068 2503 2088 re-

1450 2101 1535 2132 stitui
1560 2101 1599 2131 ad
1621 2101 1845 2135 innocentiam.
1870 2101 1944 2142 quia
1967 2111 2033 2131 non
2049 2100 2115 2131 fieri
2131 2107 2236 2141 potest
2251 2102 2339 2142 quod
2355 2112 2421 2132 non
2437 2113 2507 2142 pec-

1450 2145 1577 2181 caverit,
1602 2151 1756 2185 repugnat
1779 2145 1865 2175 enim
1888 2145 2086 2175 innocentiae
2107 2154 2270 2185 peccasse:
2295 2146 2439 2186 quamvis
2462 2156 2507 2177 re-

1451 2189 1537 2220 stitui
1561 2196 1668 2229 posset
1690 2189 1731 2219 ad
1752 2189 1973 2219 rectitudinem
1996 2189 2180 2220 naturalem.
2206 2190 2297 2220 Unde
2321 2190 2346 2220 si
2367 2190 2507 2221 restitue-

1450 2240 1535 2264 retur
1557 2233 1597 2263 ad
1620 2232 1715 2263 talem
1737 2232 1958 2263 rectitudinem
1980 2234 2100 2274 absque
2122 2233 2229 2273 gratia,
2249 2234 2352 2264 adhuc
2368 2240 2456 2270 esset,
2474 2242 2509 2265 ut

1451 2278 1572 2308 dictum
1595 2284 1658 2313 est,
1682 2276 1714 2307 in
1738 2283 1866 2317 peccato
1890 2277 2026 2313 mortali,
2052 2284 2181 2318 propter
2204 2277 2291 2308 inam
2314 2277 2508 2308 aversionem

1451 2321 1639 2357 derelictam,
1657 2330 1738 2362 quae
1754 2321 1820 2351 sola
1839 2320 1937 2360 gratia
1953 2320 2106 2357 aufertur;
2123 2331 2205 2361 quae
2221 2331 2286 2351 non
2302 2328 2347 2352 est
2362 2332 2507 2362 compos-

1451 2365 1548 2395 sibilis
1567 2364 1774 2401 innocentiae,
1800 2374 1856 2395 nec
1880 2371 1926 2395 est
1947 2364 1980 2395 in
2003 2365 2134 2396 homine
2152 2365 2184 2395 in
2201 2365 2287 2405 puris
2303 2366 2505 2398 naturalibus.

1505 2409 1588 2440 XIII.
1613 2409 1647 2439 In
1671 2408 1878 2448 responsione
1902 2409 1941 2438 ad
1970 2409 2146 2439 secundum
2169 2409 2201 2439 in
2226 2410 2340 2440 eodem
2368 2411 2507 2440 secundo

1451 2453 1593 2489 articulo,
1613 2453 1738 2483 adverte
1760 2452 1823 2483 hoc
1838 2459 2061 2492 argumentum
2085 2463 2152 2483 esse
2168 2453 2304 2483 radicem
2327 2453 2508 2493 phantasiae

1451 2497 1602 2533 Scoticae,
1617 2496 1650 2526 in
1665 2507 1716 2526 xlv
1732 2496 1931 2527 distinctione
1947 2497 2059 2534 Quarti
2072 2496 2100 2533 ἦ
2121 2496 2274 2527 afferentis
2292 2497 2508 2537 Augustinum

1450 2551 1548 2581 super
1562 2541 1680 2572 Psalm.
1696 2539 1728 2570 ἐ
1750 2540 1872 2578 Videre,
1893 2540 2011 2581 inquit,
2034 2541 2137 2571 Deum
2154 2546 2299 2581 peccata,
2321 2546 2367 2572 est
2379 2541 2423 2572 ad
2431 2551 2508 2582 poe-

1452 2595 1526 2615 nam
1551 2586 1726 2625 imputare:
1748 2589 1894 2615 avertere
1915 2589 2022 2615 autem
2042 2584 2165 2625 faciem
2189 2595 2209 2615 a
2227 2586 2378 2625 peccatis,
2399 2591 2446 2616 est
2467 2586 2510 2616 ad

1445 2639 1585 2670 poenam
1609 2638 1647 2659 ea
1664 2638 1727 2659 non
1747 2638 1924 2659 reservare.
1941 2629 1983 2659 Et
2000 2635 2076 2659 nota
2092 2638 2189 2669 quam
2211 2628 2368 2668 profunde
2388 2631 2510 2659 Auctor

1452 2673 1513 2703 hoc
1537 2672 1687 2708 eradicet,
1712 2682 1786 2703 cum
1809 2672 1960 2712 exemplis
1983 2679 2014 2703 et
2036 2672 2190 2702 similibus
2212 2672 2348 2703 inductis
2371 2683 2389 2702 a
2412 2673 2508 2703 Scoto

1451 2717 1578 2752 ibidem,
1603 2717 1681 2746 dum
1704 2716 1779 2746 dicit
1801 2716 1888 2758 quod
1913 2716 2039 2747 dilecu'o
2062 2716 2121 2747 Dei
2145 2726 2208 2756 qua
2231 2726 2290 2746 nos
2315 2716 2424 2756 diligit,
2443 2727 2508 2751 non

1453 2760 1595 2792 consistit
1621 2760 1654 2790 in
1678 2760 1748 2791 solo
1780 2766 1850 2791 actu
1879 2759 2069 2796 dilectionis,
2093 2760 2146 2790 sed
2168 2760 2201 2790 in
2226 2760 2350 2796 effectu;
2375 2767 2405 2791 et
2429 2771 2509 2801 quo-

1453 2805 1540 2835 niam
1563 2803 1813 2844 non-imputatio
1837 2814 1873 2834 ex
1889 2803 2056 2835 dilectione
2075 2804 2228 2844 provenit,
2253 2803 2398 2834 effectum
2414 2814 2508 2844 opor-

1452 2856 1496 2880 tet
1518 2848 1551 2879 in
1574 2848 1666 2879 nobis
1690 2857 1808 2888 ponere
1830 2847 2016 2878 huiusmodi
2039 2847 2344 2888 non-imputationis.

1507 2893 1548 2923 Et
1570 2897 1632 2932 per
1650 2892 1713 2922 hoc
1741 2891 1877 2922 excludit
1900 2891 1975 2922 duo.
2006 2891 2131 2927 Primo,
2156 2891 2245 2932 quod
2267 2891 2339 2922 licet
2360 2892 2508 2923 voluntas

1453 2937 1558 2967 divina
1581 2935 1748 2976 dupliciter
1769 2935 1870 2975 possit
1893 2936 2067 2976 comparari
2084 2936 2123 2965 ad
2140 2942 2322 2971 creaturam,
2342 2936 2460 2967 scilicet
2475 2943 2509 2966 ut

1454 2981 1614 3011 obiectum
1637 2986 1667 3010 et
1690 2986 1726 3011 ut
1748 2979 1903 3016 effectum,
1924 2986 1969 3010 est
1988 2979 2073 3009 enirn
2089 2979 2127 3009 ab
2143 2989 2179 3009 ea
2194 2986 2224 3010 et
2238 2979 2335 3010 volita
2359 2987 2389 3010 et
2411 2980 2507 3016 facta;

1454 3032 1484 3056 et
1506 3035 1573 3055 esse
1595 3024 1732 3055 volitum
1760 3023 1924 3063 praecedat
1947 3033 2013 3053 esse
2037 3023 2169 3059 factum,
2194 3023 2269 3064 quia
2290 3023 2371 3053 illud
2393 3030 2439 3055 est
2461 3034 2509 3054 ae-

1453 3076 1594 3104 ternum,
1617 3068 1679 3098 hoc
1702 3067 1892 3107 temporale:
1917 3066 1995 3097 nihil
2018 3074 2124 3097 tamen
2154 3074 2200 3098 est
2225 3066 2362 3097 volitum
2389 3075 2419 3098 et
2443 3077 2508 3098 non

1453 3113 1571 3143 factum
1588 3113 1626 3142 ab
1642 3121 1680 3141 eo
1695 3111 1751 3151 qui
1766 3120 1983 3151 quaecumque
1997 3111 2107 3148 voluit,
2113 3110 2199 3152 fecit
2211 3110 2238 3141 *.
2259 3111 2300 3141 Et
2314 3121 2388 3142 cum
2404 3111 2509 3142 omnis
2540 3121 2550 3130 ·

1452 3156 1563 3187 volitio
1595 3155 1720 3185 dilectio
1749 3155 1906 3195 quaedam
1929 3154 1985 3192 sit,
2009 3154 2088 3184 nihil
2111 3161 2157 3185 est
2179 3155 2329 3185 dilectum
2352 3155 2412 3185 nisi
2435 3165 2509 3186 cum

1453 3200 1572 3230 effectu.
1596 3202 1643 3229 Ac
1662 3209 1717 3239 per
1739 3198 1802 3229 hoc
1822 3198 1964 3229 Socrates
1983 3198 2039 3239 qui
2057 3199 2207 3238 peccavit,
2230 3198 2256 3229 si
2279 3205 2326 3230 est
2345 3209 2364 3229 a
2378 3199 2448 3230 Deo
2465 3199 2509 3230 di—

1452 3244 1551 3274 lectus
1575 3250 1605 3274 et
1628 3252 1695 3273 non
1718 3242 1854 3283 imputet
1876 3242 1904 3272 ei
1927 3249 2109 3282 peccatum,
2134 3242 2280 3274 effectum
2304 3250 2432 3283 oportet
2454 3244 2508 3274 ali·

1453 3297 1550 3328 quem
1565 3287 1598 3317 in
1622 3297 1659 3317 eo
1679 3296 1797 3327 ponere
1816 3285 1911 3317 huius
1930 3286 2102 3317 voluntatis
2121 3286 2254 3317 divinae.
2278 3287 2319 3318 Et
2334 3287 2508 3318 secundum

1452 3331 1537 3361 hunc
1561 3330 1707 3361 effectum
1730 3330 1844 3361 dicitur
1865 3330 1952 3361 Deus
1975 3336 2121 3361 avertere
2134 3330 2258 3371 faciem
2275 3341 2296 3361 a
2307 3333 2458 3371 peccatis,
2479 3339 2510 3361 et

1454 3385 1516 3405 non
1541 3384 1708 3405 reservare
1731 3384 1768 3404 ea
1791 3374 1835 3405 ad
1851 3384 2000 3414 poenam.

1511 3418 1668 3454 Secundo,
1688 3418 1776 3459 quod
1800 3428 1865 3448 non
1890 3425 1935 3448 est
1958 3418 2058 3448 simile
2075 3418 2113 3448 de
2136 3418 2302 3449 dilectione
2318 3425 2349 3449 et
2371 3419 2508 3448 non-im-

1453 3463 1618 3503 putatione
1645 3462 1785 3492 hominis
1809 3468 1839 3492 et
1862 3462 1935 3492 Dei:
1960 3462 2035 3503 quia
2057 3462 2198 3493 humana
2221 3462 2362 3493 consistit
2383 3462 2414 3492 in
2439 3462 2507 3492 solo

1454 3513 1524 3537 actu
1549 3506 1705 3546 diligentis
1729 3513 1759 3537 et
1783 3506 2058 3546 non-imputantis,
2083 3506 2187 3536 divina
2212 3517 2286 3537 non.

2534 268 2545 279 ⁶
2559 267 2594 290 ef.
2609 273 2672 290 num.
2688 273 2720 289 rx.

2531 1016 2541 1026 ·
2555 1015 2626 1038 Num.
2641 1022 2677 1038 ιιι.

2538 2508 2546 2515 ”
2561 2508 2613 2528 Art.
2627 2513 2644 2528 1.

2537 2556 2545 2564 ·
2566 2554 2670 2576 Eum-rat.
2689 2561 2706 2576 n
2725 2555 2749 2576 in

2538 2581 2749 2607 Psalm.xxxi,vers.

2538 2614 2544 2629 ι
2561 2614 2596 2635 sq.

2576 3120 2661 3142 Psalm.
2683 3125 2748 3145 extu,

2537 3153 2597 3168 vers.
2614 3153 2643 3176 ιις
2659 3152 2748 3173 cxxxiv,

2537 3179 2596 3194 vers.
2613 3176 2635 3195 o.
