2840 4010
73 807 81 815 ·
90 806 124 827 Cf.
151 812 172 827 u.
182 812 275 827 Lxxxvn

73 813 160 854 lun-03.

72 3312 83 3322 ⁸
89 3311 283 3334 'rimemur-ef.

72 3338 184 3365 Magiam,
192 3338 213 3360 11
218 3338 283 3360 Sene.

73 3364 126 3386 dist.
137 3370 193 3386 xm.

326 173 393 210 132

953 171 1218 218 QUAESTIO
1249 171 1495 215 LXXXVIII,
1525 171 1820 210 ARTICULUS
1851 175 1864 209 I

750 352 1161 430 QUAESTIO
1201 351 2061 442 OCTOGESIMAOCTAVA

853 480 936 520 DE
969 480 1251 521 PECCATO
1285 481 1534 522 VENIALI
1569 482 1646 523 ET
1680 481 1956 522 MORTALI

1155 595 1189 620 ΙΝ
1217 596 1283 621 SEX
1309 595 1510 621 ARTICULOS
1538 597 1654 621 DIVISA

315 702 514 783 Damon,
535 688 630 740 ,quia
658 696 857 738 peccatum
882 689 1031 726 veniale
1059 698 1094 726 et
1121 691 1281 727 mortale
1302 690 1374 726 dis-

396 744 616 792 tinguuntur
634 741 846 779 secundum
865 742 1032 789 sreatum,
1055 742 1374 780 considerandum
1426 769 1431 774 .

277 822 283 833 ‚
314 805 367 834 est
388 797 435 834 de
464 797 515 833 eis
535 796 565 832 ²¹³.
587 797 636 832 Et
658 795 795 844 primo,
818 795 1139 833 considerandum
1169 803 1224 832 est
1243 795 1290 832 de
1309 807 1374 831 ve-

312 850 399 887 niali
426 849 860 899 perxcomparationem
889 849 938 886 ad
967 850 1147 894 mortale;
1178 847 1347 885 secundo
1363 877 1372 896 ‚

223 917 254 932 1¹·
312 903 360 941 de
387 902 526 940 veniali
555 903 767 940 secundum
796 914 836 939 se
864 901 894 939 *.

277 968 281 972 ·
312 956 421 993 Circa
449 955 617 1005 primum
646 963 879 1005 quaeruntur
907 967 982 991 sex.

363 1009 515 1046 Primo:
544 1017 672 1046 utrum
700 1009 848 1046 veniale
867 1015 1069 1056 peccatum
1100 1006 1372 1044 convenienter

419 1062 609 1100 dividatur
638 1069 768 1098 contra
796 1062 968 1098 mortale.

366 1116 565 1153 Secundo:
595 1124 723 1152 utrum
753 1114 1027 1162 distinguantur
1054 1124 1203 1161 genere.

1484 689 1635 726 Tertio:
1666 697 1792 727 utrum
1821 691 1969 728 veniale
1993 698 2192 740 peccatum
2222 690 2267 727 sit
2295 690 2491 739 dispositio

1537 748 1586 785 ad
1615 749 1786 786 mortale.

1484 809 1651 855 Quarto:
1681 816 1810 846 utrum
1837 809 1986 847 veniale
2023 818 2222 859 peccatum
2254 810 2374 859 possit
2406 809 2491 848 fieri

1535 869 1706 905 mortale.

1482 926 1646 974 Quinto:
1677 934 1803 964 utrum
1825 927 2103 965 circumstantia
2132 941 2342 977 aggravans
2368 928 2489 979 possit

1533 989 1579 1026 de
1609 989 1747 1026 veniali
1774 996 1933 1038 peccato
1962 990 2086 1027 facere
2115 992 2287 1028 mortale.

1481 1052 1617 1088 Sexto:
1657 1058 1784 1087 utrum
1817 1057 2018 1099 peccatum
2054 1053 2214 1098 mortale
2251 1052 2372 1102 possit
2405 1051 2488 1090 fieri

1532 1112 1693 1150 veniale.

1122 1221 1440 1263 ARTICULUS
1472 1221 1678 1264 PRIMUS

553 1325 709 1356 UTRUM
732 1323 920 1355 VENIALE
943 1322 1182 1355 PECCATUM
1207 1322 1548 1354 CONVENIENTER
1570 1322 1811 1354 mva‘rUR
1835 1321 2015 1354 CONTRA
2038 1322 2250 1354 MORTALE

507 1405 602 1436 Supra,
621 1412 664 1436 qu.
684 1410 763 1432 Lxxxx,
784 1408 830 1428 art.
852 1402 879 1433 5;
898 1403 918 1427 Il
939 1403 1030 1431 Sem„
1051 1385 1111 1427 dist.
1129 1409 1194 1433 xm,
1214 1409 1259 1434 qu.
1277 1408 1295 1430 1.
1315 1405 1361 1426 art.
1382 1401 1396 1426 3
1404 1409 1411 1432 3
1431 1402 1462 1426 111
1484 1402 1562 1427 Cont.
1584 1403 1676 1431 Gent.,
1698 1409 1753 1434 cap.
1773 1408 1878 1432 ωαψς
1899 1401 1942 1426 De
1959 1401 2049 1433 Malo,
2064 1409 2113 1435 qu.
2133 1409 2182 1434 vu,
2202 1408 2248 1428 art.
2271 1411 2294 1428 1.

359 1536 368 1543 ,
393 1512 399 1524 ι
425 1520 466 1544 ,4
500 1492 542 1529 ‘D
571 1504 708 1529 PRIMUM
737 1504 790 1529 sm
819 1503 1059 1529 PROCEDiTUR.
1087 1490 1246 1527 Videtur
1266 1490 1373 1538 quod

368 1544 381 1565 ·”
432 1538 490 1595 ’ζ
520 1545 668 1583 veniale
688 1553 889 1594 peccatum
918 1557 997 1581 non
1019 1543 1291 1581 convenienter
1320 1542 1372 1580 di-

385 1615 446 1645 an,
466 1603 487 1646 ἦ
500 1596 671 1635 vidatur
691 1606 821 1635 contra
850 1599 1022 1635 mortale.
1044 1597 1144 1634 Dicit
1174 1597 1276 1634 enim
1294 1598 1372 1633 Au-

364 1628 461 1686 §2³33
476 1643 702 1699 Kgustinus,
724 1652 830 1688 XXII
852 1652 947 1688 libro
973 1652 1114 1688 Contra
1132 1652 1314 1687 Faustum
1334 1649 1371 1686 *ε

308 1707 507 1742 Peccatum
542 1710 596 1741 est
620 1705 759 1741 dictum
789 1705 848 1741 vel
867 1706 1021 1752 factum
1049 1704 1109 1741 vel
1135 1704 1373 1752 concupitum

310 1764 441 1795 contra
469 1758 591 1807 Iegem
629 1764 835 1795 aeternam.
864 1758 940 1794 Sed
971 1770 1052 1794 esse
1091 1765 1222 1794 contra
1249 1759 1373 1804 legem

311 1819 505 1848 aeternam
533 1816 560 1858 α,
592 1810 656 1847 dat
682 1818 839 1860 peccato
869 1811 974 1860 quod
1003 1811 1048 1847 sit
1078 1811 1248 1847 mortale.
1271 1811 1373 1858 Ergo

311 1876 427 1901 omne
446 1872 647 1912 peccatum
669 1872 723 1901 est
751 1865 923 1901 mortale.
945 1865 1038 1900 Non
1058 1864 1147 1911 ergo
1173 1871 1373 1912 peccatum

309 1917 459 1955 veniale
490 1917 669 1954 dividitur
698 1925 829 1954 contra
859 1918 1030 1954 mortale.

366 1983 400 2007 2.
421 1971 655 2018 PRAETEREA,
675 1971 883 2019 Apostolus
913 1970 1010 2017 dicit,
1034 1972 1047 2006 1
1070 1971 1168 2007 Cor.
1189 1982 1213 2006 x
1231 1969 1269 2007 *ε
1290 1970 1376 2007 Sive

310 2024 556 2071 manducatis,
586 2025 663 2061 sive
690 2024 810 2060 bibitis
833 2023 859 2069 β,
879 2024 957 2061 sive
984 2024 1127 2072 aliquid
1152 2023 1258 2060 aliud
1272 2023 1374 2071 saci-

309 2077 364 2123 tis,
386 2078 513 2113 omnia
543 2078 579 2114 in
607 2077 773 2127 gloriam
793 2078 868 2114 Dei
890 2078 1017 2124 facite.
1043 2077 1121 2114 Sed
1150 2084 1281 2114 contra
1299 2077 1374 2114 hoc

308 2138 556 2179 praeceptum
591 2130 678 2167 facit
711 2131 944 2180 quicumque
976 2138 1128 2179 peccat:
1159 2142 1237 2167 non
1270 2130 1372 2167 enim

309 2191 509 2232 peccatum
536 2184 580 2220 fit
606 2191 762 2232 propter
786 2184 945 2232 gloriam
973 2183 1057 2221 Dei.
1081 2184 1181 2220 Cum
1211 2195 1300 2231 ergo
1320 2183 1373 2221 fa-

311 2249 395 2273 cere
434 2244 564 2273 contra
600 2245 848 2286 praeceptum
878 2237 924 2273 sit
951 2244 1152 2286 peccatum
1191 2238 1370 2285 mortale,

310 2290 461 2328 videtur
476 2290 581 2338 quod
596 2290 829 2338 quicumque
845 2298 988 2339 peccat,
1006 2290 1215 2327 mortaliter
1228 2298 1370 2340 peccet.

366 2344 399 2380 3.
421 2343 653 2390 PRAETEREA,
674 2343 910 2392 quicumque
938 2355 1071 2380 amore
1099 2343 1209 2380 alicui
1238 2343 1291 2381 rei
1316 2343 1370 2381 in-

310 2397 452 2443 haeret,
468 2396 636 2433 inhaeret
651 2397 684 2433 ei
704 2397 765 2433 vel
787 2397 882 2434 sicut
897 2397 1036 2444 fruens,
1051 2397 1114 2433 vel
1129 2397 1224 2434 sicut
1240 2403 1371 2444 utens;

169 2459 203 2481 ¹¹¹»
220 2460 251 2476 Π·
309 2457 351 2486 ut
369 2456 472 2498 patet
490 2461 559 2498 per
577 2450 848 2497 Augustinum,
878 2450 916 2486 in
937 2451 950 2486 Ι
978 2450 1023 2486 de
1041 2451 1172 2487 Doctr.
1198 2450 1331 2488 Christ.
1350 2449 1372 2477 ¹*

311 2502 389 2540 Sed
417 2503 540 2539 nullus
569 2515 732 2551 peccans
769 2502 941 2540 inhaeret
969 2504 1073 2540 bono
1108 2500 1370 2541 commutabili

310 2556 419 2604 quasi
447 2563 577 2592 utens:
607 2559 685 2593 non
715 2555 816 2593 enim
846 2557 958 2593 refert
989 2556 1114 2605 ipsum
1145 2556 1195 2593 ad
1222 2556 1370 2594 bonum

310 2610 415 2658 quod
444 2621 514 2645 nos
543 2610 676 2645 beatos
705 2609 802 2655 facit,
830 2609 935 2657 quod
963 2609 1116 2658 proprie
1146 2617 1202 2646 est
1228 2610 1302 2658 uti,
1331 2617 1372 2647 ut

309 2662 542 2710 Augustinus
563 2661 651 2698 dicit
669 2662 823 2699 ibidem.
847 2663 948 2710 Ergo
975 2663 1207 2711 quicumque
1225 2671 1371 2712 peccat,

309 2715 442 2752 fruitur
469 2715 573 2751 bono
594 2715 868 2752 commutabili.
892 2715 969 2752 Sed
981 2716 1073 2764 frui
1099 2717 1210 2753 rebus
1230 2717 1372 2754 utendis

309 2774 363 2805 est
388 2770 556 2805 humana
578 2769 814 2816 perversitas,
836 2776 877 2805 ut
899 2769 1132 2816 Augustinus
1152 2769 1251 2816 dicit,
1272 2769 1310 2806 in
1330 2769 1370 2806 li-

310 2822 380 2858 bro
414 2822 611 2871 Octoginta
630 2821 743 2858 trium
777 2821 925 2863 Quaest.
946 2821 966 2842 '³‘
986 2822 1084 2858 Cum
1106 2834 1194 2870 ergo
1217 2834 1370 2871 perver-

310 2874 398 2911 sitas
426 2882 627 2923 peccatum
657 2875 817 2911 mortale
846 2874 1016 2911 nominet
1038 2880 1065 2922 Υ,
1086 2874 1237 2912 videtur
1264 2875 1371 2924 quod

310 2928 543 2976 quicumque
571 2935 716 2976 peccat,
737 2927 945 2972 mortaliter
972 2935 1115 2976 peccet.

362 2993 398 3027 4.
421 2982 653 3027 PRAETEREA,
671 2980 904 3029 quicumque
925 2981 1070 3018 accedit
1090 2981 1138 3018 ad
1159 2993 1279 3018 unum
1299 2989 1370 3018 ter-

311 3034 469 3081 minum,
491 3046 535 3070 ex
555 3034 630 3070 hoc
649 3034 731 3082 ipso
762 3033 899 3070 recedit
925 3035 972 3071 ab
994 3034 1078 3071 alio.
1101 3034 1177 3071 Sed
1198 3034 1370 3083 quicum-

311 3099 384 3134 que
405 3095 548 3135 peccat,
565 3087 710 3124 accedit
730 3087 779 3124 ad
799 3087 945 3124 bonum
967 3087 1250 3125 commutabile.
1267 3088 1369 3135 Ergo

312 3140 450 3176 recedit
470 3153 492 3176 a
520 3141 624 3177 bono
645 3140 961 3177 incommutabili.
984 3141 1086 3188 Ergo
1106 3148 1240 3189 peccat
1267 3152 1371 3177 mor-

311 3192 441 3229 taliter.
463 3193 553 3229 Non
580 3205 669 3241 ergo
699 3193 971 3230 convenienter
989 3201 1191 3242 peccatum
1219 3194 1370 3231 veniale

313 3253 443 3281 contra
471 3247 630 3282 mortale
660 3246 849 3283 dividitur.

366 3298 440 3334 SED
464 3310 608 3335 CONTRA
631 3311 697 3335 EST
725 3300 830 3347 quod
851 3300 1084 3347 Augustinus
1109 3299 1207 3346 dicit,
1227 3299 1266 3336 in
1291 3300 1371 3336 Ho-

312 3350 389 3387 mil.
411 3351 495 3387 XLI
515 3363 626 3398 super
645 3353 752 3389 Ioan.
775 3354 806 3399 *,
835 3353 938 3401 quod
958 3353 1099 3390 crimen
1120 3358 1174 3390 est
1190 3353 1292 3401 quod
1307 3353 1372 3390 da-

365 3465 391 3496 οι)
411 3465 494 3497 Iegem
514 3467 659 3489 aeternam.
678 3477 697 3484 -
715 3468 850 3489 aeternam
871 3466 953 3498 Iegem
974 3466 1004 3494 H,
1025 3466 1107 3498 Iegem
1128 3467 1212 3490 ceteri.

365 3498 390 3532 β)
405 3499 580 3528 manducatis,
594 3500 648 3524 sive
662 3499 756 3524 bibitis.
768 3513 786 3518 -
797 3501 1021 3525 manducaveritis
1031 3501 1085 3525 sive
1100 3501 1216 3526 biberitis
1227 3501 1301 3526 codd.
1313 3506 1337 3525 et
1346 3508 1371 3526 a.

1429 1491 1656 1527 mnationem
1681 1496 1857 1536 meretur,
1890 1490 2036 1526 veniale
2063 1495 2187 1527 autem
2211 1497 2267 1528 est
2287 1493 2388 1540 quod
2413 1504 2488 1530 non

1428 1549 1593 1580 meretur
1611 1544 1902 1580 damnationem.
1932 1542 2009 1580 Sed
2029 1543 2174 1580 crimen
2201 1544 2376 1582 nominat
2401 1557 2488 1594 pec-

1429 1604 1556 1633 catum
1594 1597 1767 1633 mortale.
1797 1597 1899 1644 Ergo
1927 1595 2077 1633 veniale
2110 1604 2312 1645 peccatum
2347 1610 2489 1636 conve—

1428 1649 1574 1686 nienter
1603 1650 1780 1687 dividitur
1809 1656 1940 1686 contra
1968 1650 2141 1686 mortale.

1482 1704 1706 1739 RESPONDEO
1743 1714 1928 1739 meramnum
1966 1702 2072 1750 quod
2100 1701 2247 1751 aliqua,
2275 1705 2487 1742 secundum

1428 1757 1532 1804 quod
1559 1755 1712 1805 proprie
1742 1755 1986 1804 accipiuntur,
2011 1767 2090 1792 non
2113 1755 2292 1793 videntur
2319 1769 2402 1794 esse
2422 1769 2489 1806 op-

1427 1809 1564 1857 posita,
1585 1821 1684 1857 quae
1713 1808 1743 1845 si
1771 1808 2033 1857 metaphorice
2062 1808 2315 1857 accipiantur,
2345 1809 2490 1859 opponi

1428 1862 1688 1899 inveniuntur:
1718 1861 1813 1899 sicut
1841 1862 1962 1899 ridere
1981 1873 2061 1899 non
2088 1861 2296 1911 opponitur
2323 1863 2356 1900 ei
2384 1862 2490 1912 quod

1430 1922 1485 1951 est
1513 1927 1705 1961 arescere;
1734 1916 1802 1952 sed
1838 1915 2051 1952 secundum
2081 1915 2187 1964 quod
2218 1916 2341 1954 ridere
2369 1924 2489 1953 meta-

1427 1968 1583 2016 phorice
1609 1969 1655 2005 de
1683 1976 1793 2017 prato
1814 1968 1949 2005 dicitur
1974 1976 2131 2018 propter
2150 1968 2231 2006 eius
2257 1969 2488 2007 floritionem

1429 2029 1465 2058 et
1491 2022 1671 2068 virorem,
1700 2021 1906 2070 opponitur
1933 2021 1968 2058 ei
2001 2021 2107 2070 quod
2136 2029 2193 2058 est
2220 2033 2402 2060 arescere.
2433 2021 2490 2060 Si-

1428 2075 1562 2111 militer
1590 2075 1620 2112 si
1641 2075 1800 2112 mortale
1824 2075 1977 2124 proprie
1998 2074 2216 2124 accipiatur,
2236 2083 2350 2124 prout
2377 2076 2490 2114 refer-

1426 2135 1487 2165 tur
1516 2128 1565 2165 ad
1593 2136 1757 2165 mortem
1787 2129 2038 2177 corporalem,
2059 2140 2138 2166 non
2166 2128 2317 2166 videtur
2336 2129 2490 2178 opposi-

1426 2181 1571 2219 tionem
1600 2182 1742 2218 habere
1771 2194 1859 2218 cum
1887 2181 2040 2230 veniali,
2061 2194 2133 2219 nec
2161 2182 2211 2219 ad
2238 2182 2342 2220 idem
2370 2195 2489 2231 genus

1426 2235 1625 2283 pertinere.
1649 2235 1725 2272 Sed
1745 2234 1775 2271 si
1804 2235 1965 2271 mortale
1985 2235 2192 2284 accipiatur
2214 2236 2488 2285 metaphorice,

1426 2288 1638 2325 secundum
1668 2287 1773 2337 quod
1802 2287 1936 2325 dicitur
1964 2288 2002 2324 in
2029 2288 2206 2337 peccatis,
2231 2289 2392 2326 mortale
2421 2301 2506 2339 op-x

1425 2341 1578 2391 ponitur
1597 2341 1631 2378 ei
1651 2342 1754 2390 quod
1785 2349 1840 2378 est
1857 2341 2020 2379 veniale.

1480 2394 1580 2431 Cum
1617 2394 1719 2431 enim
1753 2402 1953 2442 peccatum
1988 2394 2034 2431 sit
2061 2394 2252 2443 quaedam
2288 2395 2488 2432 infirmitas

1424 2446 1593 2495 animae,
1622 2454 1664 2484 ut
1692 2459 1807 2496 supra
1834 2448 1855 2468 ³*
1881 2446 2054 2484 habitum
2088 2454 2164 2495 est,
2192 2455 2394 2496 peccatum
2422 2448 2488 2486 ali-

1425 2500 1531 2549 quod
1548 2501 1707 2537 mortale
1728 2500 1862 2538 dicitur
1884 2500 1934 2537 ad
1957 2500 2243 2538 similitudinem
2262 2501 2401 2549 morbi,
2422 2500 2487 2551 qui

1426 2553 1558 2591 dicitur
1584 2553 1752 2590 mortalis
1782 2566 1826 2591 ex
1855 2565 1900 2590 eo
1928 2553 2036 2601 quod
2054 2553 2199 2591 inducit
2222 2554 2413 2592 defectum
2439 2554 2487 2591 ir-

1425 2607 1675 2655 reparabilem
1705 2619 1774 2655 per
1801 2606 2083 2644 destitutionem
2112 2606 2268 2644 alicuius
2295 2606 2486 2656 principii,

1425 2667 1466 2696 ut
1495 2659 1636 2696 dictum
1668 2667 1722 2696 est
1739 2660 1770 2697 *.
1791 2659 2024 2708 Principium
2043 2667 2172 2697 autem
2201 2659 2403 2709 spiritualis
2430 2660 2488 2697 vi·
2513 2667 2524 2677 ·

1426 2721 1504 2759 tae,
1531 2725 1629 2761 quae
1659 2721 1714 2749 est
1752 2713 1964 2750 secundum
1995 2713 2197 2760 virtutem,
2226 2720 2281 2749 est
2309 2714 2405 2750 ordo
2439 2714 2487 2751 ad
2527 2708 2534 2715 ⁶

1425 2766 1601 2803 ultimum
1630 2766 1769 2813 finem,
1799 2774 1840 2803 ut
1868 2778 1983 2815 supra
2001 2765 2021 2788 ²⁸
2049 2766 2193 2803 dictum
2214 2773 2280 2803 est.
2302 2766 2488 2816 Qui-qui-

1427 2819 1515 2856 dem
1536 2819 1566 2856 si
1586 2819 1781 2856 destitutus
1805 2819 1924 2866 fuerit,
1954 2819 2120 2868 reparari
2148 2831 2227 2856 non
2263 2826 2389 2868 potest
2419 2832 2489 2868 per

1426 2872 1581 2921 aliquod
1608 2872 1836 2920 principium
1868 2872 2134 2920 intrinsecum,
2165 2872 2233 2909 sed
2266 2873 2390 2910 solum
2419 2884 2488 2922 per

1425 2926 1603 2963 virtutem
1641 2925 1830 2972 divinam,
1859 2933 1899 2962 ut
1927 2937 2042 2974 supra
2069 2925 2089 2947 '¹‘
2117 2925 2260 2963 dictum
2295 2925 2488 2975 est:'quia
2548 2932 2573 2962 Q

1426 2978 1723 3016 inordinationes
1752 2990 1886 3015 eorum
1915 2990 2013 3027 quae
2042 2986 2128 3015 sunt
2156 2978 2205 3016 ad
2224 2979 2355 3026 finem,
2381 2991 2489 3028 repa-

1427 3039 1555 3069 rantur
1569 3043 1615 3068 ex
1634 3031 1724 3080 fine,
1741 3031 1836 3068 sicut
1855 3043 1960 3068 error
1979 3031 2051 3079 qui·
2063 3031 2200 3069 accidit
2218 3031 2317 3069 circa
2337 3032 2488 3070 conclu-

1428 3085 1573 3132 siones,
1603 3097 1672 3134 per
1706 3084 1906 3122 veritatem
1935 3082 1948 3106 δ
1985 3084 2271 3134 principiorum.
2308 3085 2488 3123 Defectus

1427 3151 1517 3186 ergo
1547 3138 1688 3175 ordinis
1716 3137 1838 3175 ultimi
1865 3137 1952 3175 finis
1981 3150 2060 3175 non
2095 3145 2220 3187 potest
2247 3150 2316 3187 per
2347 3137 2488 3188 aliquid

1426 3192 1527 3229 aliud
1544 3191 1708 3240 reparari
1723 3191 1827 3240 quod
1842 3190 1889 3227 sit
1907 3190 2164 3240 principalius;
2185 3191 2281 3228 sicut
2294 3203 2366 3228 nec
2383 3202 2487 3228 error

1427 3245 1491 3294 qui
1521 3252 1575 3281 est
1604 3245 1702 3281 circa
1729 3244 1925 3293 principia.
1956 3245 2005 3281 Et
2032 3244 2119 3282 ideo
2148 3243 2367 3282 huiusmodi
2396 3255 2486 3292 pec-

1427 3306 1509 3335 cata
1533 3298 1707 3335 dicuntur
1735 3297 1918 3345 mortalia,
1939 3297 2045 3345 quasi
2065 3296 2329 3347 irreparabilia.
2349 3316 2374 3324 -
2394 3297 2486 3332 Pec-

1428 3359 1510 3388 cata
1538 3359 1665 3388 autem
1690 3363 1787 3400 quae
1816 3351 1956 3387 habent
1980 3350 2295 3388 inordinationem
2324 3348 2421 3386 circa
2442 3361 2486 3385 ea

1478 3466 1504 3499 γ)
1525 3465 1649 3490 nominet.
1667 3478 1686 3485 -
1704 3465 1854 3490 nominetur
1874 3464 1926 3488 PK.

1479 3500 1503 3533 ὃ)
1524 3501 1671 3526 veritatem.
1689 3513 1707 3519 —
1726 3500 1850 3525 virtutem
1870 3499 1967 3524 EFKL.

2514 2454 2562 2477 ἀί.
2569 2460 2608 2483 qu.
2614 2460 2675 2482 un.
2683 2457 2726 2476 nrt.

2514 2487 2530 2508 ι,
2541 2481 2569 2503 nd
2574 2487 2597 2510 3;
2605 2487 2646 2510 qu.
2653 2486 2725 2507 uni,

2513 2511 2556 2556 251¹:
2566 2513 2593 2563 ⁵9³,
2599 2513 2639 2556 ‘¹:21'
2648 2513 2725 2556 '33¹¹v'
