2840 4010
93 345 114 368 3·

94 794 102 803 ·
109 792 305 815 VideCommem.

94 819 168 842 Caiet.
174 823 228 846 post
235 823 278 841 art.
285 825 306 841 2.

101 2690 151 2714 ·Cf.
158 2694 200 2714 m.
207 2690 314 2718 praeced.

101 3162 315 3212 311113

261 3195 313 3210 1111.

99 2427 111 2439 ⁸
127 2426 177 2456 Qu.
185 2433 224 2455 μ,
238 2430 281 2450 nrt.
291 2433 311 2455 5.

1017 187 1282 233 QUAESTIO
1313 187 1416 234 0111,

386 262 498 293 XXIII.
520 263 553 293 In
578 263 783 314 responsione
800 265 839 294 ad
858 265 995 301 tertium,
1014 272 1089 295 nota
1105 266 1194 306 quod
1209 265 1308 305 magis
1325 275 1392 295 cor-

332 350 453 381 dictutn
469 358 523 387 est,
538 351 625 391 prius
640 362 737 392 quarn
758 352 934 383 intellectus
953 353 1157 383 infectionem
1178 352 1324 391 suscepit.
1344 352 1390 381 In-

1445 188 1740 225 ARTICULUS
1770 189 1818 224 111

1446 266 1587 297 tellectus
1611 273 1717 297 tamen
1741 267 1892 298 immunis
1921 277 1986 297 non
2011 274 2073 302 est,
2098 267 2150 296 sed
2175 267 2290 297 vulnus
2315 267 2507 306 ignorantiae

2433 190 2506 236 295

92 312 304 340 ·Qu.1.xxxn,m.
331 313 423 346 rupta
446 306 559 337 dicitur
582 317 653 347 pars
677 308 857 348 appetitiva,
882 309 956 349 quia
980 309 1137 345 voluntas,
1157 315 1194 339 ut
1216 308 1360 348 superius
1375 309 1393 328 *
1446 311 1592 350 suscepit,
1610 321 1676 351 quo
1699 311 1870 351 impeditur
1893 311 1992 341 homo
2017 321 2055 341 ne
2080 311 2119 340 sit
2137 311 2273 341 totaliter
2296 312 2433 350 prudens
2454 321 2509 350 per

1446 364 1501 383 sua
1525 355 1686 386 naturalia.

1138 503 1453 546 ARTICULUS
1483 507 1710 548 TERTIUS

411 591 567 622 UTRUM
590 591 720 623 110Μο
743 591 890 622 POSSIT
913 590 1115 621 DILIGERE
1139 591 1262 622 DEUM
1285 591 1420 622 SUPER
1444 592 1582 624 OMNIA
1606 595 1662 625 Ex
1686 595 1803 626 soms
1825 595 2127 626 NATURALIBUS
2150 595 2243 626 31ΝΕ
2266 595 2429 626 GRATIA

458 667 526 692 Part.
540 666 563 698 1,
582 665 970 699 qu.1.x,art.5;11⁸11”,.qu
984 665 1632 731 ικνι,1111.3,11150οη1.α1111ῗ1.1111111,31135300
1650 669 1753 697 Vir-tut„
1773 677 1818 702 qu.
1833 676 1864 699 n,
1880 675 1925 694 art.
1942 677 1965 698 2,
1984 670 2015 693 ad
2035 669 2076 699 163
2096 677 2140 702 qu.
2155 677 2188 700 w,
2202 674 2248 693 art.
2267 677 2287 698 1,
2307 670 2381 702 ad9;

1263 708 1297 726 uo
1397 709 1441 733 qu.
1460 709 1493 731 iv,
1513 708 1559 728 art.

450 810 479 826 ,κ
546 791 569 817 D
583 790 743 816 TERTtUM
756 790 810 815 310
830 779 1098 816 1310030111]κῆ
1109 779 1268 816 Videtur
1286 780 1392 827 quod

464 832 513 893 <3
545 833 665 869 homo
694 843 772 868 non
800 831 919 879 possit
947 831 1099 879 diligere
1128 833 1255 869 Deum
1281 844 1394 891 super

381 888 384 892 ’
436 903 470 926 ν,
488 883 676 925 ‘somnia
706 896 751 920 ex
781 884 869 921 solis
897 885 1128 922 naturalibus
1157 885 1236 922 sine
1265 885 1392 944 gratia.

356 933 365 941 ”
390 933 485 974 ς’ῑῖᾱῖι
503 931 533 972 K
546 936 708 984 Diligere
739 937 840 973 enirn
869 938 995 974 Deum
1024 950 1139 986 super
1171 938 1301 975 omnia
1337 946 1392 975 est

334 989 511 1040 proprius
536 997 572 1027 et
598 989 813 1038 principalis
842 990 1003 1027 caritatis
1023 999 1139 1028 actus.
1170 990 1246 1028 Sed
1265 991 1396 1027 carita-

336 1051 413 1080 tem
440 1043 561 1080 homo
590 1054 668 1080 non
697 1050 822 1090 potest
840 1044 983 1080 habere
1002 1056 1071 1092 per
1098 1044 1285 1092 seipsum:
1306 1044 1395 1091 quia

336 1096 475 1133 caritas
498 1095 574 1132 Dei
598 1095 737 1145 diffusa
756 1101 811 1132 est
827 1096 864 1132 in
885 1097 1060 1134 cordibus
1078 1097 1213 1134 nostris
1224 1107 1298 1145 per
1316 1097 1396 1144 Spi-

335 1149 449 1185 ritum
483 1149 682 1194 Sanctum,
712 1149 778 1196 qui
807 1149 916 1186 datus
947 1155 1001 1186 est
1035 1150 1161 1196 nobis,
1194 1156 1236 1186 ut
1263 1149 1397 1186 dicitur

335 1200 448 1238 Rom.
470 1213 495 1237 v
513 1200 544 1238 ²¹⁸.
575 1201 677 1249 Ergo
710 1202 829 1238 homo
861 1213 906 1238 ex
937 1202 1025 1239 solis
1058 1202 1290 1240 naturalibus
1317 1215 1395 1240 non

326 1261 461 1303 potest
487 1251 616 1291 15011111
646 1253 797 1302 diligere
826 1267 941 1303 super
969 1255 1111 1293 omnia.

391 1319 427 1344 2.
439 1308 672 1354 PRAETEREA,
683 1308 785 1344 nulla
799 1316 933 1344 natura
947 1315 1072 1357 potest
1086 1320 1201 1357 supra
1215 1307 1392 1356 seipsam.

339 1360 416 1397 Sed
436 1359 589 1408 diligere
617 1359 758 1408 aliquid
777 1361 863 1408 plus
891 1373 1008 1409 quam
1029 1373 1082 1408 se,
1107 1369 1163 1398 est
1181 1361 1337 1398 tendere
1357 1361 1394 1397 in

338 1412 479 1462 aliquid
499 1423 615 1461 supra
643 1412 824 1461 seipsum.
851 1414 953 1461 Ergo
981 1414 1083 1451 nulla
1110 1421 1244 1451 natura
1272 1421 1397 1450 creata

336 1473 462 1515 potest
488 1465 617 1502 Deum
647 1465 799 1512 diligere
824 1478 938 1515 supra
967 1466 1131 1515 seipsam
1151 1466 1232 1504 sine
1260 1466 1396 1503 auxilio

336 1518 489 1567 gratiae.

393 1571 427 1608 3.
457 1571 691 1618 PRAETEREA,
721 1572 818 1619 Deo,
849 1584 936 1608 cum
957 1572 1003 1609 sit
1021 1556 1216 1610 summum
1235 1573 1396 1631 bonum,

338 1623 499 1661 debetur
526 1635 701 1660 summus
729 1636 854 1672 amor,
884 1625 949 1672 qui
978 1633 1033 1662 est
1058 1631 1100 1662 ut
1127 1637 1240 1674 super
1267 1625 1398 1662 omnia

339 1675 521 1724 diligatur.
553 1676 631 1713 Sed
659 1676 708 1714 ad
736 1689 932 1714 summum
952 1689 1123 1715 amorem
1146 1677 1259 1715 Deo
1250 1691 1396 1727 impen-

339 1729 522 1777 dendum,
551 1729 616 1778 qui
645 1729 720 1767 eia
739 1730 850 1768 nobis
880 1731 1050 1778 debetur,
1078 1731 1198 1768 homo
1226 1743 1304 1769 non
1323 1731 1398 1768 suf-

338 1781 416 1819 ficit
443 1782 524 1819 sine
543 1783 680 1831 gratia:
705 1783 873 1833 alioquin
891 1783 1027 1820 frustra
1045 1784 1162 1832 gratia
1180 1783 1393 1822 adderetur.

339 1835 441 1883 Ergo
470 1836 590 1872 homo
619 1847 698 1872 non
725 1844 850 1885 potest
868 1837 946 1874 sine
966 1836 1083 1884 gratia
1111 1849 1157 1874 ex
1183 1837 1273 1875 solis
1292 1845 1398 1874 113111-

339 1888 478 1925 ralibus
507 1888 660 1937 diligere
688 1889 815 1926 Deum
845 1902 959 1939 super
986 1889 1128 1926 omnia.

393 1941 467 1978 SED
488 1953 645 1990 CONTRA,
674 1943 818 1992 primus
845 1943 965 1980 homo
995 1943 1033 1979 in
1060 1942 1149 1984 solis
1168 1943 1398 1980 naturalibus

223 2014 229 2021 ·
253 2015 260 2026 ›
305 2015 310 2020 -
340 1995 562 2032 constitutus
582 1995 661 2043 fuit,
681 2003 723 2032 ut
741 2008 764 2032 a
783 1996 1014 2044 quibusdam
1033 1996 1187 2044 ponitur
1205 1996 1237 2032 *.
1258 1997 1301 2034 In
1320 2009 1397 2046 quo

339 2054 437 2084 statu
465 2047 708 2085 manifestum
737 2057 792 2086 est
821 2050 924 2098 quod
953 2048 1161 2098 aliqualiter
1187 2049 1315 2086 Deum
1345 2049 1398 2086 di-

339 2100 437 2137 lexit.
468 2101 546 2138 Sed
574 2114 654 2139 non
682 2101 808 2139 dilexit
834 2103 961 2139 Deum
990 2101 1196 2150 aequaliter
1221 2101 1308 2148 sibi,
1336 2103 1399 2139 vel

340 2153 467 2190 minus
494 2166 554 2191 se:
588 2154 679 2203 quia
706 2155 919 2192 secundum
947 2155 1023 2192 hoc
1054 2163 1260 2203 peccasset.
1294 2156 1396 2203 Ergo

341 2205 467 2243 dilexit
494 2208 621 2244 Deum
650 2219 765 2256 supra
793 2220 844 2245 se.
874 2209 976 2256 Ergo
1005 2208 1125 2244 homo
1154 2219 1199 2244 ex
1227 2208 1315 2245 solis
1334 2220 1400 2245 na-

339 2259 522 2296 turalibus
549 2268 674 2309 potest
701 2261 828 2297 Deum
859 2260 1010 2309 diligere
1036 2261 1121 2309 plus
1149 2273 1264 2310 quam
1289 2273 1342 2308 se,
1364 2269 1401 2298 et

340 2324 454 2362 super
481 2325 621 2350 omma.

393 2366 619 2403 stpounzo
647 2378 831 2404 mCENDUM
859 2366 975 2416 quod,
997 2365 1092 2402 sicut
1119 2379 1232 2415 supra
1255 2366 1398 2404 dictum

341 2425 397 2455 est
419 2418 458 2455 in
477 2419 607 2455 Primo
618 2419 649 2464 ²¹²,
671 2419 709 2455 in
729 2432 806 2467 quo
827 2419 941 2456 etiam
962 2419 1060 2455 circa
1079 2421 1289 2456 naturalem
1309 2419 1399 2456 dile-

341 2471 507 2508 ctionem
531 2472 752 2520 angelorum
774 2472 946 2509 diversae
975 2471 1175 2521 opiniones
1194 2480 1282 2510 sunt
1298 2473 1399 2522 posi-

339 2532 418 2570 tae;
443 2526 563 2562 homo
582 2525 619 2562 in
640 2533 736 2562 statu
766 2533 921 2562 naturae
949 2525 1115 2573 integrae
1137 2533 1285 2574 poterat
1308 2538 1399 2574 ope-

341 2577 415 2614 rari
441 2578 579 2615 virtute
604 2590 695 2615 suae
714 2587 871 2616 naturae
898 2579 1045 2615 bonum
1066 2583 1083 2599 ⁴²
1112 2578 1216 2627 quod
1245 2587 1301 2616 est
1328 2579 1399 2616 sibi

341 2631 598 2678 connaturale,
618 2632 762 2680 absque
786 2631 1093 2680 superadditione
1120 2631 1268 2679 gratuiti
1295 2631 1398 2678 doni,

340 2683 426 2720 licet
454 2696 532 2721 non
561 2685 706 2733 absque
732 2684 869 2720 auxilio
889 2684 962 2721 Dei
982 2683 1216 2721 moventis*.
1236 2684 1398 2738 Diligere

340 2743 470 2773 autem
498 2738 626 2774 Deum
656 2749 772 2786 super
802 2737 933 2774 omnia
962 2745 1017 2773 est
1044 2737 1226 2785 quiddam
1259 2749 1399 2774 conna-

339 2789 456 2825 turale
476 2789 637 2835 homini;
665 2797 700 2826 et
725 2788 837 2826 etiam
859 2789 1009 2827 cuilibet
1032 2797 1224 2828 creaturae
1242 2803 1321 2828 non
1339 2803 1399 2828 so-

340 2842 420 2879 lum
441 2841 626 2889 rationali,
645 2842 714 2879 sed
737 2842 940 2880 irrationali
965 2850 1000 2880 et
1019 2842 1132 2880 etiarn
1156 2843 1397 2888 inanimatae,

341 2895 552 2932 secundum
583 2895 744 2932 modum
769 2895 910 2932 amoris
934 2895 999 2943 qui
1026 2896 1230 2945 unicuique
1255 2904 1398 2933 creatu-

341 2959 405 2983 rae
434 2955 652 2996 competere
680 2956 816 2996 potest.
846 2948 965 2985 Cuius
993 2949 1088 2986 ratio
1116 2957 1173 2986 est
1206 2949 1294 2998 quia
1319 2950 1400 2986 uni-

342 3000 479 3050 cuique
498 3002 667 3038 naturale
687 3008 743 3037 est
765 3001 870 3049 quod
894 3009 1046 3051 appetat
1071 3010 1106 3038 et
1126 3010 1227 3039 amet
1246 3002 1398 3051 aliquid,

342 3054 554 3091 secundum
575 3054 678 3104 quod
698 3061 829 3103 aptum
850 3062 981 3093 natum
1002 3062 1057 3092 est
1077 3067 1179 3092 esse:
1198 3054 1252 3092 sic
1271 3055 1372 3092 enim
1385 3054 1400 3084 β

341 3106 424 3156 agit
450 3107 752 3156 unumquodque,
767 3113 884 3155 prout
900 3112 1028 3155 aptum
1052 3113 1183 3144 natum
1201 3113 1265 3153 est,
1285 3115 1327 3144 ut
1345 3107 1400 3145 di-

342 3160 442 3196 citur-
463 3160 502 3197 in
526 3161 558 3197 11
577 3161 727 3208 Physic.
746 3159 766 3182 '¹‘
794 3159 1040 3197 Manifestum
1064 3167 1120 3196 est
1144 3167 1271 3197 autem
1295 3161 1400 3209 quod

342 3213 489 3250 bonum
523 3213 638 3261 partis
676 3221 732 3250 est
765 3220 920 3262 propter
955 3213 1103 3249 bonum
1137 3212 1261 3250 totius.
1291 3213 1400 3250 Unde

342 3265 456 3303 etiarn
490 3266 648 3303 naturali
685 3265 852 3315 appetitu
884 3266 946 3303 vel
986 3277 1117 3302 amore
1148 3277 1402 3315 unaquaeque

396 3375 423 3406 α)
443 3374 549 3399 bonum.
567 3387 585 3392 —
603 3381 680 3398 omne
699 3373 729 3404 E,
747 3379 885 3397 commune
903 3371 933 3397 F.

397 3408 422 3442 β)
443 3409 521 3435 enim.
540 3422 559 3428 -
578 3409 662 3442 igitur
681 3408 870 3440 PACEGHlpB
890 3413 915 3432 et
928 3415 953 3437 a,
973 3407 1031 3440 agit
1046 3415 1098 3431 om.
1118 3407 1294 3440 ACEGIpBH,
1313 3407 1405 3440 agitur

343 3445 402 3469 KsB
417 3450 442 3469 et
457 3445 476 3468 F
491 3449 551 3477 post
570 3444 787 3475 unumquodque;
805 3450 884 3468 esse..
895 3460 901 3467 .
922 3446 1012 3467 natum
1033 3446 1071 3467 est
1090 3450 1142 3467 om.
1163 3442 1192 3467 D.
1204 3455 1224 3461 -
1237 3443 1297 3467 Post
1312 3446 1403 3467 natum

342 3482 383 3505 est
401 3480 420 3504 Ρ
440 3480 509 3504 addit
527 3487 591 3504 esse.

397 3516 423 3547 γ)
442 3523 510 3540 cum.
529 3529 547 3534 -
566 3515 627 3540 Orn.
647 3514 793 3539 ABCDGL.

1449 793 1506 817 res
1526 781 1759 829 particularis
1783 790 1886 818 amat
1904 783 2050 819 bonum
2068 795 2179 819 suurn
2200 783 2395 842 proprium
2415 795 2504 831 pro-

1447 841 1530 881 pter
1558 835 1703 871 bonum
1734 846 1937 871 commune
1965 835 2077 872 totius
2105 835 2283 882 universi,
2314 836 2419 884 quod
2449 844 2505 872 est

1448 887 1564 923 Deus.
1586 887 1697 924 Unde
1727 894 1762 923 et
1790 887 1996 935 Dionysius
2025 888 2123 935 dicit,
2150 888 2187 924 in
2215 889 2310 924 libro
2343 889 2389 925 de
2416 888 2503 925 Diu.

1447 939 1564 975 Nom.
1585 939 1615 986 *,
1642 940 1746 988 quod
1774 940 1878 976 Deus
1905 941 2086 978 convertit
2111 941 2238 977 omnia
2262 941 2314 977 ad
2335 953 2504 978 amorem
2531 954 2740 982 ·cap.1v.-.srn.

1448 992 1508 1027 sui
1533 993 1656 1039 zpsius.
1686 992 1796 1029 Unde
1825 993 1945 1029 horno
1973 992 2011 1028 in
2039 1000 2135 1029 statu
2155 1001 2310 1030 naturae
2338 994 2504 1041 integrae
2532 981 2583 1002 '⁶¹
2599 987 2622 1002 ¹¹

1451 1044 1690 1081 dilectionem
1718 1044 1775 1081 sui
1803 1045 1920 1093 ipsius
1949 1045 2134 1082 referebat
2157 1046 2206 1082 ad
2233 1058 2406 1082 amorem
2434 1047 2505 1082 Dei

1450 1094 1543 1133 sicut
1571 1097 1620 1134 ad
1648 1098 1780 1144 finem,
1811 1106 1846 1134 et
1874 1097 2042 1134 similiter
2069 1098 2309 1135 dilectionem
2333 1098 2506 1135 omnium

1449 1150 1607 1186 aliarum
1638 1162 1777 1187 rerum.
1807 1151 1857 1187 Et
1874 1151 1924 1187 ita
1943 1151 2071 1187 Deum
2092 1150 2268 1199 diligebat
2285 1152 2370 1199 plus
2390 1163 2506 1198 quam

1450 1203 1635 1251 seipsum,
1665 1210 1701 1240 et
1729 1216 1842 1252 super
1875 1203 2015 1240 omnia.
2047 1204 2124 1240 Sed
2156 1203 2195 1240 in
2223 1211 2320 1241 statu
2349 1212 2506 1240 naturae

1451 1264 1649 1304 corruptae
1675 1257 1794 1293 homo
1824 1257 1871 1293 ab
1899 1257 1975 1293 hoc
2003 1256 2130 1293 deficit
2151 1256 2362 1293 secundum
2392 1269 2507 1305 appe-

1450 1308 1558 1345 titum
1589 1309 1794 1346 voluntatis
1828 1309 2036 1354 rationalis,
2067 1321 2166 1357 quae
2196 1317 2352 1358 propter
2380 1321 2507 1346 corru-

1450 1361 1620 1410 ptionem
1649 1369 1804 1399 naturae
1833 1362 2000 1411 sequitur
2027 1363 2173 1399 bonum
2201 1362 2404 1410 privatum,
2435 1362 2507 1399 nisi

1451 1423 1602 1451 sanetur
1629 1427 1697 1463 per
1725 1415 1882 1463 gratiam
1910 1415 1993 1452 Dei.
2025 1415 2073 1451 Et
2100 1415 2186 1451 ideo
2219 1415 2422 1452 dicendum
2452 1422 2507 1451 est

1451 1468 1555 1515 quod
1583 1468 1703 1504 homo
1732 1468 1770 1504 in
1799 1475 1895 1504 statu
1923 1475 2078 1504 naturae
2110 1468 2275 1515 integrae
2305 1480 2382 1504 non
2411 1467 2506 1504 indi-

1450 1521 1562 1568 gebat
1581 1521 1684 1557 dono
1704 1520 1843 1568 gratiae
1863 1520 2127 1569 superadditae
2148 1521 2378 1557 naturalibus
2398 1520 2508 1557 bonis

1451 1573 1499 1610 ad
1528 1573 1760 1621 diligendum
1789 1575 1916 1610 Deum
1944 1573 2160 1610 naturaliter
2187 1586 2300 1622 super
2324 1573 2454 1610 omnia
2470 1573 2506 1618 *;
2537 1579 2639 1607 'D·97-

1450 1626 1535 1663 licet
1563 1626 1746 1674 indigeret
1774 1626 1910 1663 auxilio
1931 1626 2004 1663 Dei
2028 1627 2076 1663 ad
2095 1627 2170 1663 hoc
2189 1638 2278 1663 eum
2305 1626 2506 1663 moventis.

1452 1679 1527 1716 Sed
1547 1679 1585 1716 in
1604 1687 1699 1716 statu
1715 1687 1872 1717 naturae
1892 1686 2090 1728 corruptae
2106 1679 2247 1727 indiget
2259 1680 2378 1716 homo
2394 1679 2507 1715 etiam

1451 1732 1500 1768 ad
1526 1733 1601 1768 hoc
1629 1732 1766 1769 auxilio
1795 1732 1934 1780 gratiae
1962 1740 2137 1769 naturam
2167 1732 2342 1768 sanantis.

1504 1786 1562 1822 AD
1595 1797 1730 1822 patmum
1759 1797 1858 1822 ERGO
1885 1797 2070 1822 mcaNDUM
2097 1785 2203 1833 quod
2231 1784 2364 1821 caritas
2394 1784 2508 1832 diligit

1452 1839 1577 1874 Deum
1596 1850 1711 1886 super
1731 1838 1859 1874 omnia
1879 1837 2105 1875 eminentius
2125 1850 2242 1886 quam
2261 1845 2405 1874 natura.
2431 1838 2509 1873 Na-

1450 1899 1533 1927 tura
1563 1890 1663 1927 enim
1692 1890 1809 1938 diligit
1841 1892 1968 1927 Deum
1997 1903 2111 1939 super
2130 1890 2284 1938 omnia,
2313 1897 2426 1939 prout
2454 1897 2510 1926 est

1450 1943 1675 1992 principium
1701 1951 1737 1980 et
1763 1943 1849 1980 finis
1874 1943 2053 1980 naturalis
2081 1943 2192 1980 boni:
2223 1942 2355 1980 caritas
2381 1950 2507 1979 autem

1451 1996 1662 2034 secundum
1691 1996 1798 2044 quod
1826 2004 1882 2034 est
1909 1996 2101 2033 obiectum
2121 1995 2371 2042 beatitudinis,
2397 2002 2507 2032 etse-

1452 2050 1621 2086 cundum
1649 2049 1755 2097 quod
1782 2050 1901 2086 homo
1929 2050 2044 2086 habet
2067 2048 2260 2096 quandam
2289 2048 2507 2085 societatem

1452 2103 1682 2151 spiritualem
1708 2115 1796 2140 curn
1810 2108 1826 2130 Υ
1845 2103 1942 2139 Deo.
1972 2102 2088 2139 Addit
2107 2101 2220 2138 etiam
2241 2101 2373 2138 caritas
2393 2113 2508 2150 super
2631 2107 2648 2132 Υ

1452 2155 1690 2193 dilectionem
1712 2156 1922 2192 naturalem
1941 2155 2013 2191 Dei
2032 2154 2370 2203 promptitudinem
2390 2166 2508 2202 quan-

1454 2209 1541 2246 dam
1562 2216 1598 2245 et
1618 2208 1922 2245 delectationem:
1943 2208 2037 2244 sicut
2051 2215 2088 2244 et
2101 2207 2254 2256 quilibet
2271 2206 2420 2244 habitus
2434 2206 2508 2243 vir-

1453 2262 1539 2298 tutis
1558 2261 1661 2298 addit
1675 2273 1788 2310 supra
1807 2268 1935 2298 actum
1950 2261 2096 2297 bonum
2112 2260 2175 2309 qui
2189 2260 2232 2297 fit
2247 2272 2292 2296 ex
2306 2260 2386 2296 sola
2401 2267 2508 2296 natu-

1454 2315 1518 2351 rali
1540 2313 1682 2351 ratione
1701 2314 1867 2351 hominis
1880 2313 2026 2350 virtutis
2044 2313 2216 2351 habitum
2231 2325 2310 2350 non
2323 2312 2507 2349 habentis.

1506 2370 1565 2404 AD
1585 2379 1773 2404 SECUNDUM
1798 2378 1981 2403 11103111)οΜ
2000 2367 2118 2414 quod,
2139 2378 2227 2402 curn
2248 2366 2380 2403 dicitur
2405 2366 2508 2414 quod

1454 2421 1555 2457 nulla
1583 2428 1715 2457 natura
1739 2427 1864 2468 potest
1881 2432 1995 2468 supra
2014 2419 2191 2468 seipsam,
2212 2431 2290 2455 non
2311 2426 2365 2455 est
2382 2418 2509 2455 intelli-

1453 2474 1620 2521 gendum
1649 2472 1754 2522 quod
1782 2485 1859 2509 non
1886 2472 2007 2521 possit
2034 2472 2118 2509 ferri
2151 2472 2189 2508 in
2217 2471 2370 2521 aliquod
2408 2471 2510 2507 obie-

1454 2534 1555 2563 ctum
1585 2526 1689 2574 quod
1727 2533 1783 2562 est
1810 2538 1924 2574 supra
1957 2538 2018 2562 se:
2048 2525 2287 2561 manifestum
2324 2531 2379 2560 est
2408 2523 2508 2560 enirn

1453 2579 1557 2627 quod
1585 2578 1792 2615 intellectus
1820 2586 1948 2615 noster
1971 2577 2128 2615 naturali
2156 2576 2367 2635 cognitione
2386 2584 2510 2624 potest

1453 2633 1590 2690 aliqua·
1606 2643 1836 2679 cognoscere
1867 2643 1965 2690 quae
1998 2639 2084 2668 sunt
2111 2642 2224 2678 supra
2252 2629 2440 2677 seipsum
2469 2636 2509 2665 ut

1453 2693 1555 2734 patet
1582 2684 1620 2720 in
1643 2684 1801 2720 naturali
1826 2684 2039 2731 cognitione
2063 2683 2145 2719 Dei.
2168 2682 2243 2719 Sed
2263 2680 2276 2703 δ
2305 2681 2651 2729 1010111301]-ὃ

1453 2739 1545 2775 durn
1565 2745 1620 2774 est
1643 2737 1747 2785 quod
1775 2744 1908 2774 natura
1936 2749 2014 2773 non
2038 2742 2163 2795 potest
2184 2735 2223 2772 in
2247 2741 2373 2771 actum
2403 2746 2507 2770 exce-

1454 2791 1607 2828 dentem
1626 2789 1911 2839 proportionem
1933 2801 2023 2826 suae
2042 2788 2184 2825 virtutis
2202 2787 2233 2823 ³¹².
2250 2787 2352 2824 Talis
2380 2795 2507 2824 autern
2537 2802 2544 2808 -
2561 2799 2701 2826 1191916-

1454 2852 1558 2881 actus
1586 2856 1665 2880 non
1694 2851 1748 2879 est
1775 2842 1926 2890 diligere
1955 2843 2082 2878 Deum
2111 2853 2223 2889 super
2257 2839 2405 2877 omnia:
2435 2841 2509 2876 hoc

1455 2897 1554 2934 enim
1584 2899 1640 2932 est
1666 2896 1833 2932 naturale
1862 2894 2013 2933 cuilibet
2041 2901 2195 2930 naturae
2215 2900 2373 2939 creatae,
2397 2900 2436 2929 ut
2456 2892 2510 2929 di-

1455 2958 1556 2986 ctum
1586 2956 1641 2985 est
1657 2949 1688 2984 ’ἦ

1507 3004 1566 3039 An
1589 3013 1748 3038 TERTIUM
1776 3011 1959 3038 mCENDUM
1987 2999 2091 3048 quod
2119 3010 2228 3035 amor
2255 2998 2388 3035 dicitur
2407 3010 2509 3035 surn-

1455 3068 1541 3093 mus
1560 3066 1638 3091 non
1657 3058 1669 3074 ²
1697 3054 1820 3090 solum
1839 3059 2022 3101 quantum
2042 3051 2090 3088 ad
2110 3052 2269 3098 gradum
2290 3050 2508 3098 dilectionis,

1455 3108 1522 3145 sed
1551 3106 1664 3143 etiam
1691 3113 1877 3153 quantum
1901 3105 1949 3142 ad
1978 3104 2162 3141 rationem
2192 3103 2381 3151 diligendi,
2402 3111 2438 3140 et
2457 3103 2510 3141 di-

1455 3159 1622 3197 lectionis
1650 3158 1823 3194 modum.
1850 3158 1900 3194 Et
1927 3157 2138 3194 secundum
2165 3157 2251 3201 hoc,
2281 3156 2510 3205 supremust
2636 3155 2649 3182 ἶ

1455 3213 1592 3261 gradus
1616 3210 1826 3248 dilectionis
1850 3218 1905 3246 est
1928 3222 2004 3258 quo
2029 3209 2161 3246 caritas
2186 3209 2302 3257 diligit
2324 3211 2450 3246 Deum
2471 3217 2513 3246 ut

1456 3265 1746 3310 beatificantem,
1773 3263 1866 3299 sicut
1894 3262 2036 3300 dictum
2066 3269 2120 3298 est
2137 3261 2169 3299 ³¹².

2536 2958 2547 2968 ⁹
2562 2957 2587 2978 In
2603 2962 2708 2984 corpore.

2541 3272 2548 3278 ”
2564 3270 2588 3291 111
2604 3275 2665 3296 resp.
2680 3270 2707 3290 ad
2723 3276 2740 3290 1.

1511 3371 1535 3403 δ)
1556 3371 1619 3395 Sed.
1636 3384 1654 3388 -
1673 3369 1739 3394 illud
1759 3370 1854 3393 addunt
1873 3369 1918 3393 Pa.

1511 3407 1533 3437 ε)
1559 3405 1657 3430 dicitur
1679 3411 1797 3429 summus
1821 3411 1881 3428 non.
1901 3418 1919 3422 —
1941 3403 1991 3428 Dei
2008 3409 2125 3427 summus
2149 3409 2200 3428 non
2220 3403 2370 3428 attenditur
2392 3403 2442 3432 EF.
2464 3403 2514 3428 Dei

1457 3448 1575 3466 summus
1594 3443 1633 3465 est
1652 3447 1702 3464 non
1722 3440 1752 3468 K,
1775 3440 1825 3463 Dei
1843 3446 1960 3463 summus
1979 3446 2030 3463 non
2051 3439 2080 3462 L.

1510 3475 1535 3507 ζ)
1554 3482 1701 3507 supremus.
1719 3488 1737 3493 -·
1755 3482 1873 3499 summus
1893 3475 1939 3498 Pa.
