2840 4010
940 175 1205 221 QUAESTIO
1235 175 1427 222 LXXXII,
1456 175 1752 212 ARTICULUS
1781 176 1794 212 1

345 251 382 282 11.
394 251 538 281 Dubium
554 252 692 282 secundo
706 259 765 288 est,
782 254 948 293 quomodo
967 260 1129 293 peccatum
1145 253 1294 292 originale
1309 253 1348 284 sit

288 303 360 324 vere
383 293 522 331 habitus,
547 295 709 336 quuendo
739 297 776 327 de
799 297 907 327 habitu
932 297 964 327 in
988 297 1098 327 ordine
1122 297 1161 326 ad
1186 304 1345 326 naturam:

289 337 364 378 quia
387 338 475 368 nulla
498 345 544 370 est
567 339 599 369 in
623 341 715 370 nobis
733 351 769 371 ex
785 348 914 381 peccato
930 340 1073 380 originali
1089 340 1222 380 qualitas
1240 350 1346 380 super-

288 381 393 412 addita
413 382 477 412 sive
494 382 525 412 in
543 385 675 414 essentia
695 384 759 415 sive
774 385 807 415 in
828 385 975 425 potentiis
995 383 1127 418 animae,
1148 383 1201 413 ubi
1218 383 1348 422 ponitur

289 425 441 465 originale
468 435 644 466 peccatum.
674 428 809 459 Constat
836 428 921 458 enim
948 427 1092 458 habitum
1119 436 1186 456 esse
1210 427 1346 466 speciem

288 469 456 510 qualitatis.

345 513 396 544 111.
421 514 564 545 Dubium
580 515 671 546 tertio
687 522 742 551 est,
762 515 929 555 quomodo
945 521 1110 553 peccatum
1129 513 1278 552 originale
1302 521 1348 544 est

289 557 431 598 languor
453 564 600 589 naturae.
625 562 691 589 Aut
714 558 797 589 enim
821 558 882 588 hoc
903 557 1018 589 dicitur
1042 557 1080 586 de
1107 563 1217 586 natura
1242 563 1347 586 nostra

289 601 445 632 absolute:
470 609 524 634 aut
547 603 664 633 donata
686 601 803 632 iustitia
827 600 979 640 originali.
1003 601 1077 630 Non
1094 600 1254 630 absolute:
1272 600 1347 640 quia

287 652 399 675 natura
412 645 531 685 privata
549 645 692 685 originali
706 644 834 680 iustitia,
853 644 975 674 nullam
994 643 1088 674 habet
1102 643 1346 679 imbecilitatem,

288 690 344 720 sed
367 696 414 720 est
435 690 494 720 sibi
516 689 578 730 ipsi
599 690 706 719 relicta
728 689 835 729 quoad
863 688 1002 718 animam
1025 695 1056 718 et
1082 688 1190 728 quoad
1214 696 1344 727 corpus;

289 739 320 763 et
341 733 423 764 sicut
445 733 604 765 tendentia
627 733 857 763 elementorum
875 732 907 762 in
923 732 1051 772 propria
1066 742 1131 763 non
1151 738 1198 762 est
1212 732 1347 770 languor

289 785 419 809 naturae
442 777 602 813 absolute,
625 776 669 807 ita
687 786 744 806 nec
760 776 918 806 tendentia
935 776 1072 815 partium
1087 775 1210 806 animae
1225 775 1258 805 in
1273 785 1346 815 pro-

288 821 366 862 pria.
390 819 456 851 Nec
471 821 519 851 de·
526 820 642 851 donata
657 819 775 850 iustitia
799 819 958 859 originali:
983 820 1058 860 quia
1074 829 1148 850 cum
1164 826 1274 849 natura
1289 829 1346 849 no-

288 871 351 896 stra
374 873 439 894 non
463 862 583 895 differat
604 873 622 893 a
645 863 747 904 seipsa
766 864 882 894 donata
905 863 1021 894 iustitia
1037 862 1191 903 originali,
1209 862 1267 892 nisi
1284 862 1346 902 pri-

287 909 414 940 vatione
435 906 520 938 illius
541 907 706 937 voluntate
724 908 821 943 Adae,
839 903 909 938 non¹
921 914 1049 947 apparet
1066 907 1099 937 in
1115 916 1181 947 quo
1197 906 1334 936 consista

234 954 238 958 '
286 953 346 983 iste
363 952 511 990 unguor.
602 977 605 980 .
1321 964 1323 966 -

343 995 397 1027 1v.
415 995 564 1026 <Dubium
579 1002 692 1036 quarto
709 1002 755 1026 est
770 996 801 1026 in
818 995 1024 1035 responsione
1039 994 1080 1025 ad
1095 994 1245 1034 primum,
1266 1004 1346 1034 quo-

286 1039 386 1071 modo
410 1046 575 1078 peccatum
600 1040 750 1079 originale
774 1047 819 1070 est
841 1040 966 1070 habitus
988 1044 1168 1078 corruptus.
1193 1038 1275 1068 Nam
1290 1038 1346 1068 ha-

286 1082 371 1115 bitus
391 1090 559 1123 corruptus
581 1093 647 1114 non
671 1090 717 1114 est
740 1083 878 1114 habitus:
903 1083 983 1114 sicut
999 1093 1056 1113 nec
1071 1081 1183 1112 albedo
1200 1089 1347 1121 corrupta

287 1133 335 1158 est
356 1126 480 1157 albedo.
504 1127 535 1157 Si
558 1126 654 1167 igitur
676 1134 841 1167 peccatum
865 1127 1016 1167 originale
1040 1133 1086 1156 est
1100 1125 1224 1155 habitus
1241 1135 1346 1156 corru-

234 1191 238 1193 —
286 1177 371 1211 ptus,
395 1170 476 1201 falso
491 1171 612 1202 dictum
626 1179 673 1202 est
686 1171 718 1201 in
739 1181 872 1212 corpore
887 1171 976 1212 quod
990 1177 1036 1201 est
1051 1169 1188 1200 habitu‘s:
1212 1169 1245 1209 ly
1261 1169 1346 1199 enim

46 1240 260 1297 “etun-nr-

139 1320 162 1387 ‘xo

45 3103 63 3116 Ψ
74 3101 112 3125 α.
124 3102 183 3126 ibid.

287 1221 459 1256 corruptus
481 1222 528 1245 est
551 1215 692 1247 conditio
715 1215 906 1246 diminuens.

274 1259 464 1297 ΔυΛΙΓΑά
483 1258 625 1299 primum
650 1259 768 1291 horum
782 1259 801 1279 *
823 1259 936 1290 dicitur
963 1258 1051 1299 quod
1077 1256 1270 1287 inordinatio
1294 1267 1345 1287 su-

287 1303 386 1336 mitur
399 1303 563 1334 contrarie.
575 1304 631 1334 Est
646 1303 731 1334 enim
746 1303 779 1334 in
791 1303 883 1334 nobis
897 1302 1092 1334 considerare
1106 1307 1209 1341 partes
1224 1301 1346 1331 animae

287 1346 455 1389 dispositas
474 1347 653 1388 dupliciter:
675 1347 792 1378 scilicet
808 1357 881 1377 cum
900 1345 1066 1376 harmonia
1081 1341 1239 1375 conformi
1255 1352 1346 1376 natu-

287 1400 339 1423 rae
357 1398 483 1422 nostrae
505 1390 659 1427 rationali,
685 1397 715 1421 et
729 1391 795 1421 sine
810 1391 872 1421 illa.
893 1390 935 1420 Et
949 1399 1023 1421 cum
1038 1395 1112 1421 sunt
1126 1388 1193 1419 sine
1208 1388 1262 1418 tali
1277 1389 1346 1419 har-

288 1435 407 1472 monia,
423 1444 543 1476 pronae
555 1441 630 1465 sunt
640 1441 677 1465 ut
691 1435 831 1465 ferantur
845 1434 1021 1465 secundum
1034 1432 1180 1473 proprios
1195 1432 1344 1473 impetus,

287 1479 674 1521 memnon-sonantium
693 1479 734 1508 ad
752 1479 952 1510 harmoniam
967 1478 1065 1508 illam.
1089 1477 1161 1507 Hoc
1172 1482 1284 1507 autem
1301 1484 1347 1507 est

286 1522 529 1564 partesmnimae
542 1532 608 1553 esse
623 1523 816 1553 inordinatas
831 1522 1000 1553 contrarie:
1017 1521 1097 1562 sicut
1111 1521 1263 1551 humores
1278 1531 1345 1551 cor-

287 1566 391 1613 ptis,
414 1576 490 1597 cum
512 1573 586 1597 sunt
608 1567 676 1597 sine
698 1566 850 1606 regimine
871 1566 994 1596 virtutis
1015 1565 1153 1601 animae,
1177 1572 1347 1596 moventur

287 1609 464 1650 'secundum
488 1610 630 1651 proprias
653 1610 872 1641 inclinationes
899 1620 964 1640 non
986 1609 1092 1640 solum
1115 1615 1199 1639 extra
1221 1608 1346 1639 harmo-

287 1653 375 1686 niam
390 1654 540 1691 sanitatis,
556 1655 611 1684 sed
630 1657 739 1685 contra
754 1654 850 1684 illam.
868 1654 1032 1684 Fundatur
1045 1653 1141 1693 igitur
1154 1652 1345 1683 inordinatio

287 1698 442 1729 'contrarie
470 1708 566 1739 super
587 1698 744 1739 pronitate
767 1699 805 1728 ad
830 1707 866 1728 ea
889 1707 970 1738 quae
993 1704 1067 1738 sunt
1089 1703 1198 1727 contra
1222 1696 1347 1727 harmo-

287 1742 389 1774 niam:
413 1742 666 1782 concupiscibilis
685 1742 771 1772 enim
794 1752 831 1773 ex
850 1742 912 1772 hoc
934 1741 1005 1781 ipso
1019 1741 1108 1781 quod
1126 1750 1228 1780 prona
1246 1747 1292 1771 est
1308 1741 1345 1770 ad

288 1786 471 1820 delectabile
486 1787 664 1818 secundum
683 1796 812 1817 sensum
826 1786 900 1826 plus
917 1795 1014 1828 quam
1030 1791 1156 1825 oportet
1170 1785 1346 1815 secundum

287 1830 443 1863 rationem
464 1837 592 1867 rectam,
617 1837 664 1861 est
686 1830 839 1861 contrarie
862 1829 1023 1870 disposita.

294 1874 297 1876 ’
342 1873 396 1909 vl.
420 1874 471 1905 Ad
494 1874 670 1905 secundum
697 1874 832 1904 dubium
851 1873 868 1893 *
892 1873 1004 1904 dicitur
1026 1872 1114 1913 quod
1137 1874 1258 1911 Auctor
1281 1882 1345 1902 non

287 1918 411 1959 putavit
437 1925 602 1959 peccatum
633 1918 784 1958 originale
814 1928 881 1948 esse
910 1916 1072 1948 habiturn:
1104 1917 1157 1947 sed
1186 1917 1346 1957 quandam

286 1961 480 1994 habitualem
502 1961 693 2002 pronitatem
713 1972 778 1992 non
801 1961 944 2002 positive,
962 1962 1015 1991 sed
1031 1970 1088 2000 per
1101 1960 1347 1990 subtractionem

288 2006 466 2043 retinentis,
489 2013 526 2037 ut
547 2006 582 2036 in
605 2006 631 2036 ΙΙ
654 2006 762 2043 Sent.,
786 2013 817 2036 et
838 2005 870 2036 in
894 2006 956 2046 Qq.
979 2006 1020 2036 de
1041 2005 1132 2035 Malo
1154 2004 1188 2040 *‚
1212 2010 1308 2044 patet.
1324 2021 1346 2027 -

287 2050 350 2083 Sed
366 2051 442 2082 haec
457 2050 622 2091 responsio
637 2060 704 2080 non
719 2049 840 2080 notavit
854 2050 887 2080 in
902 2052 1041 2080 Auctore
1056 2049 1141 2079 hunc
1156 2048 1347 2088 singularem

287 2093 471 2131 articulum,
495 2104 569 2125 cum
595 2094 803 2134 responsione
826 2094 866 2124 ad
889 2093 1027 2125 tertium.
1050 2093 1098 2124 Ex
1116 2092 1178 2123 hoc
1208 2102 1347 2133 namque

287 2145 418 2180 apparet
439 2138 528 2179 quod
551 2140 682 2174 Auctor,
706 2137 798 2168 altius
821 2137 1039 2177 contemplans
1061 2143 1205 2167 naturam
1228 2136 1347 2177 peccati

287 2181 458 2223 originalis,
482 2191 600 2212 novam
618 2181 745 2212 tradidit
767 2175 954 2218 doctrinam,
977 2180 1103 2211 alterius
1129 2190 1195 2211 non
1218 2180 1345 2210 oblitus.

287 2226 436 2257 Distinxit
457 2226 615 2267 siquidem
638 2225 782 2256 habitum
805 2226 855 2256 vel
878 2226 918 2255 ad
940 2235 1033 2265 opus,
1057 2225 1107 2254 vel
1129 2225 1169 2254 ad
1189 2231 1345 2255 naturam.

287 2270 329 2301 Et
343 2271 420 2301 dixit
439 2270 513 2301 duo.
538 2270 682 2300 Primum
698 2277 753 2306 est,
770 2270 859 2310 quod
874 2275 1039 2309 peccatum
1055 2268 1205 2308 originale
1220 2278 1286 2299 non
1302 2275 1348 2298 est

287 2314 413 2347 habitus
436 2314 470 2344 in
493 2314 602 2344 ordine
616 2314 665 2344 ‘ad
688 2324 781 2354 opus,
805 2313 865 2344 nisi
888 2313 1037 2344 indirecte
1059 2322 1116 2353 per
1135 2312 1346 2343 remotionem

287 2358 498 2399 prohibentis:
513 2357 597 2389 etsie
611 2357 760 2397 glossavit
773 2357 913 2398 seipsum
929 2357 1012 2389 alibi.
1026 2357 1171 2388 Alterum
1187 2363 1242 2393 est,
1259 2356 1348 2397 quod

287 2409 454 2443 peccatum
478 2401 628 2442 originale
653 2409 699 2432 est
720 2401 846 2432 habitus
865 2402 898 2432 in
914 2401 1024 2432 ordine
1040 2401 1079 2431 ad
1095 2407 1250 2437 naturam,
1267 2400 1348 2431 sicut

287 2445 461 2487 aegritudo.
485 2446 526 2476 Et
549 2446 588 2475 ad
612 2452 734 2476 motam
758 2445 984 2481 difficultatem,
1008 2445 1083 2485 quia
1105 2444 1230 2475 habitus
1252 2443 1347 2484 signi-

287 2488 452 2531 fient-qnid
474 2490 648 2530 positivum
665 2489 847 2520 distinctum
864 2496 972 2520 contra
987 2488 1206 2529 privationem,
1224 2488 1300 2519 dixit
1314 2488 1346 2518 in

286 2534 494 2574 responsione
509 2534 549 2564 ad
565 2534 714 2573 primum,
739 2535 827 2574 quod
851 2543 909 2573 pro
933 2533 1070 2573 positivo
1089 2533 1140 2563 hic
1156 2539 1231 2563 sunt
1245 2539 1348 2572 partes

286 2577 412 2609 animae
434 2577 631 2608 inordinatae
654 2578 817 2608 contrarie.

343 2622 440 2659 Quod
458 2622 588 2657 dictum,
606 2622 782 2652 secundum
797 2621 953 2661 triplicem
968 2621 1006 2651 de
1022 2620 1131 2651 habitu
1147 2621 1187 2651 ad
1203 2627 1348 2651 naturam

287 2665 492 2706 opinionem,
516 2665 677 2706 tripliciter
699 2665 798 2695 salvat
821 2665 975 2696 habitum.
998 2664 1081 2694 Nam
1105 2664 1280 2695 secundum
1304 2671 1348 2695 te-

287 2715 397 2740 nentes
419 2709 564 2740 habitum
587 2709 789 2745 huiusmodi,
814 2716 891 2749 puta
914 2709 1079 2739 sanitatem
1101 2708 1151 2738 vel
1175 2708 1348 2748 pulchritu-

287 2752 405 2789 dinem,
429 2753 603 2783 formaliter
623 2753 792 2783 consistere
807 2753 840 2783 in
856 2753 1016 2789 relatione,
1041 2758 1072 2782 et
1094 2752 1294 2783 materialiter
1315 2753 1347 2782 in

287 2796 491 2837 qualitatibus
511 2796 773 2832 consonantibus;
790 2797 879 2827 facile
895 2803 980 2837 patet
998 2796 1164 2836 quomodo
1183 2803 1349 2835 peccatum

288 2840 440 2880 originale
456 2846 503 2870 est
514 2840 657 2880 qualitas.
668 2857 687 2863 -
698 2840 759 2871 Sed
775 2840 852 2871 haec
867 2841 917 2870 via
932 2851 998 2871 non
1014 2847 1060 2870 est
1075 2840 1251 2870 secundum
1264 2840 1348 2870 viam

289 2884 447 2920 Auctoris,
464 2893 607 2924 expresse
622 2884 777 2924 superius,
790 2884 822 2914 in
839 2894 893 2925 qu.
903 2895 974 2915 xux
984 2884 1011 2921 *,
1022 2884 1170 2924 ponentis
1183 2884 1348 2914 sanitatem

288 2938 355 2958 esse
374 2928 577 2958 essentialiter
599 2934 635 2958 et·
653 2928 824 2958 formaliter
845 2928 1038 2969 qualitatem,
1063 2938 1128 2958 non
1153 2927 1347 2959 relationem.

347 2971 531 3002 Secundum
554 2971 692 3002 dicentes
706 2982 782 3002 vero
798 2972 942 3002 habitum
961 2982 1028 3003 esse
1052 2972 1272 3002 collectionem
1296 2981 1347 3002 or-

289 3016 428 3046 dinatam
440 3015 620 3055 partialium
632 3015 887 3056 dispositionum,
900 3016 990 3047 facile
1002 3025 1133 3057 quoque
1145 3022 1230 3056 patet
1241 3025 1349 3055 pecca-

287 3066 359 3091 tum
374 3059 526 3099 originale
541 3069 608 3089 esse
622 3059 818 3099 qualitatem,
833 3059 913 3091 idest
927 3060 1146 3090 collectionem
1160 3059 1349 3099 qualitatum

288 3103 550 3134 inordinatarum.
563 3120 584 3126 —
603 3103 666 3133 Sed
684 3103 760 3134 haec
775 3113 907 3144 quoque
925 3104 976 3134 via
992 3104 1137 3144 superius
1152 3103 1170 3122 *
1188 3103 1350 3134 confutata

290 3155 344 3179 est.
362 3147 446 3184 Quia
461 3147 586 3177 habitus
601 3157 668 3176 non
683 3153 765 3177 esset
777 3147 934 3187 qualitatis
950 3147 1083 3188 species:
1101 3146 1244 3177 collectio
1261 3157 1349 3177 narn-

289 3201 352 3233 que
375 3191 565 3232 qualitatum
588 3200 654 3220 non
677 3197 724 3221 est
745 3190 888 3231 qualitas.

345 3235 528 3266 Secundum
552 3241 658 3265 autem
681 3241 822 3265 tenentes
841 3234 986 3264 habitum
1004 3243 1070 3264 esse
1085 3233 1268 3275 qualitatem
1286 3234 1347 3264 exi-

289 3285 424 3310 stentem
447 3278 617 3309 subiective
639 3278 673 3308 in
696 3287 762 3308 uno
787 3277 960 3318 principali,
981 3287 1047 3308 non
1063 3278 1217 3313 absolute,
1242 3278 1296 3308 sed
1313 3285 1348 3308 ut

291 3323 480 3354 consonanti
503 3323 553 3353 vel
576 3322 750 3353 dissonanti
775 3321 856 3358 aliis;
880 3321 1026 3352 subtilius
1049 3321 1185 3351 salvatur
1207 3321 1246 3351 de
1274 3331 1347 3362 pec-

289 3374 360 3398 cato
384 3366 528 3407 originali
551 3366 639 3407 quod
663 3372 710 3397 est
731 3365 875 3406 qualitas,
900 3365 981 3396 sicut
1001 3371 1032 3395 et
1051 3365 1090 3395 de
1106 3364 1236 3395 sanitate
1251 3371 1282 3395 et
1297 3374 1346 3395 ae-

288 3411 456 3452 gritudine.
481 3411 526 3442 Ita
548 3411 637 3452 quod
651 3410 732 3441 sicut
750 3409 912 3450 aegritudo
928 3416 974 3440 est
987 3409 1122 3449 qualitas
1133 3418 1200 3439 non
1215 3418 1346 3448 compo-

289 3455 349 3486 sita
369 3461 426 3486 aut
447 3454 579 3485 collecta
594 3465 631 3484 ex
649 3453 792 3495 pluribus
811 3453 1014 3494 qualitatibus
1035 3452 1168 3482 dissonis
1187 3452 1219 3482 in
1237 3451 1346 3482 ordine

289 3499 330 3530 ad
352 3505 512 3536 naturam,
539 3499 593 3529 sed
618 3507 810 3538 consurgens
834 3497 885 3528 tali
909 3496 1101 3527 dissonantia
1124 3496 1156 3526 in
1180 3494 1346 3536 principali

2407 174 2454 220 95

1400 260 1502 292 parte;
1527 254 1570 284 sic
1594 254 1744 294 originale
1767 261 1930 294 peccatum
1956 263 2020 283 non
2045 260 2090 284 est
2121 252 2264 283 collectio
2293 259 2347 282 aut
2375 252 2454 282 ordo

1399 297 1648 329 inordinatarum
1666 297 1862 338 pronitatum
1885 298 1917 328 in
1941 298 2080 338 partibus
2099 297 2235 332 animae;
2259 297 2314 326 sed
2336 296 2455 326 inordi-

1401 348 1472 370 nata
1496 341 1635 380 pronitas
1659 341 1778 382 primae
1802 342 1897 381 partis
1919 341 2052 377 animae,
2078 351 2143 371 non
2166 340 2318 375 absolute,
2344 340 2397 370 sed
2421 347 2456 370 ut

1400 384 1452 414 illa
1476 385 1576 423 prima
1595 395 1666 425 pars
1685 385 1752 416 aliis
1767 385 1951 416 inordinatis
1967 385 2120 420 cohaeret,
2138 384 2295 424 qualitatis
2312 393 2392 424 quae
2409 390 2455 414 est

1400 427 1524 458 habitus
1548 429 1702 460 rationem
1725 429 1827 460 habet.
1856 430 1896 460 Et
1919 429 1980 459 hoc
2009 436 2054 460 est
2076 428 2161 459 idem
2184 428 2285 458 dicere
2308 427 2396 468 quod
2419 434 2455 458 ut

1401 478 1446 501 est
1468 471 1501 501 in
1523 479 1591 502 toto
1615 473 1735 512 primo:
1760 473 1935 513 aequivalet
1962 472 2047 503 enim
2074 482 2140 502 esse
2169 472 2202 502 in
2225 478 2312 512 parte
2342 478 2378 501 ut
2401 481 2454 501 co·

1401 514 1506 544 haeret
1528 515 1606 551 aliis,
1631 523 1661 546 et
1679 526 1745 546 esse
1769 516 1800 546 in
1824 524 1908 553 τοῖος
1934 517 2078 547 cohaeret
2101 525 2238 556 namque
2262 522 2390 555 propter
2404 522 2453 545 to-

1401 565 1479 588 tum.
1504 559 1595 588 Unde
1613 567 1642 590 et
1661 560 1692 589 in
1708 561 1736 590 V
1752 561 1933 601 Metaphys.
1948 561 1965 579 *
1988 560 2112 590 habitus
2135 559 2264 599 ponitur
2287 558 2452 599 dispositio

1401 611 1466 630 non
1490 602 1636 640 partium,
1661 604 1715 632 sed
1736 603 1879 634 habentis
1895 609 2016 644 partes.
2041 605 2124 640 Non,
2142 610 2177 634 ut
2193 603 2290 644 aliqui
2304 602 2452 642 interpre-

1400 651 1514 680 tantur,
1528 645 1602 685 quia
1618 655 1654 675 ex
1670 646 1929 685 dispositionibus
1948 648 2084 688 partium
2100 647 2229 678 resultat
2242 646 2274 677 in
2290 653 2360 677 toto
2375 656 2453 687 qua-

1400 688 1469 718 litas
1497 698 1578 728 quae
1602 696 1647 719 est
1670 689 1808 726 habitus,
1839 698 1915 730 puta
1938 692 2053 722 sanitas
2080 691 2130 721 vel
2153 690 2374 731 pulchritudo:
2397 690 2452 720 sed

1400 732 1475 772 quia
1498 732 1631 772 qualitas
1655 733 1773 772 primae
1796 734 1891 773 partis
1913 735 1945 764 in
1969 735 2079 765 ordine
2103 735 2142 765 ad
2164 735 2250 770 alias,
2274 744 2329 765 seu
2353 741 2390 764 ut
2407 740 2454 764 est

1400 775 1542 806 habentis
1565 776 1633 806 illas
1656 776 1699 806 sic
1718 777 1893 816 dispositas,
1918 785 1963 808 est
1986 779 2120 809 habitus.
2146 779 2180 808 In
2203 779 2292 809 cuius
2315 776 2451 817 si'gnum,

1401 819 1583 850 Aristoteles
1610 819 1642 849 in
1673 820 1773 859 prima
1801 821 1902 860 specie
1930 822 2086 861 qualitatis
2116 822 2223 862 posuit
2252 822 2388 852 calorem
2417 828 2453 852 ut

1401 870 1692 893 commensuratum
1716 871 1853 900 naturae,
1878 864 1910 894 in
1925 865 2195 896 Praedicamentis
2209 865 2235 896 *.
2260 865 2301 895 Et
2323 865 2451 895 inferius

1400 906 1432 936 in
1452 907 1509 936 hac
1526 907 1634 937 eadem
1651 907 1835 947 quaestione
1850 907 1868 925 *
1892 908 2004 938 dicitur
2021 909 2108 948 quod
2124 915 2285 948 peccatum
2303 909 2452 948 originale

1401 957 1447 980 est
1462 951 1494 980 in
1511 950 1653 990 pluribus
1669 951 1808 990 partibus
1825 952 1956 987 animae,
1973 959 2009 982 ut
2024 959 2098 982 sunt
2113 960 2214 992 partes
2229 953 2323 982 unius
2339 952 2450 982 totius:

1400 1001 1430 1024 et
1453 995 1541 1034 quod
1566 1002 1611 1025 est
1633 995 1805 1025 formaliter
1826 995 1858 1025 in
1882 995 1983 1035 prima
1999 1003 2085 1035 parte
2104 996 2235 1032 animae,
2259 996 2291 1025 in
2310 996 2452 1036 sequenti

1401 1038 1585 1078 quaestione
1599 1038 1616 1057 *
1639 1038 1768 1074 dicetur,
1792 1038 1824 1068 in
1849 1039 1956 1069 ceteris
1980 1046 2085 1069 autem
2109 1039 2315 1070 materialiter.
2338 1040 2452 1070 Putan-

1401 1082 1478 1112 dum
1502 1090 1548 1112 est
1569 1082 1664 1121 igitur
1685 1083 1783 1122 quod,
1804 1082 1884 1113 sicut
1898 1083 2084 1113 humoribus
2103 1083 2278 1113 inordinate
2295 1083 2452 1122 dispositis

1401 1132 1446 1156 est
1468 1125 1642 1160 infirmitas.
1666 1126 1709 1156 sic
1732 1127 1820 1167 quod
1838 1126 1870 1156 in
1891 1137 1956 1157 uno
1974 1134 2020 1157 est
2034 1126 2207 1157 formaliter
2228 1133 2259 1157 et
2278 1126 2309 1156 in
2326 1126 2452 1167 reliquis

1401 1169 1612 1206 materialiter;
1629 1169 1671 1200 ita
1688 1175 1718 1200 et
1733 1170 1772 1200 de
1788 1177 1916 1210 peccato
1936 1170 2087 1210 originali.
2108 1171 2149 1201 Et
2163 1170 2206 1201 sic
2222 1169 2356 1210 qualitas
2371 1180 2452 1210 quae

1400 1220 1471 1243 nata
1495 1220 1541 1244 est
1563 1214 1768 1244 determinare
1791 1221 1822 1244 et
1845 1214 2024 1244 modificare
2047 1214 2219 1254 potentiam
2245 1214 2374 1244 subiecti
2398 1214 2451 1244 ha-

1400 1257 1500 1288 bentis
1520 1264 1631 1297 partes,
1649 1265 1684 1288 ut
1700 1258 1752 1294 sic,
1770 1258 1801 1288 in
1819 1258 1928 1288 ordine
1944 1259 1983 1288 ad
1999 1265 2153 1294 naturam,
2171 1265 2239 1294 etc„
2257 1265 2303 1288 est
2317 1258 2450 1288 habitus.

1400 1302 1440 1332 Et
1462 1301 1506 1331 sic
1528 1308 1693 1341 peccatum
1717 1302 1867 1342 originale
1890 1309 1936 1332 est
1954 1302 2078 1332 habitus
2102 1309 2132 1332 et
2155 1302 2296 1342 qualitas.

1454 1345 1520 1376 VII.
1544 1346 1594 1375 Ad
1618 1345 1745 1375 tertium
1765 1345 1926 1376 dubium*
1942 1346 2055 1376 dicitur
2073 1346 2161 1386 quod
2181 1352 2343 1385 peccatum
2360 1345 2452 1385 origi-

1399 1389 1468 1419 nale
1484 1395 1530 1419 est
1543 1389 1678 1429 languor
1693 1396 1822 1420 naturae
1838 1389 1931 1419 etiam
1955 1389 2113 1420 absolute:
2137 1389 2289 1430 quoniam
2313 1388 2454 1420 consistit

1398 1433 1430 1463 in
1455 1433 1606 1463 contraria
1626 1433 1830 1473 dispositione
1853 1443 1919 1463 non
1942 1433 2047 1463 solum
2070 1433 2203 1463 iustitiae
2222 1433 2374 1472 originali,
2398 1433 2452 1463 sed

1399 1477 1521 1507 sanitati
1549 1477 1682 1507 naturali
1710 1477 1809 1516 ipsius
1838 1476 1977 1506 hominis
2004 1477 2194 1516 inquantum
2221 1476 2388 1507 rationalis.
2418 1477 2452 1506 In

1399 1527 1480 1551 statu
1503 1531 1641 1561 namque
1664 1521 1846 1551 harmoniae
1869 1520 1953 1550 illius
1976 1523 2056 1560 qu'ae
2080 1527 2144 1550 erat
2166 1521 2224 1550 sub
2251 1519 2368 1550 iustitia
2391 1520 2452 1550 ori·

1398 1565 1502 1604 ginali,
1523 1565 1588 1594 duo
1612 1571 1712 1595 erant:
1736 1564 1851 1595 scilicet
1872 1564 1940 1604 ipsa
1959 1564 2164 1594 consonantia
2183 1563 2298 1594 virium
2315 1563 2452 1600 animae;

1399 1616 1429 1639 et
1441 1608 1675 1648 supernaturale
1690 1609 1813 1638 donum
1829 1618 2015 1638 conservans
2029 1607 2117 1638 illam
2131 1607 2339 1638 harmoniam.
2353 1608 2452 1637 Modo

1399 1663 1464 1683 non
1480 1652 1586 1683 solum
1605 1662 1715 1682 sumus
1731 1651 1842 1692 privati
1858 1651 1912 1681 illo
1929 1651 2155 1691 supernaturali
2172 1651 2268 1687 dono,
2289 1651 2343 1681 sed
2359 1651 2452 1681 etiam

1397 1697 1449 1726 illa
1473 1696 1646 1732 harmonia,
1669 1696 1758 1732 dum,
1778 1695 1870 1725 nobis
1893 1695 2014 1731 relictis,
2030 1695 2062 1725 in
2081 1695 2209 1735 propria
2232 1694 2361 1735 singulis
2384 1705 2452 1734 par-

1399 1741 1482 1770 tibus
1504 1740 1714 1775 tendentibus,
1739 1740 1779 1769 ad
1801 1739 1988 1769 contrariam
2005 1739 2231 1769 dissonantiam
2249 1741 2334 1769 totus
2353 1739 2452 1768 homo

1399 1794 1519 1824 pronus
1541 1783 1709 1814 invenitur.
1733 1784 1831 1820 Quod
1854 1790 1961 1813 autem
1979 1783 2143 1813 harmonia
2162 1783 2214 1812 illa
2230 1782 2379 1813 naturalis
2402 1782 2450 1818 sit,

1399 1835 1483 1867 patet
1495 1838 1532 1858 ex
1547 1828 1619 1865 hoc,
1635 1828 1709 1867 quia
1725 1834 1771 1858 est
1786 1827 1962 1857 secundum
1978 1834 2134 1857 naturam:
2150 1826 2290 1856 naturale
2304 1836 2451 1866 namque,

1401 1879 1434 1902 ut
1449 1872 1481 1902 in
1499 1873 1524 1902 11
1539 1873 1666 1912 Physic.
1677 1871 1693 1890 *
1709 1871 1850 1907 habetur,
1871 1870 1983 1901 dicitur
2002 1871 2040 1900 de
2060 1880 2097 1900 eo
2114 1870 2201 1911 quod
2218 1876 2263 1900 est
2278 1870 2452 1900 secundum

1400 1923 1552 1946 naturam.
1578 1915 1711 1946 Constat
1734 1915 1819 1945 enim
1842 1915 2017 1945 secundum
2037 1921 2181 1944 naturam
2205 1920 2358 1949 nostram,
2389 1923 2453 1954 qua

1399 1960 1565 1990 rationales
1584 1969 1705 1995 sumus,
1726 1969 1792 1989 esse
1807 1959 1922 1989 borium
1942 1959 2115 1988 secundum
2133 1959 2285 1988 rationem
2301 1957 2334 1987 in
2350 1957 2453 1987 omni-

1399 2005 1458 2034 bus
1481 2004 1621 2043 partibus
1636 2003 1759 2033 animae
1781 2002 1910 2033 rationis
1929 2002 2144 2042 participibus;
2164 2008 2200 2032 ut
2217 2001 2398 2042 Dionysius,
2419 2001 2451 2030 in

1399 2058 1430 2077 1v
1452 2058 1519 2087 cap.
1543 2049 1583 2078 de
1604 2048 1678 2078 Div.
1698 2047 1792 2078 Nom.
1809 2046 1843 2082 *,
1868 2046 1953 2076 dicit.
1976 2046 2136 2076 Naturalia
2159 2051 2282 2083 autem,
2306 2045 2363 2075 etsi
2386 2055 2452 2076 non

1399 2092 1460 2122 sint
1483 2092 1584 2122 ablata
1598 2102 1616 2121 a
1630 2091 1732 2126 nobis,
1755 2098 1830 2121 sunt
1852 2097 1957 2121 tamen
1980 2089 2145 2120 infirmata.
2165 2089 2227 2120 Sed
2245 2089 2284 2119 de
2299 2089 2360 2119 hoc
2374 2088 2452 2119 infe-

1400 2136 1463 2166 rius
1478 2136 1495 2154 *
1517 2135 1608 2166 latior
1632 2135 1688 2165 erit
1710 2144 1824 2165 sermo.

1457 2179 1537 2210 VIII.
1561 2179 1612 2210 Ad
1627 2185 1775 2219 quartum
1791 2178 1925 2208 dubium
1939 2178 1957 2196 ‘¹‘
1971 2178 2074 2217 prima
2089 2177 2191 2207 fronte
2206 2176 2327 2206 videtur
2350 2176 2454 2206 dicen-

1400 2224 1477 2254 dum
1496 2224 1584 2264 quod
1607 2222 1707 2253 littera
1731 2229 1777 2253 est
1800 2229 1956 2262 corrupta,
1980 2228 2010 2252 et
2025 2221 2114 2262 quod
2133 2221 2224 2251 debet
2240 2220 2318 2259 legi:
2337 2220 2393 2251 sed
2408 2226 2454 2251 est

1398 2268 1523 2298 habitus
1537 2267 1728 2297 contrarius.
1746 2267 1834 2296 quta
1849 2265 1935 2296 hunc
1947 2275 2084 2306 namque
2100 2274 2228 2295 sensum
2240 2264 2354 2294 directe
2368 2264 2454 2294 satis-

1400 2311 1472 2342 facit
1495 2317 1691 2350 argumento‚
1717 2317 1747 2340 et
1770 2316 1924 2340 consonat
1942 2309 2000 2340 toti
2016 2309 2060 2339 illi
2080 2308 2288 2348 responsioni,
2307 2318 2371 2348 qua
2384 2308 2454 2338 vult

1399 2356 1486 2396 quod
1510 2355 1589 2385 sicut
1611 2354 1775 2394 aegritudo
1802 2363 1868 2384 non
1897 2360 1943 2384 est
1970 2363 2050 2393 pura
2077 2352 2209 2392 privatio
2233 2351 2388 2389 sanitatis,
2411 2351 2453 2381 ita

1400 2406 1564 2440 peccatum
1583 2397 1733 2438 originale
1750 2408 1816 2428 non
1832 2404 1877 2428 est
1892 2407 1971 2437 pura
1985 2387 2118 2437 privatio
2135 2395 2293 2435 originalis
2309 2395 2452 2431 iustitiae,

1400 2444 1453 2473 sed
1473 2450 1518 2473 est
1534 2443 1660 2472 habitus
1676 2441 1849 2472 contrarius
1865 2441 1919 2472 illi.
1944 2441 2005 2471 Sed
2021 2440 2095 2481 quia
2111 2441 2143 2470 in
2160 2439 2318 2480 sequentis
2334 2439 2454 2469 articuli

1400 2496 1531 2527 corpore
1556 2496 1697 2526 expresse
1721 2485 1834 2516 dicitur
1856 2485 1944 2526 quod
1963 2491 2127 2524 peccatum
2150 2483 2300 2523 originale
2324 2490 2370 2513 est
2391 2483 2453 2513 dis-

1394 2533 1510 2572 positio
1534 2535 1704 2570 corrupta;
1722 2536 1752 2560 et
1770 2539 1827 2569 par
1845 2536 1891 2559 est
1909 2529 2052 2569 quaestio
2070 2529 2108 2558 de
2127 2527 2235 2558 habitu
2252 2533 2400 2567 corrupto
2425 2533 2455 2557 et

1400 2575 1607 2615 dispositione
1630 2580 1787 2614 corrupta,
1807 2573 1960 2614 quoniam
1979 2578 2130 2612 corrupta
2146 2578 2192 2602 est
2208 2570 2348 2601 conditio
2364 2570 2454 2600 dimi-

1401 2629 1502 2649 nuens
1525 2618 1709 2658 utrobique:
1733 2617 1806 2647 ideo
1829 2617 1917 2647 aliter
1936 2617 2105 2647 dicendum
2121 2622 2175 2651 est,
2191 2614 2346 2656 quidquid
2361 2614 2400 2644 sit
2415 2614 2454 2644 de

1401 2663 1592 2694 correctione
1615 2661 1709 2692 huius
1731 2662 1860 2691 litterae.

1454 2708 1529 2737 Non
1552 2705 1686 2736 intendit
1706 2705 1802 2745 igitur
1824 2707 1944 2735 Auctor
1958 2714 2014 2743 per
2029 2703 2171 2733 habitum
2193 2708 2376 2741 corruptum
2400 2701 2452 2730 ha-

1400 2751 1502 2781 bitum
1525 2750 1580 2791 qui
1604 2749 1712 2785 desiit,
1737 2749 1818 2779 sicut
1840 2758 1896 2788 per
1913 2748 2077 2778 hominem
2093 2754 2255 2777 mortuum
2271 2744 2453 2784 intelligitur

1401 2796 1500 2825 homo
1525 2794 1580 2834 qui
1603 2793 1706 2823 desiit:
1737 2792 1779 2823 sic
1803 2792 1888 2823 enim
1911 2797 2095 2831 corruptum
2124 2797 2169 2820 est
2192 2789 2331 2820 conditio
2359 2788 2452 2818 dimi-

1401 2849 1512 2869 nuens.
1537 2838 1598 2868 Sed
1621 2837 1755 2867 intendit
1778 2843 1942 2876 peccatum
1966 2835 2114 2874 originale
2138 2843 2203 2864 esse
2222 2840 2286 2863 tam
2309 2832 2452 2863 habitum

1401 2893 1497 2924 quarn
1509 2881 1749 2922 dispositionem
1764 2880 1797 2910 in
1810 2880 2009 2920 corruptione
2022 2878 2256 2909 consistentem:
2274 2876 2353 2906 sicut
2367 2876 2452 2906 enim

1401 2927 1563 2967 aegritudo
1588 2932 1634 2955 est
1656 2925 1780 2955 habitus
1805 2923 1976 2954 consistens
1998 2923 2030 2952 in
2052 2921 2252 2960 corruptione
2268 2920 2451 2955 humorum,

1400 2971 1443 3002 ita
1466 2968 1799 3011 peccatum.originale
1814 2975 1860 2998 est
1875 2967 1998 2997 habitus
2017 2965 2188 2996 consistens
2203 2964 2235 2994 in
2252 2963 2453 3003 corruptione

1401 3015 1539 3055 partium
1555 3013 1688 3043 animae.
1705 3011 1926 3052 Corruptionis
1941 3011 2024 3040 enim
2039 3019 2166 3043 nomen,
2184 3014 2219 3038 ut
2234 3014 2319 3047 patet
2332 3007 2364 3037 in
2380 3007 2452 3037 VIII

1401 3059 1527 3099 Plrysic.
1547 3057 1575 3093 *,
1600 3057 1639 3087 ad
1658 3066 1787 3086 omnem
1804 3055 1934 3085 alicuius
1951 3053 2137 3084 desitionem
2151 3051 2334 3082 extenditur.
2354 3051 2395 3081 Et
2409 3050 2454 3081 sic

1401 3102 1561 3142 corruptio
1586 3107 1693 3131 contra
1716 3109 1830 3139 puram
1846 3098 2053 3138 privationem
2072 3095 2272 3135 distinguitur
2286 3094 2318 3124 in
2333 3094 2448 3125 littera:

1401 3146 1534 3186 privatio
1559 3145 1644 3175 enim
1663 3143 1737 3173 dicit
1758 3142 1956 3182 negationem
1976 3141 2007 3170 in
2023 3140 2163 3170 subiecto
2180 3145 2255 3179 apto
2271 3145 2360 3174 nato;
2386 3148 2454 3168 cor-

1401 3189 1507 3229 ruptio
1530 3198 1605 3218 vero
1629 3186 1715 3217 addit
1737 3186 1909 3226 positivum
1926 3184 2127 3219 contrarium,
2144 3183 2280 3214 fundans
2298 3182 2386 3212 illam
2401 3192 2454 3212 ne-

1400 3233 1570 3273 gationem.
1594 3232 1793 3261 Non-sanum
1818 3229 1902 3259 enim
1926 3227 2075 3268 privative
2103 3227 2176 3258 dicit
2198 3225 2337 3257 sanitatis
2362 3235 2452 3266 nega-

1400 3277 1520 3307 tionem
1543 3276 1575 3305 in
1600 3283 1731 3314 corpore
1755 3272 1860 3313 capaci
1883 3271 2035 3302 sanitatis:
2059 3280 2195 3312 aegrum
2214 3279 2290 3301 vero
2309 3269 2383 3301 dicit
2396 3270 2454 3300 hu-

1400 3330 1504 3350 mores
1528 3324 1694 3358 corruptos
1718 3327 1773 3357 per
1796 3316 1964 3347 contrarias
1983 3314 2205 3355 dispositiones
2221 3314 2260 3344 ad
2274 3313 2452 3350 sanitatem;

1400 3374 1436 3394 ac
1458 3373 1514 3403 per
1535 3363 1598 3392 hoc
1622 3368 1652 3392 et
1674 3361 1748 3392 dicit
1770 3360 1889 3400 aliquid
1911 3359 2093 3400 positivum,
2118 3365 2148 3389 et
2171 3365 2217 3389 est
2237 3357 2362 3388 habitus
2385 3367 2454 3388 cor-

1400 3414 1520 3448 ruptus,
1537 3406 1617 3436 idest
1632 3405 1665 3435 in
1679 3404 1882 3444 corruptione
1899 3403 2085 3438 consistens;
2105 3412 2179 3433 cum
2202 3412 2268 3443 quo
2284 3408 2344 3432 stat
2367 3401 2456 3442 quod

1400 3458 1446 3481 est
1466 3450 1602 3481 habitus.
1626 3449 1668 3480 Et
1689 3448 1790 3479 simile
1809 3455 1855 3479 est
1874 3448 1912 3478 de
1928 3453 2056 3489 peccato
2072 3446 2224 3487 originali,
2243 3445 2298 3487 qui
2315 3446 2456 3486 languor

1401 3501 1447 3525 est
1469 3500 1606 3525 naturae.

2480 566 2489 574 '
2498 563 2573 587 S.Th.
2586 564 2637 586 leet.
2648 570 2689 586 xx.

2479 590 2554 638 gnta.
2565 591 2605 612 nb.
2616 590 2656 618 1v,
2667 596 2688 612 ε.

2478 873 2488 882 ·
2503 872 2561 899 Cap.
2575 877 2612 898 vt,
2627 877 2650 893 n.
2664 878 2688 898 4.

2479 913 2489 923 ”
2498 914 2549 935 Art.
2560 919 2617 940 seq„
2630 912 2659 934 ad
2667 919 2689 941 3.

2478 1044 2529 1066 'Cf.
2538 1047 2581 1073 art.
2587 1050 2608 1071 2,
2617 1044 2688 1066 Com-

2479 1073 2550 1092 ment.

2479 1354 2488 1364 ·
2503 1353 2539 1375 Cf.
2554 1359 2618 1375 num.
2633 1359 2668 1375 nr.

2479 1876 2561 1924 'sciit
2574 1882 2628 1923 1¹23:
2641 1882 2662 1923 .⁵.·
2677 1886 2688 1891 ·

2478 2051 2688 2073 ⁸S.Th.lect.xxn.

2478 2132 2487 2140 ·
2504 2130 2552 2157 Qu.
2566 2136 2648 2151 cxxxv.

2479 2184 2490 2194 ⁸
2505 2183 2540 2205 Cf.
2555 2189 2619 2204 num.
2633 2188 2663 2204 tv.

2480 3059 2689 3115 ,Ἑτᾝῗίἓὲὶῖέέ

2480 3111 2600 3135 Cf.11b.v,
2613 3117 2638 3132 cn
2658 3126 2663 3132 .
2672 3117 2687 3135 ι,

2479 3144 2503 3186 a.
2518 3144 2542 3165 7;
2554 3144 2573 3159 s.
2582 3137 2627 3159 Th.
2646 3141 2691 3159 ect-
