2840 4010
106 1422 115 1431 '¹
130 1421 196 1442 Vers.
211 1427 239 1442 20
255 1427 304 1448 sqq.

107 1582 114 1590 ·
129 1579 195 1601 Vers.
212 1586 227 1601 ι.

1403 62 1413 81 l

347 170 422 206 230
1045 159 1310 207 QUAESTIO
1341 158 1424 204 cn,

345 247 544 295 Numquid
570 245 804 282 manducabo
829 253 960 279 carnes
988 246 1200 283 taurorum,
1230 242 1295 273 aut
1321 248 1406 272 san.-

344 301 499 350 guinem
536 299 727 335 hircorum
755 294 925 344 potabo?
958 294 1059 339 Ergo
1096 289 1406 327 inconvenienter

346 351 563 390 huiusmodi
592 349 774 387 sacrificia
801 349 885 384 Deo
915 344 1185 382 offerebantur.

401 418 435 442 2.
471 406 709 447 PRAETEREA,
746 401 783 437 in
816 397 1040 436 sacrificium
1068 402 1084 417 ‘²
1115 395 1287 432 divinum
1307 395 1404 433 'non

347 458 603 494 offerebantur
630 454 697 490 nisi
734 454 779 490 de
808 452 926 488 tribus
955 449 1156 498 generibus
1184 448 1404 485 animalium

346 509 649 559 quadrupedum,
680 506 817 542 scilicet
846 504 892 540 de
921 515 1057 550 genere
1087 502 1244 548 bovum,
1271 501 1403 538 ovium

346 571 382 599 et
411 572 630 610 caprarum;
660 566 695 595 et
725 558 771 595 de
801 557 947 602 avibus,
969 554 1225 592 communiter
1245 554 1402 603 quidem

344 622 463 652 turtur
492 621 527 649 et
555 612 755 656 columba;
785 609 994 658 specialiter
1016 616 1146 646 autem
1166 607 1206 644 in
1221 608 1404 645 emunda-

343 665 480 704 tione?
508 665 646 713 leprosi
676 664 794 700 fiebat
829 662 1057 699 sacrificium
1092 661 1139 699 de
1175 660 1402 709 passeribus.

343 721 464 757 Multa
478 726 605 755 autem
626 717 697 754 alia
711 715 888 754 animalia
903 723 990 752 sunt
1010 715 1062 751 eis
1082 715 1280 752 nobiliora.
1303 714 1402 750 Cum

342 773 450 821 igitur
474 783 589 808 omne
618 771 723 818 quod
753 777 808 806 est
835 768 1024 818 optimum
1053 769 1137 805 Deo
1162 768 1208 805 sit
1228 767 1404 816 exhiben-

344 828 449 872 dum,
478 825 629 862 videtur
657 824 761 871 quod
787 835 865 859 non
885 822 1010 859 solum
1029 823 1075 859 de
1095 821 1173 858 istis
1192 821 1306 857 rebus
1325 821 1404 857 fue-

343 880 415 917 rint
442 880 527 915 Deo
556 876 740 914 sacrificia
769 876 976 912 offerenda.

398 933 432 969 3.
454 933 687 976 PRAETEREA,
716 929 811 966 sicut
837 929 957 966 homo
978 940 1000 964 a
1023 929 1107 964 Deo
1136 927 1250 963 habet
1279 926 1403 964 domi-

342 985 449 1022 nium
476 983 686 1022 volatilium
716 992 752 1019 et
780 982 998 1029 bestiarum,
1029 981 1079 1018 ita
1099 980 1211 1017 etiam
1230 980 1402 1029 piscium.

343 1037 659 1077 Inconvenienter
695 1036 805 1084 igitur
840 1035 963 1083 pisces
996 1047 1019 1071 a
1053 1034 1183 1072 divino
1218 1033 1402 1070 sacrificio

344 1091 650 1130 excludebantur.

395 1157 433 1192 4.
458 1145 691 1189 PRAETEREA,
720 1141 979 1179 indifferenter
998 1139 1126 1177 offerri
1146 1138 1375 1177 mandantur
1388 1144 1404 1167 Υ

342 1206 504 1236 turtures
529 1204 565 1233 et
589 1195 804 1232 columbae.
827 1194 931 1231 Sicut
958 1193 1067 1241 igitur
1093 1192 1321 1229 mandantur
1350 1192 1404 1229 of-

342 1251 429 1289 ferri
450 1250 549 1299 pulli
574 1249 848 1293 columbarum,
877 1247 927 1283 ita
955 1246 1068 1283 etiam
1088 1245 1179 1295 pulli
1202 1253 1401 1282 turturum.

400 1305 432 1341 5.
453 1304 685 1349 PRAETEREA,
706 1303 812 1338 Deus
832 1307 888 1336 est
911 1307 1043 1341 auctor
1060 1299 1160 1335 vitae
1181 1311 1259 1335 non
1277 1299 1402 1336 solum

341 1357 556 1401 hominum,
577 1355 645 1392 sed
674 1354 787 1391 etiam
816 1352 1056 1399 animalium3
1085 1360 1127 1388 ut
1153 1359 1255 1400 patet
1277 1352 1403 1400 perid

343 1410 448 1459 quod
477 1409 611 1446 dicitur
638 1409 731 1445 Gen.
752 1419 762 1444 1
781 1406 812 1443 ²¹².
842 1407 948 1443 Mors
977 1413 1105 1442 autem
1125 1404 1331 1454 opponitur
1349 1405 1403 1442 vi-

342 1472 414 1501 tae.
447 1463 540 1499 Non
574 1474 662 1510 ergo
693 1461 906 1498 debuerunt
940 1460 1024 1496 Deo
1063 1458 1191 1495 offerri
1228 1458 1404 1496 animalia

343 1517 489 1564 occisa,
523 1515 591 1552 sed
623 1514 744 1562 magis
777 1512 953 1550 animalia
988 1511 1166 1549 viventia.
1196 1511 1402 1561 Praecipue

343 1570 432 1619 quia
460 1569 573 1606 etiam
593 1567 801 1616 Apostolus
824 1573 967 1612 monet,
987 1566 1099 1602 Rom.
1118 1577 1166 1602 ΧΠ
1181 1564 1212 1612 *,
1243 1570 1283 1602 ut
1299 1566 1403 1602 exhi-

342 1626 497 1661 beamus
511 1627 638 1659 nostra
657 1632 819 1668 corpora
837 1619 996 1656 hostiam
1010 1619 1206 1664 viventem,
1220 1624 1402 1665 sanctam,

341 1678 424 1714 Deo
445 1676 669 1724 placentem.

377 1730 432 1766 -6.
453 1730 685 1774 PRAETEREA,
706 1726 737 1763 si
756 1725 935 1763 animalia
962 1726 1047 1762 Deo
1076 1724 1114 1761 in
1142 1724 1370 1762 sacrificium
1389 1723 1403 1747 ὃ

279 1815 287 1823 .
342 1795 420 1820 non
449 1781 707 1818 offerebantur
734 1778 804 1816 nisi
833 1778 977 1825 occisa,
1008 1778 1111 1814 nulla
1138 1778 1288 1815 videtur
1320 1791 1402 1816 esse

108 1955 114 1962 ‘
130 1953 194 1975 Vers.
210 1960 229 1981 ¹5
246 1960 280 1981 sq.

105 2381 112 2388 ·
129 2378 194 2400 Vei-s.
210 2379 239 2400 18.

110 3271 119 3279 ⁴
140 3268 204 3290 Vers.
222 3275 242 3296 ¹5
257 3275 292 3296 sq.

342 1835 553 1873 differentia
572 1833 729 1883 qualiter
749 1831 978 1869 occidantur.
1005 1831 1322 1868 Inconvenienter
1338 1832 1403 1880 igi-

341 1898 401 1926 tur
429 1888 701 1925 determinatur
727 1885 867 1922 modus
895 1884 1178 1932 immolationis,
1198 1884 1403 1934 praecipue

340 1943 378 1980 in
407 1941 554 1988 avibus,
582 1947 625 1977 ut
651 1946 754 1988 patet
781 1939 899 1975 Levit.
921 1950 930 1974 1
950 1937 981 1974 ²⁸.

395 2008 431 2044 7.
455 1996 688 2039 plumeam,
713 1991 840 2028 omnis
869 1991 1037 2028 defectus
1066 1990 1238 2028 animalis
1265 1991 1328 2028 via
1347 1999 1403 2029 est

342 2049 391 2086 ad
423 2046 706 2096 corruptionem
744 2052 780 2082 et
816 2052 992 2082 mortem.
1024 2044 1064 2081 Si
1091 2044 1201 2092 igitur
1226 2044 1404 2082 animalia

342 2102 468 2139 occisa
495 2102 579 2137 Deo
609 2099 877 2145 offerebantur,
898 2097 1172 2135 inconveniens
1190 2097 1259 2135 fuit
1275 2098 1403 2147 prohi-

342 2156 433 2192 bere
462 2153 694 2191 oblationem
723 2151 896 2188 animalis
916 2151 1137 2200 imperfecti,
1161 2158 1254 2200 puta
1280 2151 1403 2189 claudi

342 2216 407 2245 aut
435 2207 548 2254 caeci,
578 2214 641 2243 aut
669 2204 775 2242 aliter
802 2204 997 2241 maculosi.

397 2262 432 2298 8.
452 2262 685 2305 PRAETEREA,
705 2257 755 2294 illi
778 2258 842 2306 qui
867 2257 1032 2294 offerunt
1059 2258 1202 2295 hostias
1220 2259 1318 2305 Deo,
1339 2257 1404 2295 de-

342 2315 432 2351 bent
462 2313 508 2350 de
533 2313 591 2349 his
609 2311 849 2360 participare;
875 2311 1086 2348 secundum
1106 2311 1198 2348 illud
1217 2311 1402 2360 Apostoli,

343 2369 357 2404 I
392 2368 478 2404 Cor.
499 2379 522 2403 x
541 2365 578 2402 *ε
607 2365 748 2403 Nonne
782 2365 847 2413 qui
877 2365 991 2401 edunt
1020 2365 1177 2410 hostias,
1202 2364 1404 2413 participes

340 2426 427 2457 sunt
444 2418 602 2457 altaris?
619 2418 935 2455 Inconvenienter
949 2417 1058 2465 igitur
1073 2417 1263 2467 quaedam
1278 2425 1403 2466 partes

340 2474 549 2511 hostiarum
565 2471 811 2508 offerentibus
826 2471 1154 2517 subtrahebantur,
1165 2471 1306 2508 scilicet
1320 2483 1403 2508 san-

341 2526 423 2575 guis
452 2533 488 2562 et
516 2525 645 2573 adeps,
667 2532 703 2561 et
730 2524 992 2572 pectusculum
1022 2531 1058 2560 et
1086 2536 1214 2561 armus
1243 2525 1383 2562 dexter.

396 2592 431 2627 9.
452 2580 685 2624 PRAETEREA,
716 2577 811 2614 sicut
837 2577 1060 2614 holocausta
1088 2577 1346 2614 offerebantur
1363 2577 1401 2614 in

341 2633 530 2669 honorem
559 2631 643 2678 Dei,
668 2630 719 2667 ita
747 2630 861 2667 etiam
885 2630 1031 2667 hostiae
1058 2630 1242 2679 pacificae
1271 2638 1307 2667 et
1333 2631 1402 2667 ho-

342 2685 433 2722 stiae
460 2697 531 2734 pro
565 2691 735 2733 peccato,
772 2684 849 2720 Sed
883 2684 1030 2720 nullum
1066 2683 1206 2720 animal
1235 2683 1404 2721 feminini

342 2751 453 2775 sexus
488 2737 720 2775 offerebatur
754 2738 838 2773 Deo
876 2736 915 2773 in
941 2737 1231 2774 holocaustum:
1261 2737 1404 2774 fiebant

342 2799 471 2828 tamen
502 2791 724 2828 holocausta
755 2797 834 2826 tam
868 2789 914 2827 de
948 2789 1259 2838 quadrupedibus
1287 2802 1403 2839 quarn

343 2845 389 2881 de
419 2844 564 2881 avibus.
599 2844 707 2891 Ergo·
735 2842 1048 2880 inconvenienter
1080 2843 1117 2879 in
1145 2843 1276 2880 hostiis
1304 2843 1404 2892 paci-

342 2897 424 2934 ficis
453 2905 489 2934 et
515 2910 585 2946 pro
614 2903 771 2945 peccato
805 2895 1063 2932 offerebantur
1091 2895 1268 2933 animalia
1297 2896 1404 2933 femi-

343 2950 421 2986 nini
452 2962 583 2995 sexus;
618 2957 655 2986 et
687 2957 815 2986 tamen
839 2954 851 2969 ε
880 2949 918 2985 in
955 2949 1085 2986 hostiis
1121 2949 1289 2997 pacificis
1323 2961 1402 2987 non

345 3003 600 3039 offerebantur
628 3014 730 3039 aves.

403 3068 459 3092 10.
481 3057 714 3103 PRAETEREA,
745 3067 880 3092 omnes
908 3055 1053 3092 hostiae
1081 3054 1263 3104 pacificae
1292 3055 1403 3092 unius

346 3108 489 3155 generis
518 3121 600 3145 esse
627 3108 816 3145 videntur.
846 3109 938 3145 Non
967 3120 1055 3156 ergo
1077 3108 1207 3146 debuit
1224 3108 1316 3157 poni
1335 3108 1405 3145 ista

347 3160 568 3208 differentia,
597 3161 702 3210 quod
730 3162 972 3210 quorundam
1000 3161 1250 3210 pacificorum
1273 3173 1405 3198 carnes

347 3224 425 3249 non
451 3221 606 3261 possent
632 3214 735 3250 vesci
759 3214 798 3250 in
818 3214 991 3261 crastino,
1012 3214 1255 3262 quorundam
1276 3222 1404 3252 autem

346 3273 512 3313 possent,
541 3273 581 3302 ut
608 3267 809 3303 mandatur
835 3267 952 3303 Levit.
973 3279 1021 3303 vn
1039 3267 1070 3303 ²⁸.

407 3329 463 3354 11.
490 3319 726 3366 PRAETEREA,
755 3319 885 3356 omnia
912 3327 1068 3368 peccata
1096 3320 1134 3356 in
1162 3321 1237 3357 hoc
1265 3333 1405 3358 conve-

346 3415 433 3474 PEFax}
448 3414 473 3439 in
493 3415 660 3447 sacrificium.
678 3429 696 3434 -
714 3416 872 3449 sacrificium
891 3417 949 3447 EF;
970 3425 1016 3449 pro
1036 3418 1222 3451 offerebantur,
1242 3418 1403 3452 offerebatur

434 3457 460 3474 a.

400 3483 425 3517 β)
445 3485 640 3509 emundatione.
653 3499 671 3503 -
684 3486 914 3511 emundationibus
934 3487 1034 3511 codices
1041 3495 1047 3518 ;
1067 3495 1114 3520 pro
1133 3489 1237 3519 leprosi,
1257 3489 1367 3521 leprosis
1381 3490 1403 3514 Α

347 3520 535 3553 CDEGHLpB,
554 3520 717 3551 leprosorum
737 3521 755 3544 F
758 3521 789 3544 Κ.

1454 157 1749 194 ARTICULUS
1778 158 1827 194 111

1461 233 1568 271 niunt
1596 234 1699 283 quod
1727 246 1749 270 a
1777 235 1861 270 Deo
1891 243 2076 273 avertunt.
2110 239 2212 286 Ergo
2240 251 2311 287 pro
2341 238 2519 275 omnibus

1459 287 1635 335 peccatis,
1656 287 1694 323 in
1714 286 1785 322 Dei
1806 287 2163 337 reconciliationem,
2183 303 2303 328 unum
2324 303 2442 339 genus
2462 304 2519 328 sa-

1460 340 1589 377 crificii
1618 339 1747 377 debuit
1774 339 1914 376 offerri.

1518 405 1575 430 12.
1596 394 1828 440 PRAETEREA,
1850 392 1980 429 omnia
1999 393 2174 431 animalia
2193 407 2291 443 quae
2307 396 2518 434 offereban-

1457 453 1518 483 tur
1545 447 1583 483 in
1611 446 1860 494 sacrificium,
1888 458 1966 482 uno
1995 446 2115 483 modo
2145 447 2420 496 offerebantur,
2450 450 2518 486 sci-

1457 499 1542 536 licet
1570 499 1706 536 occisa.
1737 500 1828 535 Non
1854 498 2005 536 videtur
2033 511 2121 546 ergo
2154 499 2385 537 conveniens
2413 504 2518 549 quod

1457 553 1504 589 de
1524 560 1645 590 terrae
1665 553 1906 589 nascentibus
1935 552 2190 592 diversimode
2218 553 2335 590 fiebat
2355 553 2517 592 oblatio:

1457 618 1558 642 nunc
1578 605 1678 642 enim
1700 605 1957 642 offerebantur
1984 606 2122 654 spicae,
2142 617 2244 642 nunc
2263 605 2396 653 simila,
2416 618 2519 644 nunc

1456 659 1576 707 paniS,
1593 658 1824 707 quandoque
1844 658 2000 708 quidem
2021 666 2150 696 coctus
2169 658 2207 695 in
2223 658 2384 707 clibano,
2400 671 2519 709 quan-

1458 713 1585 760 doque
1613 711 1651 747 in
1679 711 1882 759 sartagine,
1912 713 2144 760 quandoque
2172 711 2212 749 in
2241 711 2428 750 craticula.
2502 754 2504 759 .

1516 765 1573 802 13.
1595 765 1828 811 PRAETEREA,
1853 764 1983 802 omnia
2011 777 2108 814 quae
2137 765 2176 802 in
2202 777 2316 802 usum
2345 773 2517 804 nostrum

1456 818 1624 865 veniunt,
1646 829 1667 854 a
1691 818 1775 854 Deo
1805 829 2076 866 recognoscere
2106 818 2303 855 debemus.
2333 819 2519 856 Inconve-

1457 871 1602 908 nienter
1631 882 1719 917 ergo
1752 877 1902 918 praeter
1933 870 2126 918 animalia,
2155 871 2280 908 solum
2308 872 2404 908 haec
2431 873 2516 910 Deo

1456 924 1723 969 offerebantur,
1754 922 1874 971 panis,
1904 923 2052 971 vinum,
2082 925 2223 972 oleum,
2253 925 2338 962 thus
2369 933 2405 962 et
2431 926 2497 962 sal.

1517 975 1572 1024 i4.
1598 977 1830 1022 PRAETEREA,
1860 974 2044 1013 sacrificia
2072 977 2283 1026 corporalia
2303 978 2518 1028 exprimunt

1456 1029 1610 1068 interius
1647 1028 1872 1067 sacrificium
1902 1028 2046 1076 cordis,
2076 1041 2153 1078 quo
2189 1031 2310 1068 homo
2344 1031 2516 1081 spiritum

1457 1096 1570 1120 suum
1600 1083 1710 1120 offert
1737 1083 1833 1119 Deo.
1864 1082 1941 1119 Sed
1969 1081 2008 1118 in
2035 1082 2201 1120 interiori
2229 1083 2412 1122 sacrificio
2431 1085 2517 1134 plus

1458 1144 1514 1173 est
1541 1137 1588 1174 de
1618 1136 1827 1183 dulcedine,
1857 1147 1974 1184 quam
2002 1143 2257 1184 repraesentat
2283 1138 2372 1186 mel,
2402 1151 2517 1187 quam

1458 1189 1505 1226 de
1538 1189 1800 1235 mordacitate,
1831 1200 1948 1237 quam
1984 1197 2241 1236 repraesentat
2277 1191 2352 1228 sal:
2383 1191 2517 1229 dicitur

1458 1242 1559 1279 enim
1578 1243 1692 1280 Eccli.
1708 1254 1793 1279 xx1v
1811 1241 1846 1278 ²¹²:
1867 1241 2025 1290 Spiritus
2044 1253 2149 1278 meus
2165 1254 2279 1290 super
2295 1244 2371 1287 mel
2387 1244 2515 1292 dulcis.
2527 1245 2531 1250 '
2543 1254 2554 1265 ⁸

1457 1296 1558 1344 Ergo
1579 1295 1891 1333 inconvenienter
1908 1294 2182 1343 prohibebatur
2194 1294 2235 1332 in
2247 1294 2432 1335 sacrificio
2451 1310 2517 1347 ap-

1455 1349 1549 1398 poni
1577 1350 1652 1386 mel
1681 1356 1717 1385 et
1744 1348 1987 1397 fermentum,
2007 1347 2113 1396 quod
2136 1348 2250 1386 etiam
2270 1347 2360 1385 facit
2375 1361 2516 1399 panem

1456 1403 1652 1452 sapidum3
1683 1410 1718 1439 et
1746 1400 2047 1450 praecipiebatur
2074 1400 2126 1438 ibi
2154 1401 2297 1451 apponi
2325 1402 2392 1450 sal,
2411 1403 2518 1452 quod

1456 1464 1512 1494 est
1539 1455 1843 1503 mordicativum,
1873 1462 1909 1491 et
1936 1455 2038 1502 thus,
2063 1455 2167 1504 quod
2195 1455 2311 1492 habet
2337 1451 2518 1505 saporem

1455 1522 1641 1547 amarum.
1657 1509 1814 1546 Videtur
1837 1520 1926 1556 ergo
1947 1508 2053 1557 quod
2077 1519 2122 1544 ea
2144 1520 2242 1557 quae
2261 1508 2451 1558 pertinent
2467 1502 2518 1546 ad

1457 1562 1716 1599 caeremonias
1739 1561 2026 1609 sacrificiorum,
2053 1573 2133 1598 non
2158 1561 2327 1604 habeant
2355 1561 2517 1600 rationa-

1456 1615 1571 1654 bilem
1600 1627 1766 1652 causam.

1510 1669 1585 1706 SED
1613 1680 1758 1706 CONTRA
1785 1679 1852 1704 EST
1869 1667 1975 1715 quod
2003 1666 2138 1705 dicitur
2154 1667 2273 1704 Levit.
2294 1679 2305 1704 1
2323 1667 2360 1707 *z
2385 1661 2518 1720 Oblata
2545 1677 2555 1687 ·

1457 1722 1584 1759 omnia
1610 1722 1772 1760 adolebit
1796 1720 1972 1758 sacerdos
1997 1732 2111 1769 super
2136 1720 2258 1758 altare
2284 1721 2323 1759 in
2342 1713 2518 1772 holoca'u7

2569 1254 2636 1277 Vers-
2650 1260 2687 1283 ²7-

2569 1675 2636 1699 Ven.
2650 1682 2682 1704 ¹3-

1454 1781 1551 1813 stum
1578 1781 1614 1812 et
1640 1776 1792 1812 odorem
1819 1773 2083 1811 suavissimum
2110 1773 2291 1812 Domino.
2317 1774 2398 1818 Sed
2422 1774 2520 1827 sicut
2567 1775 2572 1778 ’

1457 1828 1591 1866 dicitur
1618 1829 1705 1876 Sap.
1726 1841 1773 1865 vu
1799 1827 1834 1875 ³¹²,
1864 1827 2051 1864 neminem
2079 1826 2202 1877 diligit
2226 1828 2331 1865 Deus
2358 1828 2431 1865 nisi
2454 1839 2520 1878 qus

1456 1894 1541 1919 cum
1560 1882 1740 1930 sapientia
1760 1881 1958 1918 inhabitat:
1979 1892 2023 1917 ex
2042 1882 2121 1928 quo
2135 1887 2262 1929 potest
2279 1879 2400 1930 accipi
2413 1879 2519 1932 quod

1456 1935 1639 1984 quidquid
1668 1942 1723 1972 est
1756 1936 1840 1971 Deo
1870 1941 2090 1983 acceptum,
2121 1941 2176 1971 est
2204 1946 2293 1971 cum
2318 1933 2517 1983 sapientia.

1457 1990 1558 2037 Ergo
1578 1989 1661 2026 illae
1683 1987 1948 2025 caeremoniae
1968 1986 2243 2024 sacrificiorum
2262 1999 2351 2025 cum
2368 1987 2519 2038 sapien-

1456 2042 1506 2079 tia
1535 2050 1655 2089 erant,
1685 2043 1790 2079 velut
1817 2041 2000 2078 habentes
2029 2039 2270 2079 rationabiles
2298 2052 2444 2078 causas.
2479 2072 2481 2076 ,

1509 2097 1733 2132 RESPONDEO
1753 2106 1937 2132 monimum
1957 2093 2073 2143 quod,
2094 2093 2190 2131 sicut
2208 2106 2324 2144 supra
2337 2093 2357 2115 '¹‘
2377 2087 2519 2145 dictum
2546 2105 2557 2115 ·

1457 2157 1528 2196 est,
1559 2148 1820 2186 caeremoniae
1849 2147 1987 2184 veteris
2014 2147 2105 2196 legis
2133 2147 2326 2196 duplicem
2363 2152 2519 2198 causan}

1456 2202 1663 2239 habebant:
1680 2214 1796 2239 unam
1812 2201 1952 2238 scilicet
1966 2200 2174 2248 litteralem,
2185 2201 2400 2249 secundum
2413 2195 2519 2251 quoa,

1457 2255 1729 2292 ordinabantur
1757 2254 1805 2291 ad
1835 2255 1978 2291 cultum
2004 2253 2098 2300 Dei;
2127 2249 2241 2291 aliam
2258 2266 2354 2291 vero
2476 2299 2478 2303 ι

1457 2309 1545 2356 lem,
1562 2309 1643 2346 sive
1662 2308 1876 2357 mysticam,
1892 2308 2105 2345 secundum
2121 2307 2228 2355 quod
2247 2306 2520 2356 ordinabantur

1457 2363 1507 2399 ad
1525 2362 1768 2410 figurandum
1790 2361 1994 2398 Christum.
2016 2361 2065 2398 Et
2084 2373 2131 2397 ex
2146 2368 2309 2409 utraque
2325 2367 2432 2409 parte
2449 2359 2520 2410 po-

1456 2422 1528 2452 test
1547 2415 1816 2452 convenienter
1839 2413 2020 2462 assignari
2044 2425 2159 2452 causa
2187 2413 2518 2462 caeremoniarum

1457 2481 1555 2518 quae
1583 2469 1632 2505 ad
1661 2468 1844 2505 sacrificia
1878 2467 2129 2516 pertinebant.
2159 2466 2381 2504 Secundum
2416 2465 2518 2513 enim

1457 2523 1562 2572 quod
1581 2521 1765 2559 sacrificia
1785 2520 2058 2558 ordinabantur
2073 2519 2122 2557 ad
2142 2520 2284 2556 cultum
2298 2519 2383 2567 Dei,
2404 2531 2519 2557 causa

1458 2575 1729 2613 sacrificiorum
1760 2573 1956 2623 dupliciter
1975 2572 2094 2623 accipi
2112 2580 2248 2622 potest.
2277 2573 2364 2611 Uno
2385 2572 2517 2621 modo,

1457 2630 1668 2666 secundum
1707 2628 1812 2676 quod
1849 2639 1918 2676 per
1954 2626 2138 2664 sacrificia
2165 2626 2520 2675 repraesentabatur

1457 2682 1643 2719 ordinatio
1670 2681 1807 2718 mentis
1834 2680 1873 2717 in
1901 2681 2041 2727 Deum,
2069 2680 2119 2716 ad
2148 2691 2264 2728 quam
2289 2678 2520 2727 excitabatur

1457 2734 1683 2772 sacrificium
1714 2734 1879 2771 offerens
1898 2731 1921 2770 ζ.
1950 2734 2012 2770 Ad
2041 2740 2183 2770 rectam
2212 2740 2340 2770 autem
2371 2731 2520 2780 ordina„

1456 2788 1598 2825 tionem
1635 2787 1772 2824 mentis
1814 2787 1852 2824 in
1885 2787 2012 2823 Deum
2045 2785 2207 2834 pertinet
2246 2785 2352 2834 quod
2389 2785 2520 2823 omnia‘

1457 2854 1555 2891 quae
1579 2842 1698 2877 homo
1727 2841 1853 2887 habet,
1883 2846 2132 2887 recognoscat
2149 2851 2172 2876 a
2190 2840 2276 2876 Deo
2296 2846 2479 2888 tanquam
2498 2851 2521 2876 a

1456 2894 1581 2944 primo
1611 2894 1806 2942 principio,
1837 2901 1873 2930 et
1901 2891 2051 2929 ordinet
2073 2891 2111 2928 in
2131 2893 2260 2931 Deum
2279 2899 2462 2940 tanquam
2482 2891 2520 2929 in

1456 2947 1633 2984 ultimum
1657 2947 1787 2983 finem.
1818 2947 1866 2982 Et
1893 2946 1967 2982 hoc
1988 2945 2339 2994 repraesentabatur
2357 2945 2396 2982 in
2415 2945 2520 2982 obla-

1458 3001 1623 3039 tionibus
1652 3007 1687 3036 et
1715 2998 1925 3045 sacrificiis,
1955 2999 2167 3035 secundum
2196 2998 2302 3048 quod
2327 2999 2446 3035 homo
2475 3009 2521 3035 ex

1459 3055 1573 3091 rebus
1598 3052 1687 3101 suis,
1708 3052 1815 3101 quasi
1843 3051 1881 3088 in
1907 3051 2206 3100 recognitionem
2231 3051 2336 3100 quod
2363 3051 2521 3088 haberet

1461 3120 1504 3144 ea
1532 3120 1554 3144 a
1582 3108 1680 3153 Deo,
1701 3106 1738 3143 in
1765 3106 1955 3142 honorem
1984 3105 2057 3142 Dei
2086 3117 2131 3142 ea
2160 3104 2362 3150 offerebat;
2388 3114 2520 3141 secun-

1460 3162 1553 3198 dum
1582 3160 1687 3208 quod
1715 3158 1805 3196 dixit
1824 3157 1963 3205 David,
1985 3159 1999 3194 I
2018 3158 2146 3195 Paral.
2162 3170 2247 3195 xxm
2265 3157 2302 3194 *z
2336 3158 2418 3194 Tua
2435 3161 2523 3193 sunt

1460 3214 1607 3257 omnia;
1635 3218 1670 3249 et
1688 3224 1784 3261 quae
1811 3212 1856 3248 de
1883 3223 2000 3248 manu
2026 3217 2090 3248 tua
2109 3211 2332 3259 accepimus,
2353 3209 2520 3247 dedimus

1460 3267 1534 3304 tibi.
1565 3267 1613 3302 Et
1641 3265 1727 3303 ideo
1756 3265 1793 3301 in
1822 3264 2014 3301 oblatione
2041 3264 2314 3301 sacrificiorum
2336 3268 2519 3312 protesta-

1459 3321 1570 3357 batur
1588 3320 1708 3355 horno
1734 3318 1839 3367 quod
1859 3319 1965 3355 Deus
1986 3324 2083 3354 esset
2101 3317 2266 3366 primum
2290 3314 2517 3364 principium

1510 3419 1536 3450 γ)
1557 3417 1730 3442 ηιαηάαηίιυκ
1749 3430 1767 3436 -
1786 3416 1985 3440 mandabantur
2004 3415 2042 3440 Pa
2061 3414 2101 3440 hic
2120 3419 2146 3439 et
2163 3421 2232 3438 mox.

1510 3452 1535 3484 δ)
1555 3452 1723 3484 sacrificium.
1741 3466 1760 3470 -
1777 3451 1908 3484 sacrificia
1927 3451 1956 3481 E,
1975 3450 2107 3482 sacrifice'o
2126 3448 2210 3474 ceteri.

1511 3489 1532 3519 ε)
1552 3492 1579 3512 et
1598 3491 1696 3512 tamen.
1713 3501 1733 3506 —
1750 3490 1868 3511 attamen
1887 3485 2094 3510 ABCDGHIKL.

1511 3523 1536 3555 ζ)
1556 3523 1714 3556 sacrificium
1739 3521 1859 3554 offerens.
1878 3534 1897 3539 -
1916 3527 1987 3545 mens
2006 3518 2061 3551 (orn
2081 3518 2112 3553 F)
2131 3518 2289 3551 sacrificium
2315 3516 2448 3550 offerentis
2467 3517 2519 3542 EF.

2545 1835 2557 1847 ³
2571 1834 2638 1857 Vm.
2652 1835 2690 1858 ²8.

2570 2105 2622 2127 Art.
2638 2105 2743 2133 praeced.

2547 3162 2556 3172 ·
2571 3161 2637 3184 Vera.
2652 3167 2684 3188 ¹4·

2832 2680 2840 2736 ...-ι
2832 2629 2840 2667 ,4.
2834 2489 2840 2620 ..m-ma...
2838 2478 2840 2482 l
2838 2467 2840 2471 .
