2840 4010
97 1514 106 1522 ·
115 1512 162 1540 Qu.
171 1517 224 1539 xcu,
239 1515 280 1534 art.
290 1518 306 1534 ι.

341 186 414 223 174

1032 176 1297 223 QUAESTIO
1327 176 1447 223 xcv,
1477 176 1772 213 ARTICULUS
1801 178 1816 213 1

778 373 1188 452 QUAESTIO
1226 331 2075 451 NoNAGESIMAQUINTA

1053 493 1152 534 DE
1198 493 1403 534 LEGE

1451 493 1791 535 HUMANA

1120 608 1155 634 IN
1185 608 1357 640 QUATUOR
1382 609 1584 635 ARTICULOS
1612 609 1729 634 DIVISA

421 715 527 741 EINDE
543 708 559 724 α
584 701 904 740 considerandum
925 709 980 739 est
999 702 1046 740 de
1065 702 1146 751 lege
1174 703 1343 739 humana
1361 701 1392 739 ²⁸³.

339 715 469 797 DEt
487 756 611 805 primo
632 755 798 804 quidem,
825 755 872 793 de
895 755 978 804 ipsa
1002 756 1084 803 lege
1104 755 1315 792 secundum
1336 767 1393 800 se3

337 810 518 856 secundo,
541 809 587 846 de
614 815 799 858 potestate
820 808 899 846 eius
918 808 956 856 *;
985 808 1106 856 tertio,
1129 808 1175 845 de
1205 807 1283 844 eius
1311 819 1395 844 mu-

335 862 513 901 tabilitate
527 862 575 899 ³¹⁶.-

338 916 447 954 Circa
474 915 642 965 primum
671 922 901 964 quaeruntur
928 921 1102 962 quatuor.
1156 918 1160 922 ⁷

1500 702 1650 738 Primo:
1680 702 1727 739 de
1757 702 1908 740 utilitate
1936 703 2064 753 ipsius.

1503 771 1703 808 Secundo:
1732 772 1779 809 de
1808 773 1951 820 origine
1979 774 2071 812 eius.

1501 843 1653 880 Tertio:
1683 843 1730 879 de
1760 842 1936 891 qualitate
1963 842 2092 892 ipsius.

1504 913 1672 960 Quarto:
1703 912 1749 950 de
1778 911 1964 951 divisione
1994 914 2177 953 eiusdem.

1153 1023 1469 1066 ARTICULUS
1499 1023 1704 1066 PRIMUS

761 1118 915 1149 UTRUM
939 1117 1098 1148 FUERIT
1121 1117 1253 1147 UTILE
1275 1116 1462 1154 ALIQUAS
1485 1116 1622 1148 LEGEs
1644 1116 1744 1148 ΡοΝι
1769 1117 1824 1147 ΑΒ
1848 1116 2086 1148 ΗοΜιΝιΒυε

1102 1200 1193 1232 Supra,
1213 1207 1258 1232 qu.
1275 1207 1331 1232 xer,
1350 1204 1397 1225 art.
1411 1199 1438 1231 33
1457 1200 1481 1224 X
1501 1200 1596 1229 Ethic„
1617 1201 1674 1225 lect.
1693 1208 1743 1226 xiv,

547 1303 570 1327 n
598 1296 739 1327 PRlMUM'
763 1301 816 1326 Sic
845 1300 1084 1327 PROCEDITUR.
1109 1288 1265 1325 Videtur
1292 1288 1398 1336 quod

548 1356 625 1380 non
659 1342 886 1379 fueritutile
923 1342 1066 1390 aliquas
1100 1342 1202 1389 leges
1229 1341 1321 1390 poni
1349 1341 1396 1378 ab

354 1390 403 1451 ὅ
415 1378 778 1444 hominibus.
806 1395 965 1432 Intentio
995 1394 1097 1431 enim
1124 1394 1319 1431 cuiuslibet
1346 1395 1398 1430 le—

394 1422 483 1477 §2⁹⁴3
506 1438 602 1498 Xgis
622 1457 676 1486 est
698 1456 739 1485 ut
766 1461 834 1497 per
861 1461 948 1485 earn
976 1448 1152 1485 homines
1172 1448 1265 1484 fiant
1292 1447 1396 1495 boni,

334 1503 430 1540 sicut
457 1515 571 1551 supra
593 1502 613 1524 ’¹‘
642 1502 783 1539 dictum
806 1509 870 1538 est.
893 1501 969 1538 Sed
998 1501 1174 1538 homines
1202 1500 1323 1548 magis
1342 1501 1396 1538 in-

334 1556 523 1593 ducuntur
560 1556 607 1593 ad
636 1556 782 1592 bonum
819 1554 1021 1592 voluntarii
1049 1566 1118 1602 per
1144 1554 1394 1602 monitiones,

333 1621 450 1657 quam
480 1609 600 1645 coacti
625 1621 695 1657 per
722 1609 823 1656 leges
843 1606 868 1644 β.
890 1609 992 1655 Ergo
1021 1619 1099 1643 non
1128 1607 1196 1643 fuit
1223 1619 1401 1644 necessa-r

333 1661 432 1699 rium
460 1663 560 1710 leges
588 1673 744 1711 ponere.
1148 1702 1150 1704 ,

387 1727 421 1752 2.
461 1715 701 1761 PRAETEREA,
740 1714 835 1751 sicut
873 1713 960 1750 dicit
992 1712 1264 1762 Philosophus,
1293 1712 1333 1750 in
1359 1713 1395 1750 V

265 1779 278 1799 ⁷
294 1784 305 1789 -
330 1768 450 1804 Ethic.
473 1769 512 1814 ³³,
542 1768 594 1804 ad
617 1768 775 1804 iudicem
795 1766 1022 1816 confugiunt
1041 1762 1210 1803 homines
1233 1766 1330 1803 sicut
1344 1766 1396 1803 ad

331 1821 467 1858 iustum
491 1821 712 1858 animatum.
739 1820 815 1857 Sed
838 1819 974 1856 iustitia
999 1818 1163 1856 animata
1185 1826 1239 1856 est
1258 1818 1394 1856 melior

332 1887 449 1923 quam
486 1873 709 1921 inanimata,
739 1885 836 1922 quae
865 1872 1010 1921 legibus
1040 1873 1260 1910 continetur.
1291 1873 1394 1920 Ergo

331 1927 468 1964 melius
494 1926 623 1964 fuisset
649 1934 691 1963 ut
720 1925 890 1963 executio
920 1924 1079 1962 iustitiae
1109 1923 1394 1963 commiteretur

332 1979 484 2017 arbitrio
504 1980 685 2028 iudicum,
703 1992 818 2028 quarn
839 1978 944 2027 quod
964 1990 1078 2028 super
1096 1979 1171 2015 hoc
1190 1980 1248 2016 lex
1269 1978 1394 2028 aliqua

332 2033 507 2071 ederetur
534 2038 560 2069 Υ.

387 2087 420 2123 3.
446 2087 683 2133 PRAETEREA,
713 2086 771 2122 lex
801 2084 925 2122 omnis
945 2084 1126 2121 directiva
1155 2092 1209 2122 est
1237 2093 1391 2122 actuum

165 2147 179 2161 ¹
210 2147 234 2162 ⁸¹
270 2147 302 2169 ⁷²·
330 2139 672 2187 humanorum,xut
700 2151 745 2175 ex
773 2137 996 2187 supradictis
1015 2137 1036 2159 ²¹²
1054 2145 1166 2187 patet.
1198 2138 1274 2176 Sed
1304 2150 1391 2176 cum

90 2618 99 2626 ·
106 2616 192 2645 Lib.V,
201 2623 251 2646 cap.
261 2624 300 2639 xx.

113 2994 139 3049 ‚nae0

138 3001 162 3043 5³?

206 3001 240 3049 ἓξ

330 2192 488 2229 humani
504 2200 608 2229 actus
624 2192 829 2229 consistant
847 2191 886 2228 in
905 2191 1168 2239 singularibus,
1185 2204 1284 2240 quae
1305 2198 1392 2228 sunt

331 2245 487 2293 infinita,
508 2258 586 2282 non
605 2253 765 2294 possunt
794 2257 838 2282 ea
857 2256 956 2293 quae
985 2244 1033 2281 ad
1054 2244 1301 2282 directionem
1322 2245 1391 2289 hu-

330 2310 534 2335 manorum
563 2305 717 2335 actuum
741 2298 941 2347 pertinent,
962 2297 1194 2335 sufficienter
1221 2297 1392 2336 conside-

330 2351 414 2398 rari,
436 2351 505 2388 nisi
534 2352 582 2387 ab
603 2351 728 2400 aliquo
749 2351 928 2399 sapiente,
951 2350 1015 2399 qui
1042 2350 1215 2399 inspiciat
1233 2351 1389 2399 singula.

330 2405 432 2452 Ergo
453 2404 588 2441 melius
609 2404 738 2441 fuisset
757 2403 908 2441 arbitrio
925 2403 1139 2451 sapientum
1161 2403 1267 2453 dirigi
1286 2413 1391 2442 actus

329 2457 532 2504 humanos,
554 2469 669 2506 quarn
690 2457 815 2507 aliqua
842 2457 923 2504 lege
942 2456 1077 2505 posita.
1099 2457 1201 2506 Ergo
1226 2470 1304 2495 non
1323 2458 1392 2494 fuit

329 2510 586 2547 necessarium
616 2512 716 2558 leges
745 2511 933 2547 humanas
960 2522 1116 2558 ponere.

384 2564 458 2600 SED
487 2575 633 2600 CONTRA
667 2575 732 2600 EST
761 2564 865 2612 quod
900 2562 1066 2599 Isidorus
1096 2562 1197 2611 dicit,
1227 2563 1266 2600 in
1293 2563 1388 2600 libro

327 2617 493 2664 Etymol.
510 2616 547 2653 *z
574 2618 715 2653 Factae
740 2622 828 2654 sunt
846 2616 946 2665 leges
972 2621 1012 2651 ut
1038 2628 1170 2653 earum
1199 2622 1299 2653 metu
1321 2617 1389 2654 hu-

327 2681 443 2706 mana
471 2675 707 2706 coerceretur
734 2670 911 2715 audacia,
945 2673 1096 2717 tutaque
1122 2670 1170 2706 sit
1199 2670 1295 2706 inter
1320 2670 1388 2706 im-

321 2724 463 2771 probos
491 2723 713 2768 innocentia,
735 2728 771 2759 et
796 2723 832 2759 in
862 2722 948 2771 ipsis
977 2722 1154 2770 improbis
1180 2723 1388 2770 formidato

326 2776 505 2824 supplicio
539 2777 751 2824 refrenetur
785 2776 945 2812 nocendi
972 2775 1150 2822 facultas.
1188 2776 1265 2813 Sed
1292 2776 1388 2812 haec

327 2836 413 2865 sunt
450 2829 615 2868 maxime
653 2828 864 2876 necessaria
901 2829 1071 2865 humano
1109 2829 1250 2876 generi.
1283 2829 1386 2878 Ergo

326 2882 583 2919 necessarium
612 2881 680 2918 fuit
706 2894 849 2930 ponere
878 2882 978 2930 leges
1006 2882 1194 2918 humanas
1222 2879 1247 2919 δ.

379 2936 604 2972 ΒΕεΡοΝῡΕο
637 2946 821 2972 D1CEND1JM
854 2935 979 2983 quod,
1014 2933 1109 2970 sicut
1141 2947 1185 2971 ex
1219 2934 1388 2983 supradi-

255 3002 280 3043 ἓν
326 2988 391 3024 ctis
420 2990 439 3007 ⁴⁵
468 2995 589 3036 patet,
629 2987 775 3024 homini
808 2987 1026 3024 naturaliter
1062 2987 1158 3023 inest
1195 2987 1383 3036 quaedam

325 3041 494 3089 aptitudo
523 3041 572 3078 ad
599 3041 800 3086 virtutem;
830 3041 896 3078 sed
925 3040 1006 3089 ipsa
1033 3040 1178 3077 virtutis
1205 3040 1384 3089 perfectio

325 3106 479 3130 necesse
509 3102 564 3130 est
591 3094 696 3143 quod
732 3093 879 3130 homini
907 3092 1086 3131 adveniat
1121 3105 1190 3142 per
1218 3093 1384 3141 aliquam

326 3146 571 3195 disciplinam.
607 3147 712 3183 Sicut
740 3147 854 3183 etiam
882 3146 1059 3183 videmus
1094 3146 1199 3194 quod
1226 3158 1295 3194 per
1322 3146 1386 3183 ali-

325 3210 440 3246 quam
469 3199 691 3237 industriam
722 3199 944 3236 subvenitur
975 3199 1122 3236 homini
1150 3199 1188 3236 in
1217 3199 1293 3236 suis
1321 3211 1386 3236 ne-

326 3251 570 3299 cessitatibus,
591 3261 681 3300 puta
706 3253 742 3289 in
764 3252 847 3289 cibo
870 3260 904 3289 et
923 3252 1073 3299 vestim,
1097 3265 1262 3301 quorum
1282 3252 1385 3289 initia

325 3304 514 3352 quaedam
535 3306 648 3341 habet
667 3318 689 3341 a
708 3313 851 3352 natura,
874 3305 1012 3342 scilicet
1037 3305 1221 3342 rationem
1250 3313 1285 3342 et
1305 3318 1384 3342 ma-

1451 1301 1543 1336 nus,
1573 1301 1651 1325 non
1675 1296 1803 1325 autem
1831 1288 1956 1337 ipsum
1978 1290 2316 1339 complementum,
2338 1291 2432 1329 sicut
2452 1305 2511 1330 ce-

1450 1349 1530 1379 tera
1557 1341 1745 1388 animalia,
1766 1341 1902 1390 quibus
1925 1350 2057 1379 natura
2081 1342 2185 1380 dedit
2211 1343 2442 1382 sufficienter
2459 1353 2512 1382 te-

1450 1403 1673 1443 gumentum
1694 1402 1730 1431 et
1759 1395 1899 1432 cibum.
1920 1396 1982 1432 Ad
2009 1396 2108 1433 hanc
2127 1404 2255 1434 autern
2276 1397 2512 1446 disciplinam

1449 1460 1528 1484 non
1549 1448 1595 1485 de
1620 1448 1716 1485 facili
1736 1448 1926 1485 invenitur
1953 1449 2071 1486 homo
2091 1449 2161 1485 sibi
2180 1449 2384 1487 sufficiens.
2411 1451 2513 1498 Quia

1448 1501 1628 1549 perfectio
1647 1501 1793 1538 virtutis
1812 1501 2016 1550 praecipue
2036 1502 2202 1539 consistit
2221 1502 2259 1540 in
2283 1504 2510 1541 retrahendo

1448 1554 1646 1591 hominem
1684 1555 1731 1591 ab
1769 1554 1944 1591 indebitis
1977 1554 2308 1603 delectationibus,
2338 1556 2387 1594 ad
2415 1569 2510 1605 quas

1447 1607 1650 1656 praecipue
1679 1607 1855 1643 homines
1884 1615 1970 1644 sunt
1996 1608 2120 1657 proni,
2147 1609 2184 1645 e't
2210 1609 2510 1658 maxiinuve-

1447 1672 1526 1707 nes,
1548 1660 1645 1696 circa
1674 1673 1770 1710 quos
1807 1660 1997 1697 efficacior
2024 1668 2079 1697 est
2108 1653 2508 1728 disciplin'a..sEJ'f;i.deo

1448 1711 1598 1762 oportet
1625 1713 1728 1762 quod
1756 1713 1977 1750 huiusmodi
2007 1713 2265 1764 disciplinam,
2320 1751 2340 1763 ,Δ
2374 1718 2508 1767 Qum

1446 1763 1495 1803 ad
1523 1766 1700 1803 virtutem
1729 1766 1971 1816 perveniatur
1998 1771 2022 1813 ε,
2043 1767 2220 1805 homines
2249 1768 2297 1806 ab
2318 1756 2511 1860 §huseg

1446 1819 1594 1856 riantur.
1625 1820 1674 1856 Et
1692 1819 1848 1868 quidem
1878 1827 2064 1868 quantum
2089 1821 2138 1858 ad
2157 1821 2241 1858 illos
2265 1820 2475 1874 iuvenes'q
2495 1861 2498 1865 ,

1447 1880 1534 1909 sunt
1551 1873 1663 1921 proni
1678 1873 1726 1909 ad
1746 1880 1851 1910 actus
1865 1872 2059 1921 virtutum,
2077 1885 2122 1910 ex
2141 1874 2244 1911 bona
2260 1861 2511 1935 disposition&

1446 1933 1614 1972 naturae,
1636 1926 1695 1962 vel
1726 1926 2011 1973 consuetudine,
2031 1927 2094 1963 vel
2123 1926 2244 1976 magis
2263 1912 2510 1988 &³7anan

1446 1991 1548 2025 nere,
1570 1979 1708 2015 suffieit
1732 1979 1925 2028 disciplina
1943 1987 2112 2028 paterna,
2134 1979 2525 2042 quaeest*12'1'311'111267¹

1446 2031 1618 2068 nitiones.
1646 2031 1722 2068 Sed
1757 2032 1846 2081 quia
1878 2032 2122 2078 inveniuntur
2150 2021 2509 2082 quidam'proiervi

1447 2092 1483 2121 et
1501 2085 1550 2122 ad
1568 2084 1660 2121 vitia
1687 2084 1810 2133 proni,
1831 2085 1896 2135 qui
1914 2085 2041 2122 verbis
2066 2086 2113 2124 de
2133 2085 2231 2135 facili
2257 2075 2408 2135 moveri
2424 2089 2509 2147 ‘1193

1445 2145 1624 2186 possunt3
1651 2137 1907 2175 necessarium
1933 2138 2000 2175 fuit
2026 2146 2069 2176 ut
2094 2151 2165 2188 per
2190 2136 2345 2189 vim'et
2361 2142 2507 2184 metum

1446 2191 1712 2228 cohiberentur
1739 2203 1760 2227 a
1790 2193 1913 2238 malo,
1942 2199 1983 2228 ut
2010 2193 2143 2230 saltem
2172 2191 2225 2229 sic
2252 2190 2352 2229 male
2379 2190 2507 2230 faeci-‘e'

1445 2243 1677 2290 desistentes,
1708 2251 1744 2280 et
1772 2244 1852 2281 aliis
1881 2244 2047 2294 quietam
2074 2245 2191 2282 vitam
2220 2235 2510 2292 redderent','et

1443 2297 1514 2346 ipsi
1541 2297 1697 2334 tandem
1716 2309 1784 2346 per
1811 2297 2032 2335 huiusmodi
2052 2296 2336 2342 assuetudinem
2364 2296 2413 2339 ad
2431 2291 2508 2358 hoff

1443 2350 1741 2399 perducerentur
1755 2351 1860 2399 quod
1878 2350 2091 2388 voluntarie
2110 2351 2276 2389 facerent
2289 2352 2388 2403 quae
2401 2348 2509 2407 prius

1443 2411 1548 2440 metu
1568 2403 1787 2452 implebant,
1809 2411 1845 2440 et
1864 2404 1915 2441 sic
1933 2405 2069 2441 fierent
2087 2404 2255 2442 virtuosi.
2274 2402 2506 2443 Huiusmodi

1444 2464 1571 2494 autem
1601 2456 1796 2505 disciplina
1825 2463 1964 2505 cogens
1992 2465 2097 2494 metu
2123 2469 2287 2507 poenae,
2313 2465 2369 2495 est
2397 2457 2506 2502 disci-

1442 2509 1545 2558 plina
1564 2511 1699 2558 legum.
1718 2510 1828 2547 Unde
1849 2510 2103 2547 necessarium
2123 2510 2190 2547 fuit
2210 2510 2258 2548 ad
2275 2523 2414 2560 pacem
2433 2511 2502 2555 h0·.

1444 2562 1591 2600 minum
1609 2571 1644 2599 et
1657 2562 1847 2610 virtutem,
1864 2570 1904 2600 ut
1918 2564 2018 2611 leges
2032 2571 2280 2612 ponerentur:
2298 2563 2387 2612 quia
2410 2560 2506 2607 sicut

1443 2615 1698 2664 Philosophus
1727 2616 1824 2663 dicit,
1850 2615 1888 2653 in
1917 2617 1930 2652 I
1958 2615 2065 2653 Polit.
2084 2615 2116 2663 ²¹³,
2136 2617 2232 2658 sicut
2256 2617 2381 2663 homo,
2401 2617 2436 2654 si
2459 2614 2506 2654 sit
2530 2627 2542 2639 ⁴·

1435 2670 1625 2717 perfectus
1643 2670 1789 2715 virtute,
1806 2675 1860 2706 est
1877 2669 2056 2718 optimum
2072 2670 2294 2706 animalium
2304 2683 2318 2715 ‚·
2335 2670 2400 2717 sic,
2414 2670 2449 2707 si
2458 2670 2506 2707 'sit

1440 2727 1635 2770 separatus
1657 2734 1681 2758 a
1702 2722 1786 2772 lege
1803 2728 1839 2759 et
1857 2723 2004 2768 iustitia,
2025 2728 2078 2759 est
2090 2723 2295 2771 pessimum
2315 2723 2504 2769 omnium,-

1443 2775 1531 2824 quia
1549 2775 1668 2811 homo
1689 2776 1803 2812 habet
1822 2787 1928 2812 arma
1948 2775 2101 2812 rationis
2121 2775 2170 2812 ad
2191 2776 2394 2824 explendas
2414 2789 2503 2815 con-

1443 2828 1691 2877 cupiscentias
1730 2836 1766 2864 et
1803 2828 1994 2876 saevitias,
2024 2841 2123 2877 quae
2152 2841 2231 2866 non
2258 2829 2400 2867 habent
2432 2829 2503 2868 alia

1442 2881 1630 2918 animalia.

1493 2935 1552 2971 AD
1572 2946 1708 2970 PmMUM
1732 2945 1830 2970 ERGO
1858 2945 2041 2971 chENDUM
2068 2934 2173 2982 quod
2201 2934 2376 2972 homines
2403 2935 2503 2973 bene

1442 2987 1608 3036 dispositi
1635 2986 1770 3023 melius
1793 2987 2022 3024 inducuntur
2045 2988 2095 3024 ad
2122 2987 2300 3025 virtutem
2325 2987 2504 3031 monitio-

1440 3040 1551 3077 nibus
1583 3039 1804 3077 voluntariis
1842 3052 1958 3089 quam
1997 3041 2212 3078 coactione:
2243 3042 2310 3078 sed
2348 3041 2503 3090 quidam

1440 3094 1538 3130 male
1573 3092 1741 3142 dispositi
1780 3105 1858 3130 non
1903 3093 2092 3131 ducuntur
2128 3094 2176 3131 ad
2213 3093 2393 3131 virtutem
2430 3093 2501 3132 nisi

1441 3154 1632 3194 cogantur.
2070 3163 2077 3165 *

1492 3201 1551 3236 AD
1575 3211 1764 3236 SECUNDUM
1785 3211 1968 3237 DICENDUM
1989 3200 2106 3247 quod,
2132 3199 2227 3237 sicut
2245 3199 2500 3248 Philosophus

1441 3252 1538 3299 dicit,
1561 3253 1573 3288 I
1602 3254 1757 3289 Rhetor.
1778 3254 1808 3300 *,
1830 3253 1960 3289 melius
1979 3258 2034 3289 est
2059 3254 2187 3290 omnia
2216 3251 2388 3290 ordinari
2405 3252 2499 3302 lege,

1439 3317 1553 3354 quam
1586 3306 1769 3342 dimittere
1798 3306 1961 3343 iudicum
1990 3306 2158 3343 arbitrio.
2177 3306 2226 3343 Et
2243 3306 2318 3342 hoc
2345 3312 2501 3354 propter

377 3433 405 3468 α)
426 3434 536 3458 Deinde.
555 3447 572 3452 -
593 3435 786 3465 Consequenter
804 3436 914 3460 codices.

378 3468 403 3504 β)
423 3469 508 3494 coacti
522 3476 573 3500 per
591 3470 669 3501 leges.
683 3483 700 3487 —
715 3470 795 3494 tracti
805 3478 856 3501 per
869 3471 952 3503 legem
968 3471 1042 3502 EFK,
1057 3472 1137 3496 tracti
1147 3479 1198 3503 per
1212 3472 1282 3504 leges
1297 3472 1383 3497 ceteri.

376 3506 403 3539 γ)
423 3505 553 3529 ederetur.
572 3518 590 3522 -
608 3505 765 3529 conderetur
784 3505 812 3529 P.

1493 3436 1518 3470 δ)
1538 3437 1676 3461 humanas.
1694 3451 1714 3456 -
1732 3437 1792 3461 Om.
1812 3437 1922 3462 codices.
2038 3465 2043 3471 .

1494 3472 1516 3506 ε)
1532 3473 1717 3504 perveniatur.
1735 3486 1753 3491 -
1768 3473 1925 3504 pervenr'tur
1943 3472 2040 3496 EFKL.

2527 3260 2536 3270 ·
2553 3259 2611 3287 cap.
2624 3265 2640 3287 ι,
2655 3265 2680 3282 n.
2693 3265 2718 3288 7.
