2840 4010
68 1844 123 1868 ‘De
131 1843 191 1867 Fue
201 1843 279 1871 om„

65 1871 140 1921 Qu
156 1876 280 1925 ῗιῖἐξέῑ

66 1933 279 1988 'Qu-u:1‚nrt.r.

66 2161 151 2211 §.⁰32
159 2167 224 2210 ¹1¹3AE
234 2167 259 2210 1³1:
268 2171 278 2176 '

65 2424 78 2437 ⁸
92 2424 159 2447 Vn.
172 2423 206 2447 16.

66 3226 80 3238 ”
92 3226 144 3248 Art.
157 3225 266 3255 praeced.

993 144 1258 191 QUAESTIO
1289 145 1392 191 ClX,
1421 143 1716 180 ARTICULUS
1746 144 1776 179 11

355 225 396 256 Et
422 223 577 264 quoniam
610 233 684 254 cum
707 224 868 264 quaeritur
901 231 1009 254 utrum
1037 224 1103 254 sine
1135 222 1232 263 gratia
1263 222 1364 262 possit

301 269 402 299 homo
424 267 557 307 aliquod
572 268 808 307 supernaturale
825 277 937 298 verum
961 277 1161 307 cognoscere,
1182 276 1247 296 non
1270 275 1364 306 quae-

301 311 379 342 ritur
401 311 468 341 sine
491 311 550 341 hac
572 311 623 341 vel
645 311 699 342 illa
725 311 823 352 gratia
844 322 898 342 seu
923 311 1038 351 gratiae
1062 310 1182 346 effectu,
1198 309 1253 340 sed
1273 309 1363 339 abso-

300 356 366 386 lute
389 355 455 385 sine
479 355 568 385 omni
591 355 698 395 gratia,
725 362 760 386 ut
782 355 880 395 gratia
904 362 950 386 est
972 365 1066 395 supra
1089 361 1195 385 totum
1218 353 1382 382 ordinem„

301 398 507 435 naturalium;
530 406 560 430 et
579 398 611 429 in
635 399 735 430 littera
759 399 922 430 manifeste
946 399 1098 439 probatur
1120 396 1283 428 conclusio
1308 407 1362 426 ne-

300 442 403 483 gativa
431 453 468 473 ex
501 450 587 483 parte
620 443 734 474 obiecti
764 443 946 473 naturaliter
975 442 1087 472 motivi
1119 440 1309 475 intellectus;
1334 447 1364 470 et

301 487 443 518 consistit
466 487 513 517 vis
542 487 670 518 rationis
693 487 726 517 in
750 487 830 522 hoc,
857 486 946 527 quod
969 485 1146 516 intellectus
1169 494 1235 513 non
1259 490 1364 523 potest

302 531 483 562 naturaliter
513 541 702 571 cognoscere
733 530 792 560 nisi
825 530 913 571 quod
942 529 975 559 in
1006 528 1056 559 vel
1079 538 1116 558 cx
1146 527 1280 558 naturali
1304 537 1363 557 suo

302 575 426 606 obiecto
450 575 592 611 habetur,
617 581 803 614 constatque
827 583 893 603 non
916 572 1023 612 solugn
1046 571 1145 602 nostri
1167 571 1362 607 intellectus,

303 620 357 649 sed
381 619 535 660 cuiusque
556 619 650 650 creati
673 618 848 649 intellectus
874 616 1015 647 naturale
1039 616 1199 647 obiectum
1219 615 1258 645 ad
1274 621 1364 645 natu—

302 663 377 693 ralia
401 670 525 693 tantum
541 673 574 693 se
590 662 772 693 naturaliter
786 661 963 691 extendere:
988 661 1060 691 ideo
1076 666 1204 700 oportet
1218 659 1363 689 absolute

303 707 508 742 concludere,
533 713 570 737 ut
591 706 623 736 in
646 705 749 736 littera
770 704 821 740 fit,
846 705 934 745 quod
959 704 1025 734 sine
1048 704 1145 744 gratia
1168 702 1364 743 impossibile

303 758 349 782 est
364 750 602 791 supernaturale
625 759 735 779 verum
753 758 952 788 cognoscere.
977 749 1027 778 Ad
1050 748 1187 788 gratiam
1206 746 1364 787 siquidem

303 801 422 834 spectat
437 794 585 825 revelatio
602 793 813 833 spectantium
830 793 868 823 ad
883 792 990 828 fidem,
1004 800 1034 823 et
1046 792 1274 822 miraculorum
1288 800 1364 830 ope-

306 838 394 875 ratio,
415 845 445 869 et
463 838 488 868 si
512 837 589 878 quid
606 844 652 867 est
667 836 752 867 aliud
777 837 948 873 eiusmodi;
974 843 1004 867 et
1025 836 1156 867 luminis
1175 834 1364 865 nonnullius

2400 152 2469 187 291

1416 222 1571 252 rationem
1587 222 1712 258 habent,
1727 222 1919 262 inquantum
1935 221 2163 252 manifestativa
2178 229 2251 252 sunt
2267 231 2379 252 eorum
2395 232 2476 262 quae

1417 273 1491 297 sunt
1506 265 1589 302 fidei,
1604 266 1690 296 iuxta
1705 265 1784 296 illud
1799 266 1841 297 ad
1855 266 1971 307 Ephes.
1984 276 2004 295 v
2014 266 2046 295 *:
2067 265 2169 296 Omne
2183 266 2268 306 quod
2290 266 2475 306 manffesta-

1418 315 1481 347 tur,
1500 310 1606 340 lumen
1622 315 1688 346 est‚·
1706 310 1772 340 sine
1789 320 1855 350 quo
1871 310 1981 340 saltem
2005 309 2200 350 impossibile
2220 316 2266 340 est
2285 317 2320 341 ut
2336 310 2476 340 naturale

1417 354 1526 383 lumen
1541 353 1716 384 intellectus
1732 354 1772 383 ad
1788 354 2036 394 supernaturalia
2052 364 2084 384 se
2104 354 2261 390 extendat,
2278 361 2314 384 ut
2329 353 2361 383 in
2376 353 2477 384 littera

1418 397 1632 433 concluditur,
1658 407 1741 438 quae
1764 398 1940 428 naturalem
1963 398 2140 438 potentiam
2168 397 2298 428 luminis
2328 397 2477 428 naturalis

1418 441 1541 470 obiecto
1565 441 1697 472 naturali
1721 442 1876 482 adaequat
1899 442 2079 472 naturaliter
2102 442 2134 472 in
2158 442 2391 482 cognoscendo.

1476 485 1527 514 IV.
1545 485 1592 514 De
1616 495 1744 515 assensu
1761 492 1868 516 autern
1891 493 1965 526 post
1987 486 2049 516 hoc
2063 486 2236 526 gratuitum
2258 486 2368 517 lumen
2391 495 2477 516 reve-

1417 527 1543 558 lationis
1567 535 1621 559 aut
1640 529 1793 566 miraculi,
1817 530 1877 559 alia
1900 530 2042 570 quaestio
2066 537 2122 560 est.
2147 530 2238 567 Quae
2260 530 2293 560 in
2314 529 2478 560 communi

1418 571 1548 611 quidem
1572 579 1690 612 spectat
1713 573 1751 602 ad
1775 581 1924 614 quartum
1955 573 2050 604 huius
2074 573 2269 615 quaestionis
2299 573 2476 609 articulum,

1420 615 1472 644 ubi
1497 616 1656 656 quaeritur
1680 623 1787 647 utrum
1811 617 1911 648 homo
1935 617 2035 658 possit
2059 625 2223 658 praecepta
2254 617 2377 648 divinae
2401 617 2478 657 legis

1419 669 1455 689 ex
1478 659 1553 689 solis
1586 661 1780 691 naturalibus
1804 661 1954 701 implere:
1978 672 2052 691 nam
2075 662 2156 692 inter
2185 661 2291 692 divina
2312 668 2478 701 praecepta

1419 703 1597 734 continetur
1620 712 1823 744 praeceptum
1854 705 1936 736 fidei.
1960 706 1994 735 In
2019 706 2145 746 speciali
2168 713 2274 736 autem
2298 713 2416 746 spectat
2439 706 2478 735 ad

1419 747 1636 786 quaestionem
1657 755 1774 778 sextam
1787 746 1802 763 *
1818 749 1980 779 Secundae
1996 749 2167 786 Secundae,
2182 750 2245 786 ubi,
2259 750 2328 780 Deo
2344 750 2478 790 gratiose

1419 792 1620 827 concedente,
1645 792 1787 822 Durandi
1816 793 1945 823 obiectis
1974 793 2113 823 satisfieri
2142 794 2322 833 singillatim
2352 793 2476 834 poterit.

1420 834 1455 864 In
1478 834 1525 864 his
1549 842 1654 865 tamen
1671 835 1759 866 dictis
1782 836 1893 866 veritas
1918 837 2067 867 consistit.

1073 983 1388 1030 ARTICULUS
1419 986 1716 1029 SECUNDUS

650 1073 804 1104 UTRUM
822 1072 958 1109 ,HoMo
982 1072 1129 1104 possrr
1151 1071 1291 1103 VELLE
1316 1070 1374 1100 ET
1399 1070 1568 1101 FACERE
1594 1071 1747 1102 BONUM
1770 1072 1938 1109 ABSQUE
1963 1072 2125 1103 GRATIA

689 1143 708 1167 11
729 1143 811 1172 Sent„
831 1143 890 1168 dist.
908 1150 993 1172 xxvm,
1012 1148 1059 1167 art.
1082 1150 1103 1173 1;
1122 1142 1182 1167 dist.
1199 1133 1284 1170 xx'xm.
1302 1148 1381 1172 expos
1402 1141 1450 1169 lit.;
1471 1141 1512 1170 IV,
1532 1141 1591 1166 dist.
1611 1149 1670 1172 xvrr,
1690 1149 1734 1174 qu.
1753 1149 1770 1172 1,
1790 1147 1837 1166 art.
1858 1149 1882 1172 2,
1901 1142 1950 1174 qu⁸
1971 1150 1994 1170 2.
2014 1144 2046 1167 ad
2066 1142 2094 1173 33

985 1178 1027 1202 De
1051 1177 1140 1207 Ver-it..
1160 1184 1206 1210 qu.
1222 1183 1289 1204 xxiv,
1304 1181 1352 1200 art.
1374 1183 1417 1207 14;
1437 1176 1457 1200 ll
1480 1177 1548 1203 Cor„
1570 1184 1624 1208 cap.
1644 1184 1680 1205 ιη,
1701 1177 1757 1201 lect.
1777 1184 1795 1201 1.

346 1262 494 1319 „v
514 1249 742 1294 {SECUNDUM
757 1269 812 1294 sm
826 1268 1066 1294 Paocamrua.
1085 1255 1245 1293 Videtur
1259 1255 1364 1304 quod

332 1298 494 1369 ’ζόη
516 1311 635 1347 homo
654 1310 774 1358 possit
792 1311 888 1347 velle
918 1318 955 1346 et
973 1309 1095 1347 facere
1115 1309 1262 1346 bonum
1281 1308 1365 1344 abs-

322 1362 355 1408 '10'
384 1377 442 1406 w,
462 1365 600 1412 que
619 1363 748 1410 gratia.
779 1363 874 1399 Illud
903 1363 1003 1399 enirn
1041 1370 1097 1399 est
1123 1361 1162 1398 in
1197 1361 1364 1398 hominis

324 1406 336 1417 ’”
362 1390 457 1446 ἐῢ
474 1406 702 1464 potestate
734 1415 839 1452 cuius
868 1416 948 1464 ipse
977 1423 1033 1452 est
1067 1414 1256 1452 dominus.
1287 1414 1364 1451 Sed

305 1467 426 1504 homo
456 1473 512 1502 est
540 1467 717 1505 dominus
746 1481 904 1505 suorum
934 1477 1108 1515 actuum,
1139 1474 1175 1505 et
1202 1467 1364 1504 maxime

271 1529 278 1571 ξ
307 1518 387 1559 eius
415 1520 520 1568 quod
549 1528 605 1558 est
631 1521 742 1568 velle,
767 1528 808 1558 ut
833 1534 948 1570 supra
965 1521 986 1543 ‘¹‘
1005 1521 1146 1559 dictum
1175 1527 1241 1557 est.
1262 1521 1364 1568 Ergo

305 1572 426 1611 homo
454 1581 580 1620 potest
601 1575 697 1611 velle
727 1582 775 1610 et.
790 1575 915 1611 facere
935 1575 1082 1611 bonum
1111 1586 1179 1622 per
1197 1573 1365 1622 seipsum

306 1625 452 1673 absque
479 1627 618 1664 auxilio
647 1627 797 1675 gratiae.
1173 1669 1247 1678 fl

302 1692 307 1695 ’
362 1689 397 1714 2.
423 1678 665 1727 PRAETEREA,
695 1679 1000 1728 unumquodque
1029 1679 1149 1728 magis
1176 1678 1302 1728 potest
1329 1679 1366 1715 in

307 1730 346 1767 id
373 1731 478 1780 quod
508 1741 563 1770 est
590 1733 661 1770 sibi
679 1733 891 1770 secundum
920 1740 1106 1779 naturam,
1127 1745 1243 1781 quam
1271 1732 1309 1769 in
1330 1732 1367 1769 id

307 1783 412 1833 quod
441 1793 498 1822 est
516 1785 587 1823 sibi
614 1793 763 1836 praeter
781 1794 968 1822 naturam.
990 1786 1067 1822 Sed
1094 1793 1293 1834 peccatum
1314 1793 1368 1822 est

308 1844 440 1874 contra
455 1846 642 1886 naturam,
658 1846 699 1876 ut
713 1840 976 1876 Damascenus
995 1838 1095 1886 dicit,
1116 1838 1154 1875 in
1173 1839 1204 1875 11
1220 1838 1316 1875 libro
1331 1838 1366 1875 *z

307 1901 406 1938 opus
433 1899 562 1928 autem
591 1892 739 1939 virtutis
768 1899 823 1928 est
850 1891 997 1928 homini
1017 1896 1034 1912 α
1062 1891 1272 1928 secundum
1303 1903 1367 1928 na-

304 1949 443 1990 turam,
464 1951 506 1980 ut
533 1957 647 1994 supra
674 1945 695 1967 '¹‘
723 1944 866 1982 dictum
897 1951 962 1980 est.
985 1944 1084 1981 Cum
1111 1944 1221 1992 igitur
1247 1945 1367 1981 horno

306 2007 376 2044 per
403 1997 570 2046 seipsum
597 1998 717 2047 possit
738 2009 910 2046 peccare,
939 1997 1090 2034 videtur
1118 1998 1222 2046 quod
1248 1998 1367 2034 multo

307 2048 428 2096 magis
446 2062 515 2098 per
534 2051 700 2100 seipsum
730 2050 850 2099 possit
877 2051 1024 2088 bonum
1051 2050 1150 2088 velle
1176 2058 1212 2087 et
1229 2050 1365 2087 facere.

362 2103 398 2139 3.
418 2103 652 2150 PRAETEREA,
674 2104 822 2140 bonum
841 2103 1051 2140 intellectus
1080 2111 1135 2140 est
1157 2115 1306 2150 verum,
1327 2111 1369 2140 ut

307 2155 565 2204 Philosophus
593 2157 690 2204 dicit,
720 2157 759 2193 in
786 2157 837 2193 VI
866 2156 984 2192 Ethic.
1005 2156 1026 2178 '¹‘
1055 2156 1132 2192 Sed
1158 2156 1367 2193 intellectus

306 2214 432 2256 potest
464 2221 695 2258 cognoscere
723 2221 858 2246 verum
895 2221 964 2258 per
991 2209 1181 2257 seipsum:
1210 2209 1305 2246 sicut
1334 2217 1369 2246 et

307 2262 498 2309 quaelibet
525 2262 598 2300 alia
627 2274 685 2299 res
713 2270 838 2311 potest
867 2273 973 2299 suam
993 2263 1204 2299 naturalem
1233 2274 1368 2311 opera-

306 2314 451 2351 tionem
480 2327 548 2364 per
576 2328 616 2352 se
644 2315 782 2352 facere.
812 2315 914 2362 Ergo
945 2315 1064 2352 multo
1099 2314 1220 2363 magis
1247 2315 1366 2352 homo

306 2375 432 2416 potest
459 2380 529 2416 per
555 2368 725 2417 seipsum
754 2368 878 2404 facere
907 2375 943 2404 et
969 2369 1067 2405 velle
1096 2368 1254 2405 bonum.

361 2421 437 2457 SED
451 2432 598 2458 coum
612 2433 679 2458 Es’r
693 2421 798 2470 quod
813 2421 1020 2469 Apostolus
1035 2420 1135 2468 dicit,
1149 2422 1261 2458 Rom.
1279 2434 1313 2458 lx
1330 2422 1365 2458 *t

306 2473 398 2510 Non
427 2479 482 2510 est
506 2474 678 2519 volentis,
708 2474 847 2510 scilicet
873 2474 988 2520 velle,
1018 2485 1138 2522 neque
1163 2475 1364 2521 currentis,

307 2525 447 2563 scilicet
466 2539 628 2574 currere,
648 2528 715 2564 sed
731 2527 937 2564 miserentis
955 2527 1039 2563 Dei.
1060 2527 1110 2564 Et
1135 2527 1368 2575 Augustinus

308 2578 415 2626 dicit,
444 2579 483 2616 in
511 2580 606 2617 libro
626 2581 672 2617 de
696 2581 864 2628 Corrept.
884 2585 919 2616 et
946 2579 1078 2617 Gratia
1096 2580 1131 2626 ²²,
1161 2580 1265 2628 quod
1289 2581 1370 2618 sine

306 2632 434 2681 gratia
471 2633 615 2670 nullum
638 2645 810 2681 prorsus,
838 2633 916 2669 sive
943 2633 1164 2682 cogitando,
1192 2633 1270 2670 sive
1304 2646 1369 2671 νο-

307 2685 416 2721 tendo
445 2691 481 2722 et
506 2686 693 2731 amando,
721 2686 799 2722 sive
825 2686 996 2735 agendo,
1021 2686 1174 2732 faciunt
1201 2687 1370 2723 homines

307 2738 459 2774 bonum.

361 2790 587 2827 Responnsso
607 2801 791 2828 menapum
819 2790 924 2839 quod
947 2798 1082 2828 natura
1104 2778 1271 2829 h‘ominis
1300 2792 1368 2829 du—

307 2842 451 2891 pliciter
476 2843 880 2892 potest·considerari:
907 2855 985 2880 uno
1013 2844 1144 2891 modo,
1170 2844 1210 2881 in
1229 2844 1286 2882 sui
1315 2845 1370 2882 in-

307 2896 487 2943 tegritate,
509 2896 604 2933 sicut
622 2895 690 2932 fuit
717 2896 755 2933 in
782 2896 909 2944 primo
937 2904 1092 2945 parente
1120 2905 1206 2934 ante
1235 2910 1368 2946 pecca—

308 2956 407 2994 tum;
433 2949 506 2986 alio
536 2949 667 2996 modo,
689 2949 900 2986 secundum
921 2951 1026 2998 quod
1055 2958 1110 2987 est
1135 2958 1312 2999 corrupta
1331 2951 1369 2988 in

309 3001 420 3038 nobis
447 3009 535 3050 post
561 3001 907 3054 peccammfflrimi
938 3003 1115 3051 parenti&
1147 3003 1368 3041 Secundum

309 3062 437 3091 autem
466 3062 671 3103 utrumque
692 3062 842 3100 statum,
872 3062 1005 3092 natura
1031 3056 1201 3093 humana
1229 3056 1371 3107 indiget

309 3107 446 3145 auxilio
468 3107 598 3145 divino
619 3108 667 3145 ad
693 3107 910 3145 faciendum
929 3108 991 3144 vel
1019 3109 1229 3146 volendum
1248 3109 1371 3157 quod-

310 3173 476 3209 cumque
496 3161 655 3207 bonum,
676 3160 771 3198 sicut
794 3160 920 3209 primo
949 3169 1144 3207 movente,
1166 3168 1208 3198 ut
1226 3161 1370 3199 dictum

309 3222 365 3251 est
382 3214 413 3250 ²⁸.
435 3214 513 3251 Sed
540 3214 578 3250 in
607 3221 704 3250 statu
733 3221 890 3250 naturae
903 3213 1086 3264 integrae,
1107 3222 1291 3262 quantum
1321 3215 1370 3252 ad

309 3267 574 3304 sufficientiam
613 3266 832 3316 operativae
868 3265 1034 3313 virtutis,
1065 3274 1213 3315 poterat
1249 3268 1369 3304 horno

308 3333 376 3369 per
404 3332 472 3358 sua
506 3319 689 3357 naturalia
722 3320 822 3358 velle
843 3327 879 3356 et
919 3319 1068 3369 operari
1101 3320 1246 3357 bonurn
1277 3333 1367 3357 suae

361 3435 389 3467 α)
408 3435 518 3461 homini.
535 3448 555 3455 -
572 3435 708 3461 hominum
729 3435 775 3460 Pa.

352 3470 387 3503 β)
405 3471 447 3496 ab.
465 3485 484 3489 -
501 3471 539 3496 ad
557 3470 746 3502 PACDGHpB.

1419 1263 1574 1291 naturae
1594 1255 1936 1304 proportionatum,
1958 1257 2069 1305 quale
2091 1265 2146 1293 est
2166 1258 2312 1294 bonurn
2332 1258 2478 1295 virtutis

1419 1308 1639 1355 acquisitae:
1652 1321 1730 1345 non
1741 1317 1868 1345 autem
1880 1309 2026 1345 bonum
2042 1310 2355 1357 superexcedens,
2368 1312 2477 1359 quale

1421 1369 1475 1397 est
1503 1361 1647 1397 bonum
1676 1362 1823 1398 virtutis
1852 1362 2009 1399 infusae.
2032 1363 2108 1398 Sed
2129 1362 2166 1399 in
2195 1370 2291 1399 statu
2321 1372 2476 1400 naturae

1421 1422 1619 1462 corruptae
1647 1414 1758 1450 etiam
1790 1414 1917 1451 deficit
1940 1415 2059 1451 homo
2089 1415 2136 1451 ab
2157 1413 2172 1444 β
2199 1416 2273 1452 hoc
2293 1417 2397 1463 quod
2422 1429 2478 1453 se-

1421 1467 1587 1503 cundum
1617 1479 1725 1504 suam
1751 1475 1924 1504 naturam
1953 1474 2090 1516 potest,
2110 1475 2151 1504 ut
2179 1480 2256 1505 non
2276 1469 2394 1516 possit
2422 1477 2477 1506 to-

1420 1527 1500 1556 tum
1529 1520 1748 1557 huiusmodi
1779 1521 1923 1557 bonum
1954 1521 2110 1568 implere
2138 1533 2207 1569 per
2235 1534 2303 1558 sua
2331 1530 2479 1559 natura-

1420 1572 1478 1609 lia.
1510 1573 1610 1618 Quia
1647 1581 1775 1609 tamen
1811 1581 1944 1610 natura
1980 1575 2150 1610 humana
2178 1586 2246 1622 per
2278 1583 2477 1622 peccatum

1422 1638 1498 1662 non
1529 1634 1582 1662 est
1610 1626 1771 1662 totaliter
1803 1633 2000 1674 corrupta,
2026 1634 2067 1662 ut
2095 1626 2234 1663 scilicet
2261 1634 2340 1663 toto
2375 1628 2478 1664 bono

1422 1686 1576 1715 naturae
1604 1678 1794 1727 privetur;
1825 1686 1948 1727 potest
1974 1679 2131 1728 quidem
2171 1679 2283 1716 etiam
2316 1681 2354 1716 in
2383 1688 2479 1718 statu

1422 1738 1576 1768 naturae
1597 1739 1809 1780 corruptae,
1839 1744 1906 1780 per
1924 1731 2103 1768 virtutem
2128 1744 2219 1769 suae
2238 1740 2394 1770 naturae
2415 1733 2479 1770 ali-

1422 1785 1525 1831 quod
1563 1785 1709 1831 bonum
1746 1785 1970 1833 particulare
1998 1797 2130 1832 agere,
2156 1785 2251 1822 sicut
2279 1786 2479 1823 aedificare

1422 1837 1572 1884 domos,
1593 1839 1761 1886 plantare
1789 1838 1942 1884 vineas,
1970 1845 2006 1874 et
2033 1838 2106 1874 alia
2132 1838 2373 1884 huiusmodi;
2403 1851 2480 1876 non

1422 1898 1550 1927 tamen
1579 1898 1700 1927 totum
1730 1891 1876 1927 bonum
1905 1890 1975 1927 sibi
2009 1892 2272 1938 connaturale,
2299 1891 2349 1928 ita
2376 1894 2478 1941 quod

1422 1944 1459 1980 in
1489 1944 1591 1979 nullo
1622 1943 1783 1980 deficiat.
1806 1943 1911 1980 Sicut
1930 1944 2049 1980 homo
2069 1944 2243 1980 infirmus
2270 1952 2395 1992 potest
2412 1957 2482 1994 per

1422 1996 1590 2045 seipsum
1619 1996 1784 2044 aliquem
1805 2005 1953 2033 motum
1973 1997 2113 2034 habere
2122 2009 2139 2042 3·
2153 2009 2230 2033 non
2250 2005 2379 2034 tamen
2398 2010 2482 2046 per-

1422 2050 1516 2086 fecte
1544 2057 1669 2098 potest
1695 2050 1844 2086 moveri
1871 2058 1980 2086 motu
2008 2049 2174 2087 hominis
2203 2051 2296 2097 sani,
2326 2050 2396 2087 nisi
2424 2063 2482 2088 sa-

1423 2110 1531 2138 netur
1559 2102 1697 2139 auxilio
1725 2102 1947 2139 medicinae.

1476 2155 1537 2191 Sic
1571 2155 1680 2203 igitur
1714 2155 1851 2192 virtute
1887 2155 2046 2203 gratuita
2079 2156 2320 2203 superaddita
2354 2156 2480 2193 virtuti

1422 2216 1575 2245 naturae
1604 2208 1743 2256 indiget
1777 2209 1896 2244 horno
1926 2208 1964 2244 in
1993 2215 2089 2244 statu
2126 2216 2282 2245 naturae
2317 2208 2480 2257 integrae

1422 2269 1605 2309 quantum
1636 2262 1684 2298 ad
1712 2273 1844 2306 unum⁷
1872 2260 2011 2298 scilicet
2030 2262 2077 2298 ad
2098 2261 2336 2310 operandum
2356 2269 2393 2298 et
2410 2275 2479 2299 vo-

1421 2314 1576 2351 lendum
1606 2315 1753 2351 bonum
1782 2315 2069 2362 supernaturale
2083 2313 2114 2350 ³¹².
2146 2315 2222 2351 Sed
2242 2314 2280 2351 in
2300 2322 2397 2351 statu
2416 2328 2482 2352 na·
2511 2327 2518 2334 ·

1423 2375 1527 2403 turae
1557 2374 1768 2415 corruptae,
1798 2375 1982 2415 quantum
2002 2368 2050 2404 ad
2078 2367 2173 2404 duo:
2203 2367 2342 2403 scilicet
2360 2376 2402 2404 ut
2425 2381 2482 2404 sa-

1422 2428 1544 2464 netur;
1567 2428 1603 2456 et
1621 2420 1775 2456 ulterius
1794 2427 1836 2456 ut
1855 2421 2002 2456 bonum
2023 2421 2316 2468 supernaturalis
2335 2421 2480 2458 virtutis

1421 2480 1608 2521 operetur,
1624 2473 1729 2522 quod
1745 2480 1802 2509 est
1819 2473 2054 2510 meritorium
2067 2474 2098 2509 *.
2115 2473 2277 2510 Ulterius
2297 2481 2423 2510 autem
2444 2474 2482 2511 in

1421 2534 1582 2574 utroque
1620 2533 1716 2562 statu
1745 2525 1885 2574 indiget
1920 2526 2040 2563 homo
2065 2525 2202 2562 auxilio
2223 2526 2351 2562 divino
2372 2535 2413 2563 ut
2432 2528 2480 2564 ab

1422 2579 1505 2628 ipso
1534 2586 1736 2616 moveatur
1763 2579 1812 2615 ad
1841 2579 1938 2615 bene
1967 2579 2170 2626 agendum.

1475 2634 1534 2670 AD
1555 2644 1691 2669 PmMUM
1710 2643 1808 2668 ERGO
1837 2643 2021 2669 morannum
2050 2633 2154 2680 quod
2181 2632 2301 2668 homo
2331 2639 2387 2668 est
2414 2632 2482 2668 do-

1423 2686 1550 2722 minus
1570 2697 1727 2721 suorum
1753 2692 1918 2730 actuum,
1941 2692 1977 2720 et
1994 2684 2147 2721 volendi
2164 2691 2200 2720 et
2216 2697 2294 2720 non
2313 2685 2480 2731 volendi,

1423 2746 1578 2787 propter
1606 2737 1915 2774 deliberationem
1937 2737 2101 2783 rationis,
2123 2749 2219 2785 quae
2239 2744 2363 2785 potest
2382 2737 2481 2774 flecti

1425 2792 1473 2828 ad
1500 2803 1618 2828 unam
1649 2797 1798 2840 partem
1826 2791 1888 2827 vel
1916 2790 1965 2827 ad
1993 2790 2118 2827 aliam.
2149 2790 2225 2827 Sed
2253 2790 2358 2838 quod
2392 2790 2481 2827 deli-

1424 2845 1530 2881 beret
1555 2845 1617 2881 vel
1646 2856 1723 2880 non
1751 2842 1943 2890 deliberet,
1973 2843 2002 2879 si
2031 2843 2142 2879 huius
2162 2848 2177 2870 Υ
2207 2843 2318 2879 etiam
2348 2843 2394 2879 sit
2414 2844 2480 2880 do—

1424 2898 1560 2943 minus,
1591 2902 1742 2945 oportet
1769 2896 1874 2945 quod
1902 2897 1977 2932 hoc
2005 2896 2051 2932 sit
2078 2908 2146 2944 per
2169 2895 2479 2932 deliberationem

1423 2949 1729 2999 praecedentem.
1761 2950 1809 2985 Et
1837 2961 1924 2985 cum
1953 2950 2027 2985 hoc
2056 2961 2133 2984 non
2161 2949 2342 2998 procedat
2370 2949 2406 2985 in
2427 2949 2481 2985 in-

1423 3003 1585 3049 finitum,
1616 3009 1765 3051 oportet
1792 3002 1898 3049 quod
1917 3002 2078 3038 finaliter
2097 3001 2319 3038 deveniatur
2337 3001 2387 3040 ad
2406 3002 2480 3038 hoc

1426 3055 1530 3104 quod
1551 3055 1711 3092 liberum
1731 3054 1926 3091 arbitrium
1945 3053 2109 3091 hominis
2129 3061 2330 3091 moveatur
2349 3054 2396 3090 ab
2417 3054 2481 3091 ali-

1425 3121 1501 3157 quo
1532 3107 1703 3144 exteriori
1731 3106 1916 3155 principio
1949 3107 2053 3155 quod
2082 3114 2138 3143 est
2169 3119 2284 3155 supra
2310 3115 2478 3144 mentem

1424 3163 1647 3206 humanam,
1676 3159 1816 3196 scilicet
1843 3172 1865 3196 a
1892 3161 1995 3205 De03
2024 3168 2066 3196 ut
2094 3159 2206 3196 etiam
2226 3159 2481 3208 Philosophus

1424 3214 1560 3263 probat
1588 3213 1625 3249 in
1661 3225 1743 3261 cap.
1773 3212 1819 3248 de
1844 3214 1954 3249 Bona
1981 3214 2151 3249 Fortuna
2170 3212 2202 3249 ²¹².
2232 3213 2342 3250 Unde
2371 3225 2480 3250 mens

1424 3266 1588 3303 hominis
1618 3265 1729 3305 etiam
1759 3265 1839 3302 sani
1868 3277 1946 3302 non
1975 3265 2024 3302 ita
2053 3266 2167 3302 habet
2187 3265 2402 3303 dominium
2424 3266 2480 3303 sui

1426 3327 1529 3356 actus
1549 3318 1640 3367 quin
1668 3318 1831 3366 indigeat
1850 3318 1999 3355 moveri
2017 3331 2039 3355 a
2058 3319 2154 3356 Deo.
2185 3319 2234 3356 Et
2262 3319 2382 3356 multo
2402 3331 2482 3356 ma-

1475 3435 1501 3467 γ)
1521 3433 1544 3458 si
1562 3434 1648 3458 huius.
1666 3447 1684 3452 -
1702 3434 1753 3458 etsi
1770 3434 1848 3458 huius
1867 3433 1895 3463 F,
1914 3433 1975 3458 licet
1992 3433 2070 3458 huius
2089 3434 2139 3465 ρΗ,
2158 3434 2208 3458 etsi
2226 3434 2377 3459 huiusmodi
2397 3434 2441 3457 Ρα.

2508 269 2516 277 ·
2532 268 2596 289 Vers.
2613 274 2642 296 ¹3·

2507 752 2514 760 ”
2529 751 2580 772 Art.
2596 757 2612 772 ι.
2627 762 2636 766 -
2653 751 2689 773 ef.

2506 777 2639 799 comment.

2510 2483 2517 2490 ·
2533 2482 2560 2503 D.
2576 2488 2639 2508 ¹044·

2511 3225 2606 3246 ‘Moral.
2614 3224 2717 3250 Eadem„

2508 3251 2547 3272 lib.
2563 3251 2615 3273 Vll.
2631 3257 2651 3272 c.
2670 3257 2717 3277 xiv,

2509 3284 2531 3298 n.
2561 3284 2575 3298 ο

2547 3284 2557 3298 2
2591 3283 2640 3304 sqq.
