2840 4010
135 1238 144 1246 ·
161 1236 217 1263 Cap.
232 1242 273 1257 xn.

136 1710 147 1720 '⁶
162 1709 217 1739 Cap.
232 1715 302 1735 xxvn,
318 1708 347 1730 al.

136 1738 346 1761 xxv;1nvet.xxvm,

137 1768 201 1783 xxix.

142 2448 151 2456 '¹
162 2446 212 2467 Lib.
223 2445 284 2472 XIII,
297 2445 319 2467 in
330 2451 350 2466 c.

142 2478 296 2499 xL111,vers.23
301 2478 351 2500 sqq.

144 2867 154 2877 ⁴
170 2866 197 2887 D.
212 2873 262 2894 509.

147 3024 199 3045 'Ca
218 3030 265 3050 AV,
281 3030 354 3045 n.2.-

146 3050 202 3071 s.T
220 3065 226 3071 .
240 3051 292 3072 lect.
307 3057 328 3071 v.

375 209 424 234 20

374 287 439 306 non
456 275 624 316 specificat:
641 276 683 306 ita
699 276 773 315 quia
789 285 854 305 esse
871 281 978 305 contra
995 280 1196 313 praeceptum
1213 282 1277 302 non
1293 272 1345 301 dat
1362 281 1429 311 spe-

375 320 464 355 ciem,
485 319 559 359 quia
579 319 712 359 pertinet
727 320 766 349 ad
783 319 988 353 aversionem,
1009 317 1168 346 diversitas
1189 321 1429 355 praeceptorum

374 374 440 394 non
469 362 652 393 diversificat
681 363 797 402 species
826 369 1037 401 peccatorum.
1062 360 1103 389 Et
1127 358 1200 389 dicit
1226 359 1288 388 hoc
1311 361 1431 389 Auctor

375 407 563 437 satisfaciens
587 413 772 446 argumento
796 405 956 435 inducenti
980 403 1068 443 qnod
1089 409 1216 442 peccato
1236 412 1291 441 per
1307 412 1339 432 se
1355 412 1429 442 con-

374 451 459 481 venit
482 461 548 480 esse
572 457 679 480 contra
702 450 818 489 legem:
844 455 879 478 ut
895 447 969 487 quia
985 457 1021 476 ex
1036 446 1137 486 prima
1156 445 1276 476 ratione
1292 446 1342 476 hic
1358 446 1430 476 assi-

374 501 467 534 gnata
483 494 690 524 didiceramus
707 493 794 533 quod
811 491 969 521 diversitas
986 490 1142 530 praecepti
1159 490 1334 520 secundum
1350 489 1428 520 affir-

374 538 528 568 mativum
552 544 582 567 et
605 537 794 576 negativum,
811 545 876 564 non
892 534 989 564 variat
1013 533 1149 573 speciem
1166 534 1300 574 peccati;
1321 544 1357 564 ex
1372 534 1429 564 hac

375 582 511 612 secunda
527 581 646 611 ratione
666 580 820 609 discamus
834 577 1047 607 universaliter
1063 578 1150 618 quod
1167 577 1326 608 diversitas
1342 588 1429 618 prae-

375 633 539 665 ceptorum
563 634 627 653 non
653 630 758 653 causat
780 621 990 652 diversitatem
1014 621 1191 661 specificam
1215 628 1427 661 peccatorum.

429 669 469 698 Et
492 678 528 697 ex
550 668 607 697 hac
628 667 768 696 doctrina
786 665 882 696 habes
898 666 986 706 quod
1003 665 1133 702 furtum,
1151 676 1186 696 ex
1202 665 1263 696 hoc
1280 666 1368 706 quod
1384 672 1430 695 est

1008 197 1272 243 QUAESTIO
1303 196 1453 240 LXXII,
1483 196 1776 232 ARTICULUS
1805 197 1872 233 VII

1483 271 1679 311 prohibitum
1704 272 1831 302 diversis
1855 275 2036 313 praeceptis,
2061 281 2136 314 puta
2160 275 2235 305 iuris
2257 274 2362 310 divini,
2380 273 2538 309 naturalis,

1483 315 1619 354 positivi,
1637 315 1796 356 principis,
1814 317 1951 355 praelati,
1967 324 2036 353 etc„
2053 328 2118 347 non
2134 318 2264 358 acquirit
2283 318 2376 348 aliam
2392 317 2537 357 speciem.

1483 359 1523 389 Et
1547 359 1647 389 simile
1672 366 1717 389 est
1734 360 1772 389 de
1796 366 1923 399 peccato
1941 370 1976 389 ex
2000 360 2067 390 iure
2083 361 2219 400 positivo
2236 368 2370 397 tantum,
2386 361 2539 401 multipli-

1484 403 1558 434 catis
1575 403 1747 443 praeceptis
1772 413 1788 432 a
1813 403 2024 433 subordinatis
2043 404 2197 443 praelatis.
2222 405 2387 444 Assignata
2402 415 2539 445 namque

1483 447 1561 477 ratio
1586 446 1768 477 universalis
1793 454 1846 483 est,
1872 446 1988 477 scilicet
2011 448 2099 487 quod
2122 457 2253 487 peccans
2277 448 2401 488 respicit
2416 458 2539 488 praece-

1483 497 1575 530 ptum
1599 501 1635 521 ex
1659 498 1745 531 parte
1772 490 1951 521 aversionis.
1973 508 1992 512 —
2014 491 2183 530 Propterea
2205 491 2255 521 hic
2279 492 2373 522 habes
2397 491 2539 522 determi-

1483 541 1594 564 natum
1616 534 1648 564 in
1673 535 1858 574 oppositum
1882 535 1970 574 quod
1993 533 2025 564 in
2050 535 2112 571 Qu.
2129 534 2168 564 de
2183 535 2284 572 Malo,
2305 545 2359 575 qu.
2376 545 2412 572 11,
2435 542 2491 567 art.
2509 536 2538 571 6,

1483 578 1665 608 rationabile
1695 578 1869 609 iudicatum
1897 578 2102 614 est‚vscilicet
2132 585 2257 617 peccata
2283 578 2358 619 quia
2384 578 2540 621 prohibita

1484 622 1633 661 distingui
1657 623 1833 652 secundum
1857 629 2037 662 praecepta:
2063 632 2186 662 semper
2210 621 2295 651 enim
2317 629 2482 661 peecatum
2505 632 2541 653 ex

1483 672 1570 704 parte
1594 666 1807 696 conversionis
1831 666 2032 706 distinguitur
2055 666 2171 706 specie,
2196 673 2232 696 ut
2255 665 2375 697 dictum
2397 673 2452 696 est.

1154 798 1469 840 ARTICULUS
1500 797 1764 840 SEPTIMUS

674 884 828 915 UTRUM
853 882 1192 914 CONVENIENTER
1216 882 1716 957 DlvdgssTUnggggffigUM
1740 882 1783 911 IN
1805 882 2042 913 PECCATUM
2066 883 2237 920 CORD1S,

911 997 978 1021 Part.
998 997 1040 1025 111,
1061 1004 1104 1028 qu.
1118 1003 1164 1026 xc,
1184 1001 1231 1020 art.
1246 995 1273 1024 3,
1294 997 1325 1020 ad
1349 1004 1372 1026 1;
1393 996 1412 1020 11
1433 996 1515 1025 Sent„
1536 996 1595 1020 dist.
1614 1003 1677 1024 xm,
1697 1003 1741 1028 qu.
1754 1003 1785 1025 11,
1805 1000 1851 1020 art.
1867 1002 1894 1025 2,
1915 998 1960 1027 qu·
1982 1004 2002 1020 1.

413 1101 461 1126 f„
491 1106 498 1117 .‚
529 1091 545 1120 ς
585 1081 607 1105 D
628 1080 806 1105 SEPTIMUM
825 1079 877 1104 sm
897 1078 1135 1103 PROCEDITUR.
1152 1066 1309 1103 Videtur
1325 1066 1429 1114 quod

504 1111 567 1170 {A
585 1120 896 1157 inconvenienter
934 1119 1121 1156 dividatur
1157 1126 1356 1167 peccatum
1392 1118 1430 1155 in

437 1190 507 1219 lv>
523 1160 783 1223 ''peccatum
814 1172 948 1217 cordis,
970 1172 1055 1219 oris,
1077 1179 1113 1208 et
1137 1171 1273 1220 operis.
1303 1173 1431 1219 Augu-

432 1203 482 1256 ᾧ
544 1219 702 1264 Χεϊίῐωε
722 1225 837 1272 enim,
854 1225 891 1261 in
911 1226 979 1261 XII
995 1225 1040 1261 de
1063 1226 1100 1261 Τ
1095 1225 1166 1261 rin.
1183 1224 1214 1271 ²¹⁶,
1230 1224 1338 1272 ponit
1356 1232 1431 1261 tres

375 1280 512 1327 gradus
531 1279 692 1328 peccati:
723 1290 887 1327 quorum
912 1277 1055 1326 primus
1077 1285 1142 1325 est,
1164 1289 1249 1314 cum
1269 1277 1432 1314 carnalis

374 1344 502 1368 sensus
530 1332 741 1368 illecebram
768 1331 958 1379 quandam
978 1331 1126 1379 ingerit,
1147 1330 1252 1377 quod
1273 1338 1328 1366 est
1346 1342 1433 1378 pec-

376 1392 500 1421 catum
535 1384 790 1431 cogitationis:
820 1383 1008 1420 secundus
1033 1383 1170 1430 gradus
1197 1390 1262 1429 est,
1283 1383 1432 1431 quando

374 1438 454 1474 sola
483 1438 717 1487 cogitationis
736 1436 974 1473 delectatione
1002 1436 1135 1484 aliquis
1154 1441 1345 1473 contentus
1364 1442 1433 1479 est;

374 1490 503 1527 tertius
532 1490 668 1538 gradus
690 1497 755 1536 est,
776 1490 925 1538 quando
941 1489 1166 1537 faciendum
1186 1489 1397 1525 decernitur
1417 1494 1433 1510 α

369 1555 442 1591 per
469 1555 700 1579 consensum.
733 1542 809 1578 Sed
837 1542 906 1578 tria
934 1543 1029 1578 haec
1057 1541 1243 1590 pertinent
1271 1541 1318 1578 ad
1347 1554 1433 1590 pec-

376 1604 499 1633 catum
524 1596 657 1632 cordis.
680 1596 781 1642 Ergo
802 1595 1114 1632 inconvenienter
1132 1602 1333 1642 peceatum
1353 1607 1433 1631 cor-

376 1650 432 1686 dis
460 1649 613 1697 ponitur
641 1648 748 1696 quasi
776 1660 896 1684 unum
925 1660 1042 1695 genus
1071 1647 1228 1695 peccati.

430 1715 464 1738 2.
486 1703 718 1748 PRAETEREA,
740 1700 957 1748 Gregorius,
984 1700 1022 1737 in
1043 1701 1093 1737 1V
1112 1700 1254 1737 Moral.
1276 1700 1308 1747 ²¹³,
1328 1700 1435 1749 ponit

375 1763 538 1804 quatuor
557 1754 695 1802 gradus
715 1753 878 1802 peccati:
900 1766 1065 1801 quorum
1085 1753 1230 1802 primus
1252 1761 1305 1790 est
1325 1753 1433 1801 culpa

374 1809 490 1844 latens
519 1808 555 1843 in
585 1807 717 1850 corde;
746 1805 946 1853 secundus,
976 1819 1061 1843 cum
1081 1807 1244 1843 exterius
1265 1806 1434 1854 publica—

375 1868 452 1904 tur‚·
471 1860 599 1896 tertius
620 1867 685 1906 est,
703 1871 787 1896 cum
808 1860 1070 1896 consuetudine
1088 1861 1306 1904 roboratum
1325 1871 1434 1908 quar-

374 1923 434 1951 tus
455 1920 521 1960 est,
537 1925 622 1949 cum
644 1924 758 1960 usque
777 1913 828 1949 ad
840 1913 1182 1961 praesumptionem
1202 1912 1350 1949 divinae
1368 1913 1436 1949 mi—

374 1966 614 2011 sericordiae,
639 1966 698 2002 vel
720 1966 771 2002 ad
793 1965 1099 2013 desperationem,
1119 1966 1231 2002 homo
1254 1965 1433 2014 procedit.

375 2019 450 2057 Ubi
478 2031 556 2055 non
581 2018 816 2066 distinguitur
843 2026 1041 2067 peecatum
1075 2018 1200 2067 operis
1229 2030 1251 2054 a
1277 2026 1434 2067 peccato

377 2072 472 2117 oris3
508 2079 542 2108 et
574 2071 764 2108 adduntur
798 2071 875 2108 duo
914 2071 974 2108 alii
1007 2079 1251 2120 peccatorum
1284 2071 1433 2119 gradus.

376 2126 477 2172 Ergo
507 2124 778 2161 inconveniens
807 2124 876 2160 fuit
902 2124 1023 2172 prima
1054 2124 1200 2161 divisio.

378 2216 380 2218 ,
431 2179 465 2214 3.
486 2178 720 2224 PRAETER-EA,
741 2189 819 2214 non
837 2185 962 2226 potest
981 2190 1063 2213 esse
1092 2185 1291 2225 peccatum
1311 2176 1349 2213 in
1369 2189 1434 2213 ore

375 2231 437 2267 vel
466 2230 504 2267 in
533 2242 660 2278 opere,
691 2229 760 2266 nisi
789 2230 856 2267 fiat
883 2230 986 2278 prius
1015 2230 1053 2266 in
1082 2231 1208 2267 corde.
1234 2230 1335 2278 Ergo
1366 2229 1435 2266 ista

376 2290 533 2332 peccata
561 2282 686 2331 specie
716 2295 794 2319 non
823 2283 1011 2320 differunt.
1048 2284 1138 2319 Non
1174 2295 1262 2331 ergo
1297 2282 1436 2320 debent

379 2344 508 2373 contra
537 2349 576 2372 se
606 2336 771 2372 invicem
801 2335 929 2373 dividi.

433 2390 506 2425 SED
536 2400 680 2425 CONTRA
709 2400 774 2425 EST
797 2390 902 2437 quod
922 2388 1181 2436 Hieronymus
1205 2388 1304 2435 dicit,
1325 2400 1437 2437 super

392 1175 430 1233 a*

378 2443 511 2491 Ezech.
527 2441 562 2478 *ς
597 2442 686 2478 Tria
713 2447 800 2478 sunt
824 2441 1020 2491 generalia
1048 2441 1178 2478 delicta
1211 2442 1343 2489 quihus
1369 2442 1460 2478 ltu-⁷

379 2507 535 2532 manum
562 2495 729 2531 subiacet
750 2506 891 2544 genus:
910 2493 982 2543 {aut
999 2494 1097 2531 enim
1118 2495 1352 2543 cogitatione,
1373 2500 1440 2531 aut

379 2560 562 2593 sermone,
592 2553 658 2584 aut
684 2559 795 2595 opere
817 2559 1031 2596 peccamus.

434 2602 657 2637 RESPONDEO
686 2612 869 2637 mcENDUM
903 2600 1007 2649 quod
1040 2600 1165 2648 aliqua
1193 2600 1437 2637 inveniuntur

382 2653 533 2691 differre
561 2652 685 2701 specie
710 2653 917 2702 dupliciter.
938 2653 1024 2690 Uno
1050 2653 1180 2700 modo,
1204 2665 1247 2689 ex
1268 2665 1313 2689 eo
1334 2653 1437 2702 quod

380 2714 585 2754 utrumque
605 2706 719 2742 habet
738 2706 904 2754 speciem
926 2706 1177 2755 completam:
1199 2706 1294 2743 sicut
1318 2718 1437 2755 equus

382 2767 417 2796 et
437 2759 507 2795 bos
528 2758 703 2796 differunt
722 2759 856 2807 specie.
887 2759 971 2795 Alio
992 2759 1123 2805 modo,
1154 2759 1364 2795 secundum
1386 2759 1438 2796 di-

380 2814 514 2849 versos
533 2811 670 2859 gradus
694 2811 732 2847 in
757 2811 881 2860 aliqua
904 2812 1146 2859 generatione
1170 2813 1232 2848 vel
1252 2819 1359 2848 motu
1379 2824 1439 2848 ac-

383 2864 570 2913 cipiuntur
590 2864 760 2901 diversae
790 2865 935 2912 species
958 2864 997 2900 *τ
1029 2865 1124 2901 sicut
1153 2864 1364 2901 aedificatio
1386 2872 1441 2901 est

383 2918 572 2966 completa
599 2917 790 2964 generatio
820 2917 970 2963 domus,
993 2918 1188 2954 collocatio
1209 2925 1336 2954 autem
1358 2918 1441 2954 fun-

384 2970 550 3007 damenti
583 2977 619 3006 et
652 2969 789 3006 erectio
823 2970 974 3018 parietis
1007 2978 1093 3006 sunt
1125 2970 1270 3018 species
1297 2970 1441 3007 incom-

382 3023 517 3070 pletae,
546 3030 587 3059 ut
614 3030 716 3070 patet
742 3035 811 3070 per
838 3023 1127 3071 Philosophum,
1158 3023 1196 3059 in
1215 3024 1250 3059 X
1267 3024 1386 3060 Ethic.
1402 3023 1439 3068 *ς

384 3083 419 3111 et
446 3075 547 3111 idern
577 3075 688 3112 etiam
717 3083 841 3123 potest
869 3075 940 3112 dici
970 3075 1007 3111 in
1036 3076 1341 3122 generationibus
1364 3076 1441 3112 ani-

384 3128 551 3164 malium.

1539 1065 1601 1101 Sic
1633 1065 1741 1113 igitur
1771 1073 1970 1113 peccatum
2010 1066 2188 1104 dividitur
2218 1080 2287 1116 per
2323 1069 2417 1105 haec
2453 1070 2540 1116 tria,

1485 1118 1623 1161 scilicet
1647 1126 1848 1167 peccatum
1868 1118 1954 1165 oris,
1982 1119 2105 1156 cordis
2130 1127 2166 1156 et
2185 1122 2321 1168 operis,
2347 1134 2424 1159 non
2450 1122 2546 1159 sicut

1485 1183 1553 1219 per
1583 1171 1750 1207 diversas
1770 1171 1914 1220 species
1936 1172 2164 1220 completas:
2189 1185 2278 1210 nam
2302 1186 2543 1212 consumma-

1484 1223 1535 1260 tio
1564 1223 1708 1271 peccati
1737 1231 1791 1260 est
1819 1224 1856 1260 in
1886 1236 2022 1272 opere,
2051 1226 2154 1262 unde
2183 1234 2382 1273 peccatum
2417 1228 2543 1276 operis

1485 1276 1600 1313 habet
1627 1276 1793 1325 speciem
1824 1278 2065 1325 completam.
2095 1278 2172 1315 Sed
2200 1278 2323 1327 prima
2354 1279 2544 1317 inchoatio

1489 1329 1567 1365 eius
1588 1337 1643 1366 est
1666 1329 1772 1378 quasi
1792 1329 1959 1366 fundatio
1979 1329 2017 1366 in
2037 1331 2170 1376 corde3
2200 1331 2402 1368 secundus
2417 1340 2544 1370 autem

1488 1382 1624 1430 gradus
1660 1382 1738 1419 eius
1773 1389 1827 1418 est
1860 1382 1897 1418 in
1932 1395 2017 1429 ore,
2048 1384 2259 1420 secundum
2293 1385 2398 1433 quod
2425 1386 2544 1426 horno

1487 1435 1701 1484 prorumpit
1737 1435 1842 1471 facile
1878 1435 1927 1472 ad
1961 1435 2279 1473 manifestandum
2318 1445 2545 1486 conceptum

1489 1488 1633 1534 cordis;
1664 1487 1791 1524 tertius
1821 1495 1947 1524 autern
1967 1488 2106 1536 gradus
2124 1490 2200 1526 iam
2229 1497 2285 1526 est
2303 1490 2341 1526 in
2369 1503 2546 1537 consum,-

1489 1541 1654 1585 matione
1684 1541 1820 1589 operis.
1851 1542 1900 1577 Et
1927 1541 1980 1577 sic
2007 1542 2102 1578 haec
2129 1542 2198 1579 tria
2218 1542 2395 1581 differunt
2414 1556 2547 1581 secun-

1490 1594 1582 1631 dum
1602 1593 1773 1630 diversos
1797 1594 1934 1640 gradus
1953 1595 2099 1642 peccati
2116 1594 2276 1632 *..Patet
2294 1603 2422 1633 tamen
2441 1597 2546 1645 quod
2573 1607 2583 1617 ·
2598 1605 2627 1628 D·
2641 1612 2696 1635 994-

1489 1647 1583 1683 haec
1611 1646 1680 1683 tria
1712 1646 1898 1695 pertinent
1930 1647 1979 1683 ad
2010 1660 2127 1684 unam
2163 1648 2369 1696 perfectam
2401 1649 2546 1697 peccati

1489 1700 1667 1749 speciem,
1694 1712 1781 1736 curn
1802 1700 1848 1735 ab
1876 1699 2013 1736 eodem
2042 1700 2188 1737 motivo
2218 1702 2446 1749 procedant:
2475 1702 2547 1741 ira-

1491 1753 1636 1790 cundus
1672 1752 1788 1798 enim,
1821 1764 1865 1788 ex
1901 1753 1976 1789 hoc
2013 1753 2117 1801 quod
2146 1754 2287 1803 appetit
2319 1754 2546 1803 vindictam,

1488 1806 1612 1855 primo
1639 1805 1792 1853 quidem
1811 1806 2051 1854 perturbatur
2077 1806 2115 1843 in
2144 1807 2277 1852 corde3
2307 1807 2489 1855 secundo,
2509 1808 2547 1847 in

1488 1860 1608 1895 verba
1637 1859 1911 1894 contumeliosa
1934 1859 2167 1908 prorumpit;
2198 1860 2305 1896 tertio
2333 1872 2441 1907 ver0,
2460 1873 2548 1909 pro—

1491 1912 1589 1950 cedit
1616 1923 1737 1959 usque
1766 1911 1814 1948 ad
1842 1911 1940 1948 facta
1967 1911 2157 1949 iniuriosa.
2187 1913 2236 1948 Et
2262 1912 2365 1950 idem
2389 1920 2491 1961 patet
2509 1913 2547 1950 in

1490 1964 1646 2011 luxuria,
1677 1971 1712 2000 et
1739 1964 1777 2000 in
1805 1964 1974 2012 quolibet
2001 1965 2074 2001 alio
2103 1973 2272 2014 peccato.

1542 2019 1601 2054 AD
1621 2029 1757 2054 PRlMUM
1777 2029 1874 2053 ERGO
1894 2029 2077 2055 memnon
2091 2018 2198 2066 quod
2212 2030 2328 2055 omne
2345 2026 2547 2067 peccatum

1491 2069 1614 2108 cordis
1644 2069 1821 2107 convenit
1848 2070 1886 2106 in
1915 2071 2059 2107 ratione
2089 2071 2242 2108 occulti:
2272 2078 2308 2108 et
2335 2071 2545 2109 secundum

1489 2124 1564 2160 hoc
1597 2123 1750 2172 ponitur
1782 2135 1881 2160 unus
1915 2125 2064 2172 gradus.
2100 2124 2177 2171 Qui
2209 2132 2336 2161 tamen
2368 2136 2438 2172 per
2473 2132 2547 2165 tres

1490 2176 1628 2225 gradus
1661 2176 1911 2223 distinguitur:
1942 2177 2081 2213 scilicet
2109 2176 2358 2224 cogitationis,
2389 2177 2547 2217 delecta-

1490 2238 1601 2267 tlonls
1630 2237 1666 2265 et
1694 2241 1912 2266 consensus.
1953 2246 1955 2248 ·
2158 2271 2184 2273 Ἡ

1542 2286 1600 2319 An
1629 2294 1817 2319 SECUNDUM
1845 2294 2028 2319 DICENDUM
2057 2282 2162 2331 quod
2189 2290 2388 2331 peccatum
2405 2278 2487 2320 'oris
2512 2290 2549 2325 et

1491 2335 1614 2384 operis
1649 2335 1879 2372 conveniunt
1912 2335 1949 2371 in
1977 2335 2302 2373 manifestatione:
2333 2343 2369 2374 et
2395 2342 2549 2384 propter

1490 2389 1564 2425 hoc
1593 2401 1615 2425 a
1643 2388 1827 2436 Gregorio
1862 2388 1932 2424 sub
1960 2400 2039 2425 uno
2069 2395 2338 2437 computantur
2357 2386 2383 2426 β.
2412 2389 2547 2427 Hiero-

1490 2454 1629 2490 nymus
1649 2449 1775 2477 autem

1492 2502 1546 2531 est
1574 2493 1823 2531 manifestatio
1852 2501 2013 2541 tanturn,
2044 2501 2080 2530 et
2105 2493 2358 2542 principaliter
2384 2494 2546 2532 intenta:

1491 2547 1528 2584 in
1556 2554 1712 2596 peccato
1741 2559 1834 2583 vero
1864 2546 1989 2595 operis
2018 2554 2073 2583 est
2106 2546 2359 2595 principaliter
2386 2547 2547 2595 expletio

1491 2599 1676 2636 interioris
1692 2607 1897 2648 conceptus
1918 2599 2052 2646 cordis,
2069 2599 2135 2637 sed
2156 2599 2407 2637 manifestatio
2428 2607 2484 2637 est
2502 2612 2548 2639 ex

1493 2652 1749 2701 consequenti.
1781 2652 2028 2689 Consuetudo
2047 2664 2141 2689 vero
2167 2660 2203 2689 et
2223 2652 2434 2700 desperatio
2462 2660 2550 2691 sunt

1492 2705 1629 2754 gradus
1652 2711 1927 2753 consequentes
1946 2712 2032 2753 post
2051 2705 2217 2754 speciem
2237 2705 2443 2753 perfectam
2462 2718 2550 2754 pec·

1494 2758 1580 2795 cati:
1605 2758 1699 2794 sicut
1718 2757 1971 2795 adolescentia
1990 2765 2026 2794 et
2045 2757 2220 2794 iuventus
2239 2766 2325 2807 post
2343 2759 2550 2806 perfectam

1493 2811 1658 2848 hominis
1685 2811 1980 2858 generationem.

1547 2866 1605 2900 An
1629 2875 1787 2900 TERTIUM
1810 2875 1992 2900 DICENDUM
2011 2863 2116 2910 quod
2143 2871 2343 2912 peccatum
2368 2863 2491 2901 cordis
2515 2871 2566 2904 et,

1496 2916 1570 2953 oris
1598 2929 1677 2953 non
1706 2916 1982 2963 distinguuntur
2009 2928 2031 2952 a
2058 2923 2214 2964 peccato
2239 2915 2375 2966 operis,
2397 2916 2550 2965 quando

1495 2970 1607 3007 simul
1626 2981 1714 3007 cum
1734 2981 1781 3006 eo
1806 2969 2101 3016 coniunguntur:
2131 2969 2198 3006 sed
2217 2977 2331 3018 prout
2358 2969 2553 3018 quodlibet

1496 3024 1635 3059 horum
1650 3034 1718 3071 per
1728 3021 1977 3058 seinvenitur.
1991 3021 2095 3058 Sicut
2106 3021 2219 3058 etiarn
2233 3034 2321 3071 pars
2337 3029 2464 3060 motus
2474 3033 2552 3059 non

1499 3074 1734 3123 distinguitur
1753 3081 1872 3111 avtoto
1893 3082 2013 3120 motu,
2039 3074 2193 3123 quando
2215 3081 2342 3112 motus
2363 3081 2418 3112 est
2437 3068 2552 3120 conti·

1498 3141 1612 3166 nuus:
1642 3127 1710 3165 sed
1738 3127 1861 3164 solum
1891 3127 2045 3175 quando
2075 3134 2202 3164 motus
2231 3127 2324 3165 sistit
2350 3127 2389 3165 in
2411 3126 2549 3165 medio.

438 3236 464 3269 α)
485 3237 643 3262 decernitur.
663 3250 680 3255 -
699 3237 860 3261 discernitur
880 3237 916 3261 Pa
936 3242 961 3261 et
979 3237 1088 3263 codices.

1552 3237 1577 3272 β)
1591 3245 1608 3262 a
1625 3238 1756 3270 Gregorio
1773 3240 1971 3268 computantur.
1983 3250 2002 3256 -
2019 3242 2050 3261 ea
2066 3236 2214 3269 Gregorius
2232 3236 2279 3261 sub
2298 3242 2351 3260 nno
2367 3238 2504 3267 conmutat
2523 3235 2552 3260 Ρ.

1056 3298 1384 3331 commentaria
1407 3298 1655 3331 cardinalis
1677 3298 1874 3330 Caietam

390 3377 436 3438 IN
460 3367 590 3397 articulo
614 3368 748 3406 septimo
770 3369 911 3399 eiusdem
926 3369 1332 3409 septuagesimaesecundae
1347 3379 1442 3410 quae-

418 3410 544 3446 stionis,
575 3418 649 3440 nota
673 3413 760 3451 quod
790 3413 900 3442 divisio
931 3413 1048 3452 peccati
1072 3413 1105 3443 in
1129 3420 1294 3453 peccatum
1322 3413 1440 3449 cordis,

1497 3369 1613 3400 scilicet
1625 3369 1658 3399 in
1674 3369 1801 3409 species.
1814 3386 1835 3392 -
1851 3368 2007 3403 Secundo,
2025 3377 2081 3407 per
2099 3367 2232 3397 modum
2249 3365 2338 3406 quasi
2355 3366 2452 3396 totius
2471 3366 2551 3397 inte-

1496 3414 1588 3453 gralis
1603 3413 1636 3443 in
1651 3423 1723 3443 suas
1739 3419 1841 3452 partes
1855 3418 2085 3452 consequenter
2098 3420 2131 3440 se
2146 3410 2303 3440 habentes.
2321 3409 2362 3439 Et
2376 3409 2437 3440 hoc
2453 3411 2552 3440 modo

388 3454 450 3484 oris
474 3462 503 3485 et
520 3454 632 3494 operis,
651 3455 814 3494 dupliciter
828 3456 958 3496 intelligi
975 3464 1088 3496 potest.
1101 3457 1218 3492 Primo,
1236 3467 1292 3496 per
1306 3458 1442 3488 modum
1496 3464 1644 3488 tractatur
1666 3457 1698 3487 in
1721 3456 1876 3496 praesenn'
1897 3456 2007 3486 littera.

388 3498 549 3529 divisionis
572 3497 668 3529 totius
702 3498 882 3528 universalis
906 3500 938 3529 in
963 3507 1064 3539 partes
1096 3501 1296 3536 subiecfivas,
1321 3501 1442 3540 generis

1552 3501 1601 3531 Ad
1626 3500 1715 3531 cuius
1743 3499 1944 3533 evidentiam,
1974 3497 2051 3528 scito
2076 3496 2163 3537 quod
2192 3503 2316 3536 peccata
2344 3504 2417 3527 sunt
2439 3497 2471 3527 in
2496 3498 2551 3527 du-

2575 2475 2659 2495 conlra
2662 2489 2668 2495 .

2674 2387 2688 2420 β

1794 2440 1814 2462 ³¹⁵
1843 2440 2032 2489 distinguit
2055 2453 2112 2488 ea,
2133 2440 2220 2489 quia
2239 2441 2278 2478 in
2295 2449 2453 2489 peccato
2473 2441 2548 2480 oris
2574 2447 2586 2459 ⁸
2604 2446 2641 2469 Cf·
2660 2453 2707 2474 “8-
2726 2446 2776 2468 Sed
