2840 4010
133 793 144 803 *
160 792 205 819 Qu.
218 798 253 819 cx,
268 795 308 813 art.
322 799 341 820 3.

131 1208 141 1218 ⁸
153 1207 188 1228 De
204 1207 339 1233 insomniis,

134 1234 342 1255 c.111.-S.Th.1ect.

138 2919 148 2929 ⁸
164 2919 230 2940 Vers.
245 2925 280 2945 24.

372 182 421 228 84

371 261 538 308 intendit,
567 261 634 297 sed
653 260 773 308 magis
793 260 1041 296 obtenebrare
1063 257 1250 293 rationem
1279 255 1394 304 ipsius
1416 254 1430 284 β

372 314 420 350 ad
441 313 755 350 consentiendum
774 320 944 360 peccato.
967 311 1075 356 Quae
1096 309 1252 356 quidem
1273 309 1430 344 obtene-

371 366 491 403 bratio
515 365 691 414 provenit
711 377 755 401 ex
774 363 971 413 phantasia
992 370 1028 398 et
1048 361 1215 410 appetitu
1235 361 1428 398 sensitivo.

371 420 481 456 Unde
510 426 588 455 tota
615 417 768 454 interior
796 415 965 464 operatio
1002 414 1141 452 diaboli
1172 426 1252 450 esse
1280 413 1430 451 videtur

373 472 470 508 circa
489 470 725 519 phantasiam
755 477 791 505 et
819 468 1028 516 appetitum
1058 466 1292 504 sensitivum.
1323 468 1430 514 Quo-

373 537 456 560 rum
485 531 688 571 utrumque
719 520 1016 567 commovendo,
1038 527 1163 568 potest
1182 519 1361 557 inducere
1381 520 1428 556 ad

371 584 590 625 peccatum:
617 582 739 622 potest
760 574 860 610 enim
882 573 1030 622 operari
1050 574 1099 610 ad
1118 574 1191 609 hoc
1211 573 1315 621 quod
1335 573 1429 609 ima-

372 627 550 676 ginationi
579 628 725 675 aliquae
754 626 900 662 formae
925 625 1167 673 imaginariae
1188 633 1429 673 praesenten-

371 690 450 725 tur;
479 687 602 728 potest
623 679 734 716 etiam
756 679 878 716 facere
899 679 1003 727 quod
1023 678 1211 727 appetitus
1231 677 1429 715 sensitivus

372 733 578 769 concitetur
607 732 654 768 ad
684 731 849 780 aliquam
878 731 1109 780 passionem.

424 785 576 822 Dictum
598 792 653 821 est
673 785 772 820 enim
794 785 831 821 in
852 784 982 821 Primo
1003 784 1118 820 Libro
1134 784 1154 805 ²¹⁶
1173 783 1277 832 quod
1298 790 1430 829 natura

372 838 576 887 corporalis
605 837 783 886 spirituali
813 837 1030 874 naturaliter
1058 836 1187 873 obedit
1213 836 1261 872 ad
1281 843 1429 872 motum

370 891 540 927 localem.
571 890 681 927 Unde
711 898 746 927 et
765 890 938 927 diabolus
959 889 1088 926 omnia
1107 889 1167 925 illa
1188 900 1342 925 causare
1362 901 1430 936 po-

370 951 441 980 test
473 955 571 992 quae
604 956 649 980 ex
683 951 791 980 motu
826 943 934 979 locali
967 953 1173 990 corporum
1209 940 1429 977 inferiorum

370 996 573 1045 provenire
592 1003 762 1045 possunt,
793 995 861 1032 nisi
889 995 1025 1031 virtute
1046 994 1173 1031 divina
1193 993 1428 1042 reprimatur.

371 1050 488 1095 Quod
508 1057 635 1086 autern
656 1049 803 1097 aliquae
826 1049 971 1084 formae
992 1054 1320 1095 repraesententur
1339 1046 1430 1083 ima-

371 1102 560 1150 ginationi,
579 1101 820 1149 consequitur
840 1100 1072 1149 quandoque
1092 1099 1140 1136 ad
1161 1107 1310 1136 motum
1331 1099 1430 1136 loca-

370 1156 457 1192 lem.
488 1155 587 1192 Dicit
615 1154 716 1191 enim
746 1153 1014 1201 Philosophus,
1043 1152 1082 1188 in
1100 1152 1196 1189 libro
1226 1153 1271 1189 de
1289 1153 1429 1189 Somno

370 1214 406 1244 et
428 1208 564 1257 Vigilia
579 1207 610 1253 ²³⁴,
635 1206 739 1255 quod
766 1218 851 1243 cum
879 1205 1024 1242 animal
1050 1205 1254 1251 dormierit,
1282 1206 1430 1242 descen-

370 1261 476 1297 dente
500 1260 664 1308 plurimo
682 1260 869 1308 sanguine
887 1259 938 1295 ad
953 1258 1182 1307 principium
1202 1258 1428 1304 sensitivum,

368 1314 480 1350 simul
506 1313 730 1349 descendunt
756 1318 891 1360 motus,
926 1311 1007 1348 sive
1035 1310 1304 1360 impressiones
1329 1316 1345 1338 Υ
1373 1323 1430 1348 re-

369 1366 477 1403 lictae
507 1378 551 1402 ex
580 1365 812 1402 sensibilium
840 1364 1090 1411 motionibus,
1120 1376 1218 1413 quae
1247 1363 1285 1400 in
1313 1363 1429 1401 sensi-

370 1419 507 1456 bilibus
536 1418 735 1467 speciebus
765 1424 1048 1464 conservantur,
1082 1422 1118 1453 et
1147 1422 1298 1453 movent
1323 1417 1429 1465 prin-

370 1472 507 1520 cipium
539 1471 867 1520 apprehensivum,
897 1471 947 1507 ita
981 1470 1083 1518 quod
1117 1477 1300 1518 apparent
1328 1482 1372 1506 ac
1399 1470 1429 1507 si

369 1533 459 1562 tunc
486 1525 713 1574 principium
743 1524 964 1561 sensitivum
986 1535 1009 1559 a
1028 1524 1140 1559 rebus
1160 1522 1250 1571 ipsis
1272 1523 1430 1559 exterio-

370 1578 472 1614 ribus
500 1578 770 1614 immutaretur.
801 1577 911 1614 Unde
940 1577 1021 1613 talis
1049 1583 1176 1612 motus
1204 1575 1332 1612 localis
1357 1575 1430 1625 spi-

371 1630 510 1667 rituum
535 1632 597 1668 vel
624 1632 832 1667 humorum
850 1637 974 1678 potest
1001 1626 1197 1678 procurari
1226 1641 1248 1665 a
1276 1628 1431 1665 daemo-

371 1684 502 1730 nibus,
533 1684 613 1720 sive
648 1683 839 1720 dormiant
871 1682 950 1719 sive
978 1682 1133 1730 vigilent
1169 1682 1365 1719 homines:
1396 1689 1432 1718 et

371 1737 423 1773 sic
453 1734 621 1785 sequitur
639 1734 652 1757 δ
681 1735 785 1784 quod
813 1736 932 1772 homo
962 1735 1087 1784 aliqua
1114 1735 1350 1782 imaginetur.

1031 179 1296 225 QUAESTIO
1326 178 1482 224 LXXX,
1512 177 1806 214 ARTICULUS
1836 178 1884 214 III

1539 254 1714 291 Similiter
1742 255 1855 291 etiam
1887 256 2073 304 appetitus
2101 256 2300 293 sensitivus
2336 255 2544 293 concitatur

1484 309 1534 344 ad
1562 308 1704 356 aliquas
1733 307 1930 355 passiones
1959 308 2171 345 secundum
2200 308 2394 356 quendam
2423 309 2543 345 deter-

1484 360 1671 397 minatum
1704 367 1852 397 motum
1887 359 2011 396 cordis
2045 368 2080 396 et
2112 360 2320 408 spirituum.
2355 361 2467 398 Unde
2495 362 2543 398 ad

1483 414 1558 450 hoc
1588 413 1700 450 etiam
1730 412 1903 449 diabolus
1930 419 2055 460 potest
2079 413 2287 461 cooperari.
2318 414 2367 450 Et
2397 425 2441 450 ex
2468 414 2543 450 hoc

1484 466 1588 514 quod
1622 465 1820 515 passiones
1853 465 2001 513 aliquae
2031 465 2265 502 concitantur
2300 465 2339 502 in
2375 466 2543 514 appetitu

1484 519 1686 566 sensitivo,
1717 518 1884 566 sequitur
1922 518 2026 566 quod
2055 525 2090 554 et
2118 525 2267 554 motum
2306 517 2386 554 sive
2423 518 2542 555 inten-

1484 572 1626 608 tionem
1656 571 1871 608 sensibilem
1899 570 2092 619 praedicto
2122 570 2240 606 modo
2270 570 2465 607 reductam
2494 572 2543 608 ad

1483 623 1711 672 principium
1745 623 2089 672 apprehensivum,
2119 622 2238 670 magis
2270 623 2388 659 homo
2423 623 2543 671 perci—

1484 676 1580 724 piat:
1611 675 1711 724 quia,
1732 683 1772 712 ut
1790 676 2044 725 Philosophus
2063 676 2102 712 in
2123 675 2259 712 eodem
2278 674 2374 711 libro
2394 674 2414 696 '¹‘
2442 675 2541 724 dicit,

1484 734 1653 764 amantes
1667 728 1814 765 modica
1832 729 2070 765 similitudine
2085 730 2121 765 in
2136 728 2468 776 apprehensionem
2489 729 2546 764 rei

1484 786 1634 817 amatae
1662 786 1869 817 moventur.
1901 781 2092 829 Contingit
2118 781 2228 818 etiam
2263 792 2307 817 ex
2334 780 2410 816 hoc
2437 780 2543 828 quod

1483 833 1609 882 passio
1632 841 1687 870 est
1707 833 1902 880 concitata,
1931 841 1973 870 ut
2000 834 2038 870 id
2066 834 2171 882 quod
2195 833 2422 883 proponitur
2449 833 2542 869 ima-

1485 885 1686 933 ginationi,
1715 885 1901 922 iudicetur
1933 886 2267 934 prosequendum:
2297 885 2386 934 quia
2414 885 2448 922 ei
2478 885 2543 933 qui

1485 951 1507 975 a
1534 938 1710 987 passione
1741 938 1939 986 detinetur,
1959 938 2109 976 videtur
2128 952 2210 976 esse
2231 940 2376 976 bonum
2396 938 2434 976 id
2453 943 2466 959 ⁸
2494 939 2543 975 ad

1485 993 1590 1040 quod
1609 1004 1677 1040 per
1695 991 1913 1040 passionem
1933 990 2139 1028 inclinatur.
2169 993 2218 1028 Et
2245 1004 2312 1040 per
2339 992 2441 1028 hunc
2459 1003 2542 1028 mo-

1485 1045 1578 1081 dum
1608 1045 1780 1081 diabolus
1809 1044 1963 1081 interius
1991 1044 2132 1081 inducit
2160 1044 2208 1081 ad
2235 1044 2487 1093 peccandum.

1537 1099 1595 1134 AD
1630 1109 1767 1134 PmMUM
1799 1109 1897 1134 ERGO
1931 1108 2115 1134 monimum
2148 1098 2252 1146 quod
2290 1108 2406 1146 opera
2441 1097 2541 1134 vitae

1484 1163 1637 1199 semper
1665 1151 1732 1187 etsi
1760 1150 1831 1187 sint
1859 1149 1906 1186 ab
1940 1149 2066 1199 aliquo
2098 1149 2284 1198 principio
2322 1149 2541 1197 intrinseco,

1483 1210 1612 1241 tamen
1645 1203 1694 1240 ad
1723 1215 1768 1240 ea
1799 1210 1924 1251 potest
1955 1202 2154 1251 cooperari
2191 1201 2345 1250 aliquod
2383 1201 2542 1239 exterius

1483 1269 1620 1304 agens:
1654 1256 1749 1293 sicut
1787 1256 1899 1292 etiam
1933 1256 1982 1293 ad
2016 1268 2134 1304 opera
2167 1255 2317 1292 animae
2351 1255 2542 1302 vegetabi-

1483 1309 1526 1346 lis
1545 1309 1558 1335 t
1586 1317 1765 1359 operatur
1794 1309 1896 1345 calor
1924 1308 2095 1356 exterior,
2124 1316 2167 1345 ut
2193 1308 2335 1345 facilius
2355 1307 2543 1355 digeratur

1483 1363 1599 1400 cibus.

1534 1417 1594 1453 AD
1622 1427 1811 1452 SECUNDUM
1839 1426 2023 1452 mei-:unum
2052 1414 2156 1463 quod
2183 1411 2402 1450 huiusmodi
2427 1423 2542 1461 appa·

1483 1469 1567 1506 ritio
1600 1469 1811 1505 formarum
1849 1466 2149 1515 imaginabilium
2182 1478 2262 1504 non
2295 1473 2351 1503 est
2367 1463 2541 1506 ,omnino

1482 1529 1631 1571 praeter
1659 1521 1833 1558 ordinem
1861 1527 2028 1557 naturae.
2058 1520 2142 1556 Nec
2166 1527 2222 1556 est
2242 1531 2311 1568 per
2330 1518 2453 1555 solum
2473 1517 2543 1555 im-

1483 1575 1645 1624 perium,
1676 1574 1743 1611 sed
1766 1586 1835 1622 per
1854 1579 2003 1610 motum
2022 1573 2194 1620 localem,
2213 1579 2255 1609 ut
2273 1571 2416 1609 dictum
2437 1577 2493 1608 est
2509 1571 2541 1608 ⁸.

1537 1628 1648 1665 Unde
1685 1634 1788 1676 patet
1825 1625 2021 1675 responsio
2055 1625 2105 1663 ad
2140 1625 2313 1662 tertium:
2349 1624 2437 1674 quia
2468 1623 2543 1661 for-

1484 1693 1572 1718 mae
1607 1681 1690 1717 illae
1728 1687 1815 1716 sunt
1842 1692 1864 1716 a
1896 1678 2068 1716 sensibus
2106 1685 2283 1728 acceptae
2317 1676 2543 1727 primordia-

1484 1734 1577 1771 liter.

424 1869 448 1903 β)
468 1870 638 1896 obtenebrare
657 1869 787 1894 rationem
807 1868 897 1900 ipsim-
915 1883 933 1887 -
953 1867 1107 1893 obtenebrat
1126 1867 1256 1893 rationem
1276 1867 1332 1892 eius
1350 1867 1396 1892 Pa.

422 1907 449 1939 γ)
469 1905 660 1938 impressiones.
680 1918 699 1923 —-
712 1903 851 1936 passiones
869 1903 921 1927 EF.

423 1941 447 1974 ὃ)
467 1941 593 1974 sequitur.
611 1953 630 1959 —
648 1947 686 1965 ex
704 1940 752 1964 hoc
771 1939 866 1964 addunt
884 1937 937 1964 EF.

1539 1866 1562 1898 ε)
1582 1866 1618 1891 id.
1636 1880 1655 1884 -·
1673 1865 1776 1897 aliquid
1793 1865 1844 1894 EF.
1863 1871 1916 1889 om.
1935 1863 2021 1889 ceteri.

1538 1900 1563 1934 ζ)
1583 1901 1743 1934 vegetabilis.
1761 1914 1780 1919 -
1799 1899 1963 1933 vegetativae
1981 1898 2033 1924 EF.

1047 2016 1378 2050 commentaria
1400 2014 1649 2048 Cat-dinalis
1672 2013 1870 2060 Caietam

402 2110 421 2130 N
446 2098 578 2129 articulo
603 2097 753 2133 secundo,
780 2103 854 2127 nota
878 2097 968 2136 quod
991 2095 1064 2126 hinc
1089 2095 1185 2126 habes
1215 2095 1383 2136 quomodo
1401 2094 1434 2124 in
1488 2093 1618 2124 mniant.
1643 2093 1767 2123 Accidit
1789 2092 1874 2122 enim
1897 2091 1987 2132 quod
2009 2091 2122 2132 aliquis
2146 2091 2281 2132 patiatur
2298 2090 2431 2131 vigilans
2458 2090 2547 2131 quod

376 2112 588 2173 Imulieribus
612 2142 678 2172 istis
710 2151 790 2181 quae
814 2141 962 2171 dicuntur
985 2140 1122 2170 visiones
1155 2139 1285 2175 habere,
1315 2138 1434 2170 causari
1488 2137 1564 2168 alter
1588 2137 1705 2178 patitur
1733 2137 1908 2167 dormiens:
1933 2142 1969 2166 ut
1992 2135 2156 2166 manifeste
2185 2141 2271 2176 patet
2293 2134 2326 2165 in
2348 2133 2546 2175 phreneticis.

373 2198 409 2218 ex
433 2187 627 2217 daemonum
650 2185 797 2216 illusione
828 2191 883 2215 aut
905 2184 1079 2214 humorum
1104 2190 1135 2214 et
1160 2183 1330 2223 spirituum
1347 2192 1435 2213 com-

1487 2182 1607 2212 Notent
1631 2187 1738 2212 autem
1766 2181 1828 2211 hoc
1855 2186 1990 2211 rectores
2014 2179 2232 2220 religiosarum
2260 2188 2484 2220 personarum,
2507 2187 2548 2208 ne

373 2231 549 2262 mutatione
571 2237 676 2270 potest
692 2236 727 2260 ut
743 2229 906 2270 vigilantes
925 2228 1146 2268 imaginentur,
1170 2234 1200 2258 et
1216 2233 1365 2267 appareat
1391 2226 1435 2257 eis
1490 2225 1643 2256 divinitati
1663 2225 1834 2256 tribuentes
1849 2224 1938 2266 quod
1953 2230 2082 2255 naturae
2107 2223 2346 2261 autffidaemonis
2366 2229 2420 2260 est,
2436 2228 2546 2258 errent,

374 2276 416 2306 sic
441 2285 506 2305 esse
536 2275 568 2305 in
597 2284 648 2310 re,
679 2273 759 2304 sicut
790 2273 943 2313 contingit
973 2271 1203 2303 dormientibus
1231 2271 1361 2312 quando
1385 2280 1435 2301 so-

1490 2279 1653 2310 errareque
1677 2269 1755 2299 alios
1779 2268 1902 2300 faciant.

1177 2423 1494 2466 ARTICULUS
1523 2421 1750 2465 TERTIUS

710 2528 866 2559 UTRUM
889 2526 1102 2558 DtABorus
1126 2525 1275 2557 Possrr
1299 2525 1629 2556 NECEsstrATEM
1654 2523 1837 2555 INFERRE
1861 2523 1920 2554 AD
1942 2521 2210 2553 PECCANDUM

1226 2613 1267 2638 De
1285 2613 1367 2644 Malo,
1388 2620 1432 2645 qu.
1451 2619 1492 2642 111,
1512 2616 1558 2637 art.
1579 2611 1602 2642 3,
1622 2611 1653 2636 ad
1672 2619 1697 2645 9.

377 2916 466 2952 bolo
488 2915 623 2952 dicitur
641 2916 710 2952 Iob
720 2927 787 2952 -xm
807 2914 843 2951 *τ
871 2915 962 2951 Νοη
988 2920 1042 2950 est
1055 2919 1216 2961 potestas
1234 2925 1347 2962 super
1365 2919 1435 2950 ter-

377 2981 460 3005 ram
494 2980 591 3016 quae
618 2969 654 3005 ei
679 2968 804 3005 valeat
829 2967 1056 3015 comparari.
1087 2967 1188 3014 Ergo
1217 2974 1342 3016 potest
1367 2967 1436 3003 ho-

378 3022 470 3058 mini
488 3029 637 3058 terreno
658 3021 921 3058 necessitatem
950 3020 1086 3056 inferre
1115 3019 1162 3056 ad
1184 3019 1435 3067 peccandum.

433 3086 467 3111 2.
489 3075 721 3122 PRAETEREA,
743 3073 836 3111 ratio
861 3072 1027 3110 hominis
1049 3085 1128 3109 non
1146 3079 1270 3121 potest
1289 3072 1438 3109 moveri

379 3127 448 3163 nisi
486 3128 696 3164 secundum
734 3140 779 3164 ea
813 3137 912 3175 quae
946 3125 1104 3162 exterius
1142 3125 1315 3162 sensibus
1351 3137 1438 3173 pro-

379 3188 589 3227 ponuntur,
620 3188 655 3217 et
687 3179 944 3228 imaginationi
975 3185 1319 3228 repraesentantur:
1350 3177 1438 3226 quia

381 3233 505 3268 omnis
535 3241 662 3270 nostra
696 3233 859 3281 cognitio
889 3240 1016 3269 ortum
1045 3232 1161 3268 habet
1188 3243 1210 3267 a
1238 3242 1373 3278 senSU,
1403 3237 1440 3266 et

1491 2699 1694 2736 exteriores
1720 2711 1872 2736 sensus:
1903 2697 1991 2736 dicit
2010 2697 2111 2734 enim
2131 2696 2375 2744 Augustinus,
2396 2696 2434 2733 in
2453 2695 2549 2733 libro

1495 2753 1692 2802 Octoginta
1706 2753 1819 2789 trium
1839 2752 1987 2794 Quaest.
2001 2749 2033 2798 ²⁸²,
2055 2750 2160 2799 quod
2178 2749 2293 2798 serpit
2309 2750 2380 2786 hoc
2393 2749 2548 2796 malum,
2577 2762 2588 2775 ·

1491 2806 1630 2842 scilicet
1658 2805 1762 2854 quod
1782 2812 1838 2842 est
1856 2817 1878 2841 a
1899 2803 2063 2851 diabolo,
2086 2815 2160 2851 per
2186 2814 2315 2840 omnes
2329 2802 2450 2839 aditus
2467 2812 2549 2839 sen-

1489 2859 1612 2896 suales
1633 2863 1671 2903 ²;
1699 2859 1765 2895 dat
1796 2869 1836 2894 se
1861 2857 2026 2907 figuris,
2055 2855 2318 2894 accommodat
2342 2855 2549 2900 coloribus,

1491 2912 1671 2949 adhaeret
1698 2911 1820 2957 sonis,
1849 2910 2012 2959 infundit
2029 2909 2252 2958 'saporibus
2289 2908 2390 2956 Ergo
2426 2914 2551 2956 potest

1492 2965 1679 3002 rationem
1707 2963 1873 3001 hominis
1894 2975 1938 3000 ex
1957 2962 2178 3000 necessitate
2197 2961 2376 2999 inclinare
2396 2960 2444 2998 ad
2463 2971 2551 3010 pec-

1493 3018 1670 3055 candum.

1548 3072 1582 3108 3.
1612 3071 1853 3115 PRAETEREA,
1884 3067 2096 3105 secundum
2123 3067 2380 3115 Augustinum
2398 3065 2430 3113 ⁸,
2459 3076 2550 3103 non-

1494 3123 1637 3160 nullum
1663 3127 1861 3171 peccatum
1897 3126 1967 3167 est,
1997 3132 2082 3158 cum
2111 3133 2202 3158 caro
2234 3119 2461 3168 concupiscit
2484 3117 2550 3156 ad*-

1492 3187 1622 3214 versus
1650 3175 1831 3224 spiritum.
1864 3174 1939 3212 Sed
1965 3173 2311 3223 concupiscentiam
2332 3171 2454 3210 carnis
2473 3169 2550 3208 dia-

1494 3230 1604 3266 bolus
1632 3235 1757 3277 potest
1785 3239 1956 3275 causare,
1986 3227 2081 3265 sicut
2109 3234 2145 3264 et
2173 3233 2316 3263 ceteras
2342 3223 2548 3274 passiones,

2570 680 2697 729 {eccipi1i¹·'
2706 681 2780 704 Μὴ·

2570 1578 2580 1587 ’
2594 1576 2620 1598 In
2635 1581 2740 1604 corpore.

2578 3078 2588 3088 “
2604 3077 2640 3099 De
2663 3076 2713 3099 Cha
2733 3075 2786 3103 Dei,

2577 3103 2616 3125 lib.
2625 3102 2786 3131 XIX‚qnp.1v.

144 3327 151 3335 .
175 3325 216 3347 Lib
247 3325 277 3346 m
303 3330 329 3346 m
381 3296 455 3321 non
484 3291 537 3321 est
562 3286 768 3335 intelligere
794 3286 874 3322 sine
893 3286 1168 3334 phantasmate,
1187 3283 1383 3334 utdicitur
1401 3283 1438 3319 in

144 3331 353 3380 vn‚n.'3,-s.rl31
382 3337 477 3373 libro
510 3338 555 3373 de
585 3339 724 3375 Anima
742 3339 773 3376 ³¹².
805 3339 880 3376 Sed
916 3338 1088 3376 diabolus
1120 3344 1245 3386 potest
1281 3348 1438 3374 movere

143 3379 194 3399 lect.
209 3384 250 3399 ιιι.

143 3406 152 3415 ·
166 3405 217 3426 An.
235 3403 340 3432 praeced.
382 3389 689 3438 imaginationem
714 3391 889 3439 hominis,
911 3399 952 3428 ut
972 3391 1114 3428 dictum
1135 3398 1191 3427 est
1204 3389 1244 3437 ¹²,
1270 3397 1306 3426 et
1326 3389 1439 3426 etiam

1495 3335 1665 3372 cessitate
1693 3342 1818 3383 potest
1844 3334 2023 3371 inducere
2052 3333 2101 3370 ad
2128 3331 2377 3382 peccandum.

2834 2917 2840 2944 4

1494 3295 1541 3319 eo
1570 3282 1688 3319 modo
1723 3293 1799 3330 quo
1829 3293 1943 3330 supra
1962 3280 1982 3302 ’¹‘
2011 3280 2153 3318 dictum
2183 3287 2248 3316 est.
2284 3279 2385 3325 Ergo
2414 3285 2459 3313 ex
2487 3288 2550 3313 ne·
2577 3285 2772 3314 *Arum-ecee.

1549 3389 1622 3425 SED
1647 3399 1792 3425 CONTRA
1811 3399 1876 3424 Esr
1895 3387 1998 3436 quod
2020 3385 2153 3424 dicitur
2172 3386 2186 3422 Ι
2202 3384 2300 3422 Petr.
2320 3382 2385 3420 ult.
2406 3382 2446 3419 *t
2474 3381 2550 3418 Ad·
2578 3399 2589 3410 ·
2603 3397 2735 3425 ven.s,9.

2831 3497 2840 3519 1

435 3505 462 3540 α)
482 3505 652 3530 sensuales.-
670 3505 802 3529 sensibiles
822 3504 1027 3528 PBCDEFGKa.
1046 3518 1064 3522 —
1084 3504 1145 3528 Post
1163 3503 1346 3528 accommodat
1365 3508 1390 3527 et
1409 3502 1527 3536 infundit
1546 3502 1582 3526 Pa
1602 3501 1698 3526 addunt
1716 3508 1752 3527 se.
