2840 4010
135 671 144 679 ¹
151 669 197 696 Qu.
205 674 260 695 cxii,
271 671 312 689 art.
321 674 343 693 4.

134 1094 143 1103 ·
154 1093 200 1120 Qu.
209 1098 268 1119 cxiv,
276 1095 317 1113 art
324 1097 344 1113 2.

135 2102 144 2109 ·
159 2099 228 2120 Vei-s.
242 2104 262 2119 2.

135 2198 253 2220 ⁴1nterlin.
261 2205 289 2220 ex
296 2198 349 2220 Am-

136 2226 201 2248 bros.

140 2522 149 2531 ⁶
164 2520 191 2542 D.
207 2520 260 2547 678.

147 3106 156 3114 ·
166 3104 212 3131 Qu.
222 3110 277 3131 cxii,
288 3108 355 3127 art.2.

147 3369 158 3380 ⁴*
173 3368 241 3395 lbid„
256 3367 284 3390 nd
299 3373 319 3389 2.

372 170 445 205 338

371 247 482 284 simul
511 247 629 283 multa
658 245 860 303 intelligere
885 244 922 280 in
952 250 1037 279 actu
1068 248 1095 290 α,
1117 250 1157 279 ut
1185 242 1223 278 in
1251 242 1381 278 Primo
1409 241 1428 264 ’¹‘

373 300 514 337 dictum
545 306 610 335 est.
647 299 746 334 Cum
776 297 884 344 igitur
912 295 959 332 ad
988 273 1294 332 iustificationem
1324 295 1429 344 impii

372 352 581 401 requiratur
601 357 726 388 motus
754 349 858 385 liberi
887 348 1054 384 arbitrii
1045 361 1082 385 in
1103 348 1263 394 diversa,
1290 347 1429 385 scilicet

372 405 410 442 in
429 407 556 442 Deum
578 411 612 440 et
631 403 668 439 in
687 410 898 461 peccatum,
918 400 1070 438 videtur
1093 403 1196 450 quod
1217 401 1427 438 iustificatio

373 457 478 506 impii
507 469 585 493 non
613 455 731 503 possit
760 466 840 490 esse
869 453 907 490 in
935 453 1098 491 instanti.

429 512 462 547 3.
492 511 729 554 PRAETEREA,
759 507 882 543 forma
918 519 1015 555 quae
1055 507 1207 555 suscipit
1237 506 1358 554 magis
1393 514 1429 543 et

372 562 509 608 minus,
526 559 737 598 successive
754 559 930 607 recipitur
944 559 981 596 in
1002 560 1191 596 subiecto:
1213 559 1308 597 sicut
1326 566 1429 607 patet

373 615 419 651 de
448 614 620 650 albedine
646 620 680 649 et
705 612 910 660 nigredine.
942 612 1017 649 Sed
1037 612 1154 660 gratia
1170 612 1328 661 suscipit
1347 624 1427 649 rna-

371 666 425 714 gis
455 674 490 702 et
518 666 661 712 minus,
690 672 731 701 ut
760 677 874 713 supra
898 664 918 686 ’¹‘
947 665 1087 702 dictum
1118 673 1183 702 est.
1219 666 1320 713 Ergo
1349 678 1428 703 non

372 719 548 768 recipitur
575 718 699 755 subito
729 718 766 754 in
795 717 976 754 subiecto.
1009 717 1107 754 Cum
1130 718 1239 766 igitur
1258 719 1307 755 ad
1326 718 1428 756 iusti-

371 772 588 808 ficationem
617 770 722 819 impii
751 770 962 819 requiratur
989 771 1128 818 gratiae
1154 771 1302 818 infusio,
1322 771 1427 808 vide-

370 831 430 860 tur
458 824 563 873 quod
591 823 805 860 iustificatio
834 823 940 872 impii
969 836 1046 861 non
1075 824 1193 873 possit
1214 837 1295 861 esse
1315 823 1353 861 in
1374 825 1429 861 in-

371 878 492 913 stanti.

423 942 459 976 4.
481 931 717 976 PRAETEREA,
748 936 875 966 motus
902 929 1010 966 liberi
1038 929 1178 966 arbitrii
1206 930 1269 977 qui
1297 930 1346 967 ad
1374 930 1428 966 iu-

372 982 636 1019 stificationem
661 982 767 1030 impii
806 983 1014 1030 concurrit,
1045 991 1100 1019 est
1128 983 1362 1020 meritorius:
1394 991 1429 1020 et

371 1036 421 1072 ita
450 1042 598 1084 oportet
626 1036 728 1094 quod
758 1035 940 1083 procedat
960 1048 980 1072 a
1001 1035 1128 1083 gratia,
1150 1035 1230 1072 sine
1252 1048 1328 1084 qua
1347 1037 1428 1073 nul-

371 1089 452 1125 lum
473 1095 527 1125 est
555 1088 742 1135 meritum,
763 1095 805 1124 ut
823 1087 919 1124 infra
937 1088 957 1110 ’¹‘
977 1089 1132 1125 dicetur.
1155 1089 1231 1126 Sed
1250 1089 1353 1137 prius
1374 1096 1429 1125 est

373 1141 514 1190 aliquid
544 1141 725 1189 consequi
753 1141 939 1188 formam,
970 1153 1086 1189 quam
1114 1143 1326 1178 secundum
1355 1142 1429 1178 for-

371 1206 476 1230 mam
513 1193 671 1241 operari.
711 1194 811 1240 Ergo
847 1193 950 1241 prius
984 1194 1191 1230 infunditur
1227 1195 1362 1241 gratia,
1394 1202 1429 1231 et

371 1254 503 1295 postea
531 1246 693 1282 liberum
722 1246 915 1282 arbitrium
936 1254 1114 1283 movetur
1133 1246 1170 1283 in
1189 1248 1316 1283 Deum
1337 1255 1372 1284 et
1391 1247 1428 1284 in

374 1298 660 1336 detestationem
696 1299 852 1347 peccati.
888 1299 980 1335 Non
1013 1311 1102 1346 ergo
1131 1299 1345 1336 iustificatio
1375 1308 1430 1338 est

372 1359 450 1388 tota
478 1352 601 1388 simul.

429 1407 462 1441 5.
478 1406 711 1451 PRAETEREA,
724 1403 753 1440 si
769 1404 886 1451 gratia
905 1404 1122 1441 infundatur
1137 1404 1300 1464 animae,
1318 1418 1430 1454 opor-

372 1465 424 1494 tet
453 1457 543 1494 dare
580 1456 734 1516 aliquod
766 1456 908 1494 instans
943 1457 981 1494 in
1010 1470 1087 1505 quo
1122 1458 1246 1506 primo
1280 1458 1429 1495 animae

374 1510 468 1547 insit.
487 1510 664 1547 Similiter
679 1510 708 1546 si
728 1511 839 1558 culpa
859 1510 1068 1558 remittitur,
1086 1519 1236 1559 oportet
1253 1511 1428 1549 ultimum

373 1563 515 1600 instans
544 1564 632 1600 dare
661 1563 699 1599 in
726 1575 804 1611 quo
827 1564 947 1600 homo
968 1564 1100 1612 culpae
1120 1564 1322 1602 subiaceat.
1353 1565 1430 1602 Sed

374 1629 453 1653 non
480 1623 604 1665 potest
632 1628 712 1652 esse
738 1616 840 1652 idem
870 1615 1028 1654 instans:
1059 1617 1146 1665 quia
1175 1617 1227 1654 sic
1256 1618 1431 1666 opposita

377 1670 489 1706 simul
518 1669 682 1705 inessent
710 1669 847 1705 eidem.
877 1670 979 1717 Ergo
1010 1678 1159 1718 oportet
1179 1683 1261 1707 esse
1282 1671 1358 1707 duo
1377 1671 1431 1708 in-

375 1722 508 1759 stantia
523 1722 594 1758 sibi
609 1722 863 1758 succedentia:
882 1722 976 1759 inter
990 1735 1100 1770 quae,
1118 1723 1328 1760 secundum
1345 1724 1431 1760 Phi-

318 1788 345 1797 ··
374 1776 590 1823 losophum,
619 1775 657 1811 in
684 1774 735 1811 VI
763 1775 912 1823 Physic.
932 1775 963 1822 ³⁸,
994 1784 1143 1824 oportet
1171 1789 1253 1813 esse
1282 1785 1431 1826 tempus

375 1828 558 1865 medium.
590 1828 681 1864 Non
710 1839 798 1875 ergo
827 1828 1040 1865 iustificatio
1061 1830 1103 1866 fit
1122 1836 1199 1866 tota
1219 1830 1342 1877 simul,
1364 1830 1431 1867 sed

375 1881 598 1918 successive.

430 1935 503 1971 SED
526 1945 672 1971 CONTRA
699 1945 765 1970 EST
790 1934 894 1982 quod
923 1935 1135 1972 iustificatio
1164 1935 1267 1984 impii
1295 1936 1338 1972 fit
1364 1948 1433 1984 per

374 1987 531 2035 gratiam
561 1987 720 2036 Spiritus
750 1987 876 2024 Sancti
900 1988 1144 2025 iustificantis.
1176 1989 1254 2025 Sed
1274 1989 1433 2037 Spiritus

376 2042 536 2077 Sanctus
565 2039 688 2076 subito
718 2040 873 2078 advenit
905 2041 1096 2078 mentibus
1124 2041 1346 2088 hominum;
1376 2054 1433 2079 se-

376 2093 544 2130 cundum
563 2093 654 2129 illud
673 2093 754 2130 Act.
777 2105 799 2130 11
814 2093 849 2130 *ε
869 2095 1008 2131 Factus
1026 2100 1081 2131 est
1098 2101 1246 2143 repente
1265 2096 1310 2132 de
1328 2095 1431 2132 caelo

374 2159 487 2184 sonus
506 2152 685 2194 tanquam
700 2146 927 2183 advenientis
940 2148 1090 2196 spiritus
1104 2148 1347 2192 vehementis‚·
1368 2148 1432 2185 ubi

376 2200 465 2237 dicit
492 2200 629 2236 Glossa
655 2198 676 2220 '¹‘
704 2199 809 2248 quod
842 2200 956 2236 nescit
982 2201 1090 2237 tarda
1127 2201 1322 2238 molimina
1351 2201 1431 2250 Spi-

376 2254 468 2290 ritus
495 2252 624 2289 Sancti
639 2253 778 2302 gratia.
800 2253 902 2301 Ergo
922 2253 1134 2291 iustificatio
1154 2253 1260 2303 impii
1280 2267 1359 2291 non
1379 2261 1435 2292 est

377 2306 604 2352 successiva,
634 2306 701 2342 sed
730 2306 976 2343 instantanea.

431 2361 656 2396 RESPONDEO
672 2370 855 2396 DICENDUM
873 2359 977 2407 quod
996 2359 1307 2407 totaviustificatio
1327 2360 1434 2409 impii

379 2411 606 2460 originaliter
626 2411 792 2448 consistit
810 2411 848 2448 in
867 2412 1004 2459 gratiae
1025 2412 1234 2449 infusione:
1258 2425 1328 2462 per
1348 2425 1433 2450 eam

379 2466 483 2502 enirn
511 2473 548 2501 et
574 2464 736 2502 liberum
765 2465 961 2502 arbitrium
981 2473 1170 2512 movetur,
1193 2474 1229 2503 et
1248 2467 1358 2515 culpa
1379 2478 1434 2503 re-

378 2518 533 2555 mittitur
556 2517 586 2554 *.
609 2517 759 2554 Gratiae
789 2525 916 2554 autem
945 2517 1082 2555 infusio
1107 2517 1122 2548 β
1149 2519 1191 2555 fit
1219 2519 1257 2555 in
1285 2519 1435 2556 instanti

378 2573 522 2620 absque
555 2571 806 2608 successione.
842 2571 960 2608 Cuius
989 2571 1082 2608 ratio
1117 2580 1172 2608 est
1208 2572 1297 2622 quia
1330 2573 1434 2621 quod

378 2625 503 2673 aliqua
539 2624 663 2661 forma
699 2636 778 2660 non
806 2624 929 2661 subito
967 2624 1206 2672 imprimatur
1243 2626 1433 2673 subiecto,

379 2677 557 2725 contingit
585 2689 629 2713 ex
657 2678 732 2714 hoc
759 2677 864 2726 quod
893 2677 1106 2714 subiectum
1135 2690 1212 2714 non
1234 2686 1289 2715 est
1309 2679 1435 2728 dispo-

379 2731 511 2777 situm,
543 2737 579 2766 et
616 2743 730 2778 agens
763 2730 904 2778 indiget
935 2738 1110 2779 tempore
1143 2731 1191 2767 ad
1227 2732 1302 2768 hoc
1330 2732 1454 2780 quod>

379 2785 590 2820 subiectum
613 2784 799 2832 disponat.
821 2784 869 2820 Et
889 2783 974 2820 ideo
993 2783 1171 2821 videmus
1187 2785 1290 2833 quod
1311 2785 1435 2822 statim

380 2849 467 2873 cum
497 2836 652 2873 materia
681 2844 736 2873 est
765 2836 945 2885 disposita
964 2849 1031 2885 per
1051 2837 1307 2874 alterationem
1328 2850 1436 2886 prae-

381 2891 590 2936 cedentem,
609 2890 732 2926 forma
752 2890 1002 2926 substantialis
1023 2890 1224 2938 acquiritur
1239 2891 1436 2928 materiae:

381 2951 417 2979 et
446 2943 580 2979 eadem
599 2943 754 2989 ratione,
776 2942 864 2991 quia
883 2943 1116 2991 diaphanum
1146 2952 1202 2980 est
1225 2944 1435 2981 secundum

382 3008 421 3032 se
451 2995 674 3044 dispositum
698 2995 746 3032 ad
766 2997 895 3032 lumen
916 2995 1188 3044 recipiendum,
1211 2996 1334 3033 subito
1355 2996 1436 3033 illu-

383 3049 545 3085 minatur
572 3061 593 3085 a
614 3061 773 3097 corpore
793 3049 918 3086 lucido
938 3048 977 3085 in
997 3056 1093 3085 actU.
1123 3049 1277 3086 Dictum
1298 3057 1353 3086 est
1372 3062 1437 3086 au—

383 3109 459 3138 tem
492 3114 605 3150 supra
628 3101 647 3123 ’¹‘
680 3102 785 3149 quod
818 3103 922 3138 Deus
956 3102 1004 3139 ad
1036 3103 1111 3138 hoc
1143 3103 1247 3151 quod
1279 3103 1436 3150 gratiam

383 3154 553 3191 infundat
581 3154 742 3202 animae,
772 3167 850 3191 non
870 3154 1021 3204 requirit
1041 3155 1205 3203 aliquam
1228 3155 1439 3204 dispositio-

385 3219 474 3243 nem
494 3207 563 3243 nisi
587 3220 702 3255 quam
724 3208 803 3256 ipse
822 3208 919 3244 facit.
941 3207 1045 3245 Facit
1069 3215 1197 3246 autern
1219 3208 1440 3246 huiusmodi

386 3259 672 3307 dispositionem
701 3260 951 3297 sufficientem
982 3262 1028 3298 ad
1058 3261 1339 3310 susceptionem
1358 3274 1440 3310 gra-

386 3311 470 3358 tiae,
488 3313 718 3360 quandoque
737 3313 890 3361 quidem
908 3313 1044 3360 subito,
1061 3315 1291 3363 quandoque
1313 3317 1440 3352 autem

387 3364 566 3413 paulatim
601 3373 637 3400 et
673 3366 906 3413 successive,
936 3375 977 3402 ut
1010 3379 1123 3414 supra
1150 3367 1170 3389 '¹‘
1199 3367 1339 3404 dictum
1375 3375 1440 3405 est.

441 3478 469 3510 α)
489 3477 515 3502 in
534 3480 605 3501 actu.
622 3490 641 3496 —
659 3477 721 3502 Om.
739 3478 792 3502 EK.

424 3545 427 3553 ‚
443 3512 467 3546 β)
490 3512 601 3537 Gratiae
620 3515 707 3536 autem
728 3513 832 3545 infusio.
851 3528 867 3532 —
889 3514 985 3538 Gratia
1004 3517 1092 3539 autem
1113 3515 1141 3539 E.

1034 163 1299 211 QUAESTIO
1330 162 1467 209 CXlII,
1497 162 1792 199 ARTICULUS
1821 163 1889 200 VII

1484 240 1601 287 Quod
1631 240 1731 276 enim
1762 252 1877 288 agens
1901 243 2070 279 naturale
2089 255 2169 281 non
2188 245 2312 282 subito
2332 244 2453 294 possit
2472 235 2555 282 dis-

1482 305 1627 342 ponere
1657 293 1868 340 materiam,
1899 294 2079 352 contingit
2107 308 2153 332 ex
2180 297 2255 334 hoc
2279 298 2385 346 quod
2406 305 2462 335 est
2481 297 2545 334 ali-

1483 358 1560 394 qua
1588 346 1843 394 disproportio
1863 351 1879 374 Υ
1909 346 1988 383 eius
2013 348 2119 394 quod
2143 348 2183 384 in
2211 350 2370 387 materia
2393 350 2543 397 resistit,

1483 399 1531 435 ad
1546 399 1724 436 virtutem
1745 398 1903 446 agentis:
1925 407 1961 436 et
1974 408 2129 448 propter
2147 401 2223 437 hoc
2241 402 2419 439 videmus
2438 403 2543 463 quod

1483 459 1624 500 quanto
1651 452 1770 488 virtus
1799 451 1941 499 agentis
1961 453 2072 489 fuerit
2097 453 2238 500 fortior,
2260 461 2363 490 tanto
2386 456 2544 492 materia

1483 504 1588 541 citius
1618 504 1840 553 disponitur.
1871 505 1972 541 Cum
2000 505 2111 553 igitur
2128 506 2248 543 virtus
2273 506 2402 543 divina
2421 507 2468 544 sit
2485 508 2542 545 in·-

1482 558 1599 605 finita,
1620 565 1744 606 potest
1763 570 2048 607 quamcumque
2068 558 2268 596 materiam
2289 567 2454 597 creatam
2483 573 2544 602 su-

1482 610 1560 646 bito
1590 610 1791 657 disponere
1821 610 1871 647 ad
1898 611 2078 648 formam:
2109 619 2145 648 et
2173 611 2292 648 multo
2313 612 2433 660 magis
2453 612 2544 649 libe-

1483 675 1567 699 rum
1594 662 1790 699 arbitrium
1817 664 1997 711 hominis,
2029 664 2134 701 cuius
2163 672 2290 701 motus
2316 673 2542 713 potestesse

1482 716 1740 752 instantaneus
1769 718 1981 754 secundum
2010 726 2184 754 naturam
2213 717 2244 753 ³¹².
2267 717 2329 754 Sic
2357 717 2468 766 igitur
2488 718 2544 755 iu-

1482 768 1654 805 stificatio
1684 767 1789 816 impii
1817 768 1860 804 fit
1887 781 1910 805 a
1937 771 2022 806 Deo
2051 771 2089 807 in
2117 770 2280 807 instanti.

1536 823 1595 858 AD
1623 832 1760 857 PR1MUM
1789 832 1887 857 ERGO
1921 833 2105 860 mCENDUM
2142 823 2248 872 quod
2282 830 2410 860 motus
2437 823 2544 861 liberi

1484 873 1623 910 arbitrii
1650 874 1714 921 qui
1741 873 1930 910 concurrit
1948 876 1997 912 ad
2016 875 2324 913 iustificationem
2349 876 2468 925 impii,
2489 884 2545 914 est

1485 939 1692 963 consensus
1718 926 1767 962 ad
1797 926 2062 965 detestandum
2081 937 2282 977 peccatum
2311 937 2347 966 et
2370 930 2418 966 ad
2437 941 2544 966 acce·

1484 980 1653 1016 dendum
1673 979 1721 1015 ad
1741 980 1885 1016 Deum:
1911 980 1976 1028 qui
2004 982 2160 1029 quidem
2181 994 2389 1019 consensus
2418 982 2543 1020 subito

1483 1033 1536 1070 fit.
1555 1032 1746 1079 Contingit
1765 1039 1892 1068 autem
1909 1034 2140 1083 quandoque
2155 1036 2260 1083 quod
2273 1035 2467 1084 praecedit
2481 1035 2545 1072 ali-

1484 1097 1559 1134 qua
1587 1085 1818 1132 deliberatio,
1841 1097 1939 1133 quae
1959 1098 2038 1123 non
2058 1093 2113 1123 est
2140 1087 2188 1124 de
2208 1089 2416 1126 substantia
2443 1088 2545 1126 iusti-

1483 1139 1680 1185 ficationis,
1701 1138 1768 1174 sed
1788 1138 1851 1175 via
1878 1138 1915 1174 in
1940 1138 2264 1177 iustificationem:
2286 1141 2390 1179 vsicut
2415 1149 2544 1179 motus

1483 1191 1611 1228 localis
1641 1199 1694 1227 est
1722 1190 1785 1227 via
1813 1191 2219 1240 ad'illuminationem,
2239 1199 2277 1229 et
2305 1195 2474 1232 alteratio
2494 1195 2544 1232 ad

1482 1244 1779 1292 generationem.

1536 1299 1595 1334 AD
1623 1308 1812 1333 sECUNDuM
1840 1308 2023 1334 DICENDUM
2052 1297 2174 1345 quod,
2204 1298 2299 1335 sicut
2317 1298 2356 1335 in
2374 1298 2545 1336 Primost'

1485 1349 1626 1387 dictum
1656 1357 1727 1396 est,
1758 1349 1847 1386 nihil
1877 1350 2053 1398 prohibet
2082 1350 2159 1387 duo
2193 1351 2306 1388 simul
2339 1351 2543 1401 intelligere

1484 1410 1581 1450 actu,
1599 1402 1813 1439 secundum
1843 1403 1949 1451 quod
1976 1410 2063 1440 sunt
2081 1403 2371 1452 quodammodo
2398 1417 2544 1444 unum:

1485 1456 1578 1492 sicut
1597 1456 1708 1492 simul
1728 1455 1969 1503 intelligimus
1985 1456 2198 1494 subiectum
2219 1465 2254 1494 et
2268 1458 2543 1507 praedicatum,

1484 1508 1708 1557 inquantum
1727 1508 1909 1545 uniuntur
1927 1509 1966 1546 in
1985 1510 2118 1546 ordine
2138 1511 2401 1548 affirmationis
2418 1511 2543 1549 unius.

1485 1562 1534 1598 Et
1551 1574 1620 1610 per
1640 1562 1803 1598 eundem
1824 1562 1986 1599 modum
2015 1563 2179 1606 liberum,
2205 1563 2401 1601 arbitrium
2419 1571 2547 1613 potest

1485 1615 1523 1652 in
1552 1615 1628 1651 duo
1658 1615 1768 1651 simul
1798 1614 1959 1662 moveri,
1979 1616 2192 1653 secundum
2212 1618 2317 1665 quod
2344 1629 2467 1655 unum
2486 1629 2546 1655 or-

1486 1667 1634 1704 dinatur
1661 1668 1699 1704 in
1728 1667 1841 1704 aliud.
1871 1669 2002 1705 Motus
2039 1676 2168 1706 autem
2205 1669 2312 1707 liberi
2339 1669 2480 1710 arbitrii
2499 1670 2546 1711 ⁴in

1484 1729 1700 1769 peccatum,
1731 1720 1924 1757 ordinatur
1952 1722 2000 1758 ad
2029 1729 2178 1758 motum
2206 1722 2312 1759 liberi
2339 1723 2481 1760 arbitrii
2499 1723 2549 1760 in

1484 1775 1631 1810 Deum:
1659 1781 1815 1822 propter
1841 1775 1916 1810 hoc
1945 1774 2046 1811 enim
2073 1775 2194 1811 homo
2228 1775 2432 1814 detestatur
2459 1771 2547 1827 pecs-

1486 1834 1623 1874 catum,
1646 1827 1732 1875 quia
1753 1834 1807 1863 est
1827 1834 1957 1864 contra
1976 1828 2116 1876 Deum,
2139 1828 2198 1864 cui
2220 1829 2303 1865 vult
2326 1824 2549 1875 adhaerere‘.

1485 1881 1534 1916 Et
1561 1880 1647 1917 ideo
1676 1880 1838 1916 liberum
1867 1880 2062 1918 arbitrium
2090 1881 2128 1918 in
2147 1881 2413 1920 iustificatione
2441 1881 2549 1931 impii

1485 1933 1595 1970 simul
1606 1933 1809 1970 detestatur
1821 1941 2021 1982 peccatum
2038 1941 2073 1971 et
2085 1935 2270 1972 convertit
2284 1947 2324 1972 se
2339 1935 2388 1972 ad
2399 1937 2545 1975 Deum.

1485 1986 1580 2023 sicut
1600 1986 1711 2022 etiam
1734 1998 1870 2034 corpus
1889 1986 2018 2035 simul,
2039 1987 2256 2024 recedendo
2276 1988 2325 2025 ab
2344 2001 2422 2026 uno
2446 1989 2546 2037 loco,

1485 2039 1631 2076 accedit
1657 2040 1705 2076 ad
1733 2039 1861 2076 alium.

1538 2094 1596 2130 AD
1623 2104 1782 2129 TERTIUM
1802 2104 1985 2130 DICENDUM
2006 2093 2112 2141 quod
2131 2105 2211 2131 non
2240 2101 2296 2131 est
2314 2094 2408 2131 ratio
2414 2080 2552 2154 quarQ

1486 2145 1608 2182 forma
1637 2145 1788 2182 subito
1781 2157 1819 2182 in
1848 2145 2006 2182 materia
2029 2159 2107 2184 non
2127 2146 2340 2196 recipiatur,
2360 2147 2449 2197 quia
2467 2160 2547 2193 ma·

1486 2199 1540 2246 gis
1571 2206 1606 2235 et
1632 2198 1757 2235 minus
1786 2198 1908 2235 inesse
1932 2206 2076 2248 potest:
2106 2199 2159 2236 sic
2187 2200 2289 2238 enim
2309 2201 2441 2239 lumen
2466 2213 2553 2240 non

1487 2251 1610 2288 subito
1640 2251 1867 2300 reciperetur
1893 2251 1932 2288 in
1965 2264 2070 2300 aere,
2105 2253 2170 2301 qui
2200 2261 2325 2302 potest
2361 2253 2481 2302 magis
2509 2261 2548 2292 et

1487 2305 1613 2342 minus
1632 2305 1843 2341 illuminari.
1862 2305 1939 2342 Sed
1955 2306 2048 2342 ratio
2071 2313 2125 2342 est
2140 2306 2360 2356 accipienda
2381 2318 2426 2344 ex
2438 2314 2546 2357 parte

1488 2358 1740 2407 dispositionis
1756 2358 1935 2395 materiae
1953 2359 2016 2396 vel
2032 2358 2201 2407 subiecti,
2216 2367 2259 2396 ut
2278 2359 2421 2398 dictum
2443 2367 2499 2398 est
2511 2358 2543 2399 ⁸.

1540 2413 1598 2447 AD
1628 2422 1799 2452 QUARTUM
1819 2423 2003 2449 DiCENDuM
2031 2412 2138 2460 quod
2160 2412 2198 2449 in
2228 2412 2367 2450 eodem
2395 2412 2547 2451 instanti

1486 2463 1525 2501 in
1554 2476 1629 2512 quo
1659 2464 1780 2500 forma
1813 2464 2037 2513 acquiritur,
2066 2465 2195 2514 incipit
2223 2477 2282 2503 res
2311 2466 2460 2514 operari
2487 2478 2546 2504 se·-

1489 2515 1654 2554 cundum
1683 2518 1865 2554 formam:
1896 2518 1992 2554 sicut
2018 2518 2112 2566 ignis
2139 2518 2264 2555 statim
2293 2530 2381 2555 cum
2410 2526 2467 2556 est
2483 2531 2548 2567 ge-

1488 2578 1650 2617 neratus,
1672 2578 1850 2607 movetur
1869 2582 2038 2617 sursum;
2069 2579 2104 2607 et
2131 2571 2162 2608 si
2185 2578 2312 2608 motus
2340 2571 2421 2608 eius
2450 2578 2553 2610 esset·

1487 2623 1755 2670 instantaneus,
1777 2623 1815 2660 in
1836 2623 1974 2660 eodem
1994 2623 2145 2661 instanti
2175 2625 2440 2674 compleretur.
2463 2625 2548 2662 Mo-

1487 2684 1547 2713 tus
1567 2684 1693 2713 autem
1712 2676 1818 2713 liberi
1838 2676 1988 2724 arbitrii,
2009 2677 2074 2725 qui
2094 2685 2150 2714 est
2162 2678 2272 2725 velle,
2288 2690 2368 2715 non
2391 2685 2448 2715 est
2465 2690 2550 2716 suc-

1489 2730 1676 2776 cessivus,
1706 2730 1773 2766 sed
1801 2730 2070 2767 instantaneus.
2101 2731 2150 2767 Et
2177 2730 2264 2767 ideo
2293 2743 2372 2768 non
2400 2738 2551 2780 oportet

1491 2783 1594 2831 quod
1624 2782 1834 2819 iustificatio
1864 2783 1970 2831 impii
1999 2783 2044 2820 sit
2071 2783 2298 2821 successiva.

1543 2838 1601 2872 An
1631 2847 1791 2878 QUINTUM
1820 2848 2003 2873 DICENDUM
2033 2836 2136 2884 quod
2163 2836 2353 2874 successio
2383 2837 2550 2875 duorum

1491 2889 1754 2938 oppositorum
1783 2889 1821 2925 in
1851 2891 1989 2926 eodem
2019 2889 2189 2927 subiecto
2210 2889 2315 2927 aliter
2345 2898 2400 2928 est
2427 2890 2550 2928 consi-

1491 2942 1659 2979 deranda
1685 2941 1724 2978 in
1751 2941 1809 2978 his
1838 2954 1935 2990 quae
1965 2942 2161 2980 subiacent
2188 2943 2363 2992 tempori,
2385 2951 2421 2980 et
2447 2944 2552 2981 aliter

1490 2995 1528 3032 in
1556 2995 1614 3032 his
1634 3007 1730 3043 quae
1760 3002 1846 3031 sunt
1866 3007 1980 3044 supra
2007 3004 2171 3045 tempus.
2193 2997 2235 3033 In
2254 2996 2312 3033 his
2331 2996 2432 3033 enim
2453 3008 2552 3045 quae

1491 3049 1686 3085 subiacent
1713 3047 1888 3096 tempori,
1909 3061 1987 3085 non
2014 3057 2069 3085 est
2096 3049 2186 3086 dare
2205 3049 2382 3086 ultimum
2411 3050 2553 3087 instans

1492 3102 1530 3138 in
1559 3114 1635 3150 quo
1664 3102 1787 3138 forma
1815 3101 1919 3149 prior
1954 3102 2124 3139 subiecto
2153 3102 2249 3139 inest
2275 3102 2310 3139 *ε
2342 3110 2397 3140 est
2424 3110 2554 3140 autem

1494 3155 1582 3191 dare
1611 3154 1786 3191 ultimum
1806 3162 1971 3203 tempus,
1993 3162 2029 3191 et
2055 3155 2224 3204 primum
2243 3155 2385 3192 instans
2413 3155 2452 3193 in
2475 3167 2554 3204 quo

1494 3208 1616 3244 forma
1635 3220 1798 3256 sequens
1813 3205 1826 3229 δ
1842 3207 1937 3244 inest
1955 3208 2134 3247 materiae
2147 3209 2211 3245 vel
2231 3208 2414 3247 subiecto.
2435 3208 2554 3248 Cuius

1494 3260 1588 3298 ratio
1618 3268 1673 3297 est
1700 3260 1788 3310 quia
1817 3260 1854 3297 in
1882 3269 2056 3310 tempore
2085 3274 2164 3298 non
2187 3269 2312 3310 potest
2329 3260 2450 3311 accipi
2466 3267 2554 3302 ante

1495 3326 1615 3350 unum
1646 3313 1786 3350 instans
1806 3313 1908 3350 aliud
1928 3314 2070 3351 instans
2098 3314 2332 3363 praecedens
2359 3311 2556 3360 immedia-

1495 3374 1552 3404 te:
1587 3379 1633 3403 eo
1668 3367 1772 3415 quod
1800 3366 1974 3403 instantia
2007 3379 2086 3404 non
2119 3373 2395 3415 consequenter
2421 3377 2463 3403 se
2489 3365 2555 3403 ha-

1551 3482 1577 3514 γ)
1598 3481 1813 3513 disproportio.-
1823 3480 1999 3512 improportio
2010 3480 2053 3510 sB,
2058 3479 2202 3512 proportio
2215 3483 2264 3504 oet.
2277 3483 2303 3503 et
2313 3485 2364 3503 a.-
2377 3478 2427 3502 Pro
2435 3482 2557 3510 propter,

1495 3524 1546 3548 per
1564 3517 1673 3542 codices.

1552 3551 1576 3583 ὃ)
1595 3558 1713 3584 sequens.
1730 3565 1748 3569 -
1766 3550 1924 3582 subsequens
1942 3551 1988 3575 Pa.

2570 729 2578 738 ·
2594 725 2623 747 D.
2638 726 2692 753 746.

2570 1307 2582 1319 ’
2595 1307 2653 1329 Loc-
2668 1307 2738 1330 eit-to
2758 1307 2782 1328 in

2571 1339 2630 1361 πμ
2638 1337 2661 1355 et
2669 1339 2709 1362 qu.
2717 1339 2782 1360 wm,

2571 1363 2614 1382 nrt.
2628 1365 2649 1382 2.

2573 2373 2583 2382 ”
2595 2370 2621 2392 In
2635 2373 2742 2398 corpore.

2579 3112 2592 3124 ·
2605 3111 2634 3134 D·
2648 3110 2701 3139 647.
2716 3116 2771 3140 744·
