2840 4010
92 716 156 765 :aff
169 722 208 745 qu.
217 721 255 744 xc,
265 716 303 738 In-

92 1445 308 1497 ὲῗ-ἰῑῖἕηῗκῗῑ·

95 1557 108 1568 ·
122 1555 218 1584 ριιν,
231 1559 308 1584 nrt-4.

90 1927 219 1957 *Qu-xc,
233 1931 307 1951 ma.

1024 182 1289 229 QUAESTlo
1318 184 1440 231 xcii,
1470 185 1764 222 ARTmULth
1794 186 1807 222 1

2390 216 2395 220 .
2434 184 2503 232 159

733 380 1145 457 QUAESTIO
1194 380 2106 440 NONAGESIMASECUNDA

1025 499 1115 538 DE
1152 498 1579 541 EFFECTIBUS
1612 502 1811 543 LEGIS

1154 611 1188 636 IN
1217 611 1311 637 Duos
1338 611 1538 637 ARTICULOS
1566 614 1681 639 DlVISA

416 720 523 746 ElNDE
547 706 866 745 considerandum
887 714 942 742 est
962 705 1008 743 de
1030 705 1226 742 effectibus
1248 705 1339 752 legis
1358 705 1389 742 ²⁸.

333 718 464 801 DEt
491 761 588 799 circa
615 761 690 797 hoc
718 767 950 807 quaeruntur
978 759 1068 795 duo.

385 814 538 852 Primo:
565 820 692 866 utrum
713 812 869 848 effectus
888 811 979 860 legis
999 811 1044 848 sit
1062 812 1238 848 homines
1266 811 1389 848 facere

437 867 573 904 bonos.

1499 707 1697 744 Secundo:
1727 716 1852 746 utrum
1883 710 2037 747 effectus
2074 711 2164 759 legis
2192 712 2264 748 sint
2290 711 2498 760 imperare,

1549 794 1694 834 vetare,
1724 788 1939 835 permittere
1964 797 2000 826 et
2022 790 2171 838 punire,
2202 791 2295 828 sicut
2323 791 2500 839 Legispe-

1551 866 1642 902 ritus
1660 866 1680 888 '¹‘
1709 867 1805 904 dicit.

1146 948 1463 1015 ARTICULUS
1495 974 1699 1016 PRIMUS

812 1067 967 1098 UTRUM
989 1065 1212 1097 EFFECTUS
1235 1065 1357 1096 LEGIS
1381 1065 1446 1096 SIT
1471 1065 1640 1096 FACERE
1663 1066 1856 1098 HOMINES
1879 1067 2021 1099 BONOS

1067 1145 1089 1170 11
1110 1145 1187 1170 Cont.
1208 1145 1295 1173 Gent„
1315 1152 1371 1177 cap.
1390 1152 1460 1175 cxv¹;
1479 1146 1503 1169 X
1523 1145 1617 1175 Ethic„
1638 1146 1696 1170 lect.
1715 1153 1765 1172 Ην.

369 1249 475 1279 »ιφ
515 1260 518 1267 ι
543 1245 567 1271 D
596 1245 734 1270 PmMUM
761 1245 815 1269 sm
842 1243 1081 1270 PROCEniruR.
1101 1231 1260 1269 Videtur
1287 1232 1391 1280 quod

362 1278 522 1334 &15³²
545 1286 635 1334 legis
664 1291 681 1307 α
715 1297 794 1322 non
821 1286 868 1322 sit
894 1286 1018 1322 facere
1045 1285 1221 1322 homines
1254 1285 1389 1321 bonos.

352 1324 470 1386 fv,
482 1324 512 1380 ’ᾗ
527 1337 730 1375 Homines
754 1338 855 1375 enim
885 1345 971 1375 sunt
997 1338 1088 1375 boni
1111 1349 1179 1386 per
1195 1337 1391 1375 virtutem:

354 1354 486 1428 λζ’-Ψ)
502 1385 533 1427 N
545 1392 662 1428 virtus
682 1391 784 1427 enim
804 1397 858 1427 est
874 1402 970 1439 quae
989 1391 1127 1428 bonum
1135 1391 1239 1439 facit
1253 1391 1392 1428 hahen-

334 1450 420 1491 tem,
447 1451 490 1481 ut
508 1443 642 1481 dicitur
659 1443 699 1480 in
718 1445 750 1480 11
769 1443 920 1480 Ethic.*
940 1444 1017 1481 Sed
1034 1443 1152 1481 virtus
1174 1451 1230 1480 est
1247 1444 1393 1480 homini

334 1510 358 1536 a
385 1498 467 1535 solo
495 1497 603 1534 Deo:
631 1496 712 1545 ipse
742 1496 844 1534 enim
873 1509 957 1534 eam
978 1497 1082 1545 facit
1106 1497 1144 1534 in
1177 1497 1283 1534 nobis
1313 1497 1393 1533 sine

333 1550 451 1596 nobis,
471 1557 513 1586 ut
531 1561 646 1598 supra
663 1548 684 1571 ’¹‘
703 1549 845 1586 dictum
865 1557 921 1586 est
940 1549 978 1586 in
997 1549 1217 1587 definitione
1233 1549 1390 1587 virtutis.

333 1603 436 1651 Ergo
463 1602 555 1650 legis
582 1614 662 1639 non
690 1609 745 1639 est
771 1603 894 1639 facere
922 1602 1097 1639 homines
1125 1603 1260 1640 bonos.

388 1667 424 1693 2.
453 1656 686 1702 PRAETEREA,
715 1656 774 1692 lex
794 1667 873 1692 non
892 1655 1047 1704 prodest
1069 1655 1215 1692 homini
1233 1655 1303 1692 nisi
1322 1656 1392 1704 legi

334 1708 498 1746 obediat.
520 1708 598 1745 Sed
611 1708 686 1744 hoc
700 1708 826 1757 ipsum
842 1708 947 1756 quod
960 1709 1079 1745 homo
1096 1708 1226 1746 obedit
1238 1708 1320 1756 legi,
1339 1717 1393 1745 est

335 1773 382 1798 ex
401 1761 580 1799 bonitate.
601 1762 704 1808 Ergo
723 1761 872 1798 bonitas
898 1761 1146 1810 praeexigitur
1169 1761 1208 1798 in
1235 1761 1392 1799 homine

335 1815 383 1852 ad
413 1814 547 1862 legem.
578 1814 670 1850 Non
693 1813 804 1861 igitur
826 1815 884 1851 lex
908 1814 994 1851 facit
1020 1813 1196 1851 homines
1220 1815 1355 1852 bonos.

388 1868 424 1904 3.
453 1868 694 1914 PRAETEREA,
723 1867 782 1903 lex
810 1866 1005 1904 ordinatur
1032 1867 1080 1904 ad
1108 1868 1254 1904 bonum
1289 1880 1393 1904 corn-

333 1931 463 1967 mune,
491 1927 534 1957 ut
561 1932 676 1968 supra
693 1919 714 1941 ²⁸
743 1919 885 1957 dictum
913 1927 980 1958 est.
1010 1920 1089 1957 Sed·
1113 1920 1270 1970 quidam
1294 1921 1392 1958 bene

334 1985 375 2010 se
411 1973 554 2010 habent
589 1973 629 2010 in
655 1972 714 2009 his
741 1985 840 2021 quae
868 1972 917 2010 ad
947 1985 1153 2010 commune
1189 1973 1391 2022 pertinent,

334 2025 400 2074 qui
426 2033 554 2063 tamen
572 2025 612 2063 in
634 2025 797 2074 propriis
825 2038 904 2062 non
931 2026 1029 2063 bene
1053 2038 1093 2063 se
1119 2027 1272 2064 habent.
1297 2028 1394 2076 Non

330 2090 423 2126 ‘ergo
451 2079 501 2116 ad
527 2079 651 2126 legem
678 2078 839 2127 pertinet
866 2078 971 2127 quod
989 2079 1099 2116 faciat
1125 2079 1298 2116 homines
1326 2081 1394 2117 bo—

332 2143 416 2169 nos.

386 2196 423 2231 4.
453 2185 686 2232 PRAETEREA,
717 2186 906 2233 quaedam
931 2185 1031 2232 leges
1050 2192 1137 2222 sunt
1163 2185 1391 2234 tyrannicae,

300 2259 307 2266 -
333 2244 375 2274 ut
393 2237 651 2286 Philosophus
669 2237 773 2284 dicit,
797 2237 835 2274 in
855 2250 924 2274 sua
945 2237 1102 2275 Politica
1121 2237 1152 2275 ²¹⁸.
1174 2239 1250 2276 Sed
1269 2246 1394 2287 tyran-

300 2285 308 2293 ’
332 2301 405 2327 nus
432 2303 511 2327 non
539 2290 698 2327 intendit
725 2290 774 2327 ad
802 2290 1011 2327 bonitatem
1039 2290 1291 2339 subditorum,
1326 2293 1392 2330 sed

333 2343 459 2380 solum
479 2343 529 2380 ad
548 2343 741 2392 propriam
766 2343 974 2380 utilitatem.
1003 2343 1095 2380 Non
1119 2355 1208 2392 ergo
1227 2345 1318 2393 legis
1339 2353 1394 2382 est

333 2396 457 2432 facere
485 2396 662 2433 homines
690 2397 826 2433 bonos.

388 2449 462 2486 SED
491 2461 637 2486 CONTRA
665 2461 731 2486 EST
759 2449 863 2498 quod
891 2448 1145 2498 Philosophus
1173 2449 1271 2497 dicit,
1301 2450 1340 2488 in
1359 2452 1390 2487 II

297 2508 308 2544 ξ
332 2502 453 2539 Ethic.
468 2501 500 2548 ²¹⁶,
530 2502 636 2550 quod
653 2503 825 2539 voluntas
844 2502 1035 2539 cuiuslibet
1060 2502 1282 2552 legislatoris
1300 2505 1393 2541 haec

279 2560 307 2602 ¹.'
333 2560 397 2601 est,
427 2560 468 2591 ut
481 2556 610 2603 faciat
635 2556 732 2592 cives
754 2553 768 2584 β
796 2556 922 2591 bonos.

387 2608 612 2645 Responmzo
631 2620 816 2645 DtCENDUM
836 2608 951 2656 quod,
973 2607 1068 2644 sicut
1087 2620 1200 2657 supra
1214 2608 1235 2631 '¹‘
1249 2609 1390 2646 dictum

300 2684 307 2696 ‚
334 2666 402 2707 est,
430 2661 490 2697 lex
509 2660 600 2697 nihil
620 2661 721 2698 aliud
746 2668 802 2697 est
820 2673 935 2709 quam
965 2660 1152 2698 dictamen
1181 2662 1334 2699 rationis
1353 2662 1391 2699 in

334 2712 585 2760 praesidente,
615 2725 692 2761 quo
721 2713 857 2750 subditi
884 2714 1152 2761 gubernantur.
1183 2715 1393 2752 Cuiuslibet

334 2772 463 2806 autem
495 2765 634 2802 subditi
660 2766 780 2803 virtus
809 2774 863 2803 est
890 2774 930 2803 ut
958 2766 1056 2803 bene
1089 2767 1272 2804 subdatur
1305 2768 1339 2805 ei
1369 2781 1390 2805 a

333 2829 412 2865 quo
441 2818 687 2865 gubernatur:
717 2818 812 2855 sicut
829 2819 1007 2856 videmus
1025 2820 1131 2867 quod
1150 2825 1165 2849 Υ
1187 2820 1302 2858 virtus
1321 2821 1391 2858 ira-

333 2870 471 2907 scibilis
505 2878 541 2907 et
579 2871 880 2919 concupiscibilis
907 2872 946 2909 in
974 2873 1049 2910 hoc
1082 2873 1250 2910 consistit
1285 2874 1391 2922 quod

333 2922 407 2959 sint
435 2923 533 2960 bene
571 2923 791 2961 obedientes
824 2924 969 2962 rationi.
999 2927 1049 2963 Et
1074 2938 1144 2974 per
1163 2927 1277 2963 'hunc
1308 2939 1390 2963 mo-

333 2975 426 3012 dum
453 2976 572 3012 virtus
598 2976 790 3014 cuiuslibet
814 2978 969 3015 subiecti
1003 2985 1058 3016 est
1090 2984 1129 3021 ut
1155 2980 1247 3016 hene
1278 2980 1390 3016 subii-

332 3028 455 3065 ciatur
473 3029 715 3077 principanti,
743 3037 786 3066 ut
811 3030 1068 3079 Philosophus
1095 3031 1194 3078 dicit,
1223 3031 1261 3068 in
1286 3031 1299 3068 I
1319 3033 1390 3069 Po-

197 3097 203 3107 *
294 3088 305 3124 ξ
333 3080 383 3118 lit.
407 3080 428 3103 '¹‘
455 3081 517 3118 Ad
543 3082 619 3118 hoc
645 3089 774 3119 autem
806 3082 1002 3120 ordinatur
1033 3096 1286 3132 unaquaeque
1313 3085 1388 3131 lex,

231 3149 238 3160 ²
298 3149 304 3182 3
331 3141 375 3170 ut
402 3134 602 3171 obediatur
621 3134 655 3170 ei
678 3146 701 3171 a
728 3135 897 3172 subditis.
927 3136 1038 3173 Unde
1066 3136 1308 3173 manifestum
1335 3145 1391 3174 est

332 3187 436 3235 quod
464 3187 539 3224 hoc
562 3187 608 3224 sit
634 3187 833 3236 proprium
860 3188 963 3236 legis,
992 3188 1172 3226 inducere
1200 3189 1391 3227 subiectos

331 3239 381 3277 ad
399 3239 594 3288 propriam
615 3239 788 3288 ipsorum
806 3240 996 3278 virtutem.
1025 3241 1125 3278 Cum
1145 3241 1255 3289 igitur
1272 3242 1392 3280 virtus

1446 1232 1565 1279 datur,
1585 1234 1648 1270 vel
1667 1233 1883 1282 simpliciter
1900 1235 1962 1271 vel
1983 1236 2194 1273 secundum
2215 1237 2318 1285 quid.
2339 1237 2379 1274 Si
2398 1239 2499 1275 enim

1445 1286 1600 1322 intentio
1629 1286 1780 1323 ferentis
1808 1288 1930 1335 legem
1958 1289 2087 1325 tendat
2113 1289 2151 1325 in
2175 1301 2312 1327 verum
2340 1291 2497 1339 bonum,

1445 1338 1550 1387 quod
1579 1346 1634 1375 est
1661 1340 1808 1376 bonum
1842 1352 2047 1377 commune
2077 1342 2287 1379 secundum
2320 1343 2499 1381 iustitiam

1445 1391 1613 1428 divinam
1634 1393 1856 1440 regularum,
1887 1393 2054 1441 sequitur
2073 1395 2176 1443 quod
2203 1407 2272 1443 per
2290 1396 2412 1443 legem
2430 1398 2499 1433 ho-

1445 1443 1566 1480 mines
1594 1445 1687 1481 fiant
1715 1445 1806 1481 boni
1833 1445 2060 1493 simpliciter.
2091 1447 2131 1483 Si
2148 1459 2242 1484 vero
2270 1447 2425 1486 intentio
2449 1451 2500 1486 le-

1445 1496 1627 1544 gislatoris
1647 1498 1786 1534 feratur
1805 1498 1853 1534 ad
1877 1498 1916 1535 id
1936 1499 2040 1547 quod
2067 1512 2146 1536 non
2166 1507 2222 1536 est
2245 1501 2392 1538 bonum
2413 1501 2500 1538 sim-

1445 1550 1598 1598 pliciter,
1615 1550 1682 1587 sed
1699 1550 1787 1586 utile
1801 1551 1863 1587 vel
1879 1551 2098 1589 delectabile
2118 1553 2198 1599 sibi,
2210 1554 2272 1589 vel
2287 1565 2499 1602 repugnans

1446 1602 1606 1640 iustitiae
1626 1603 1793 1649 divinae;
1809 1610 1898 1640 tunc
1913 1604 1973 1640 lex
1987 1616 2065 1641 non
2084 1605 2170 1642 facit
2183 1605 2358 1643 homines
2377 1607 2500 1644 bonos

1445 1655 1670 1704 simpliciter,
1701 1656 1768 1693 sed
1789 1657 2000 1693 secundum
2019 1657 2120 1706 quid,
2149 1658 2287 1695 scilicet
2305 1658 2344 1696 in
2369 1660 2500 1697 ordine

1446 1709 1494 1745 ad
1509 1709 1581 1745 tale
1596 1708 1776 1756 regimen.
1798 1709 1860 1745 Sic
1875 1717 2002 1746 autem
2017 1711 2162 1748 bonum
2184 1711 2372 1748 invenitur
2387 1713 2499 1749 etiam

1447 1761 1483 1798 in
1501 1774 1571 1809 per
1598 1774 1639 1798 se
1662 1762 1788 1798 malis:
1818 1761 1912 1799 sicut
1939 1763 2072 1810 aliquis
2101 1763 2232 1800 dicitur
2251 1765 2374 1802 bonus
2392 1766 2498 1813 latro,

1446 1815 1535 1863 quia
1563 1823 1740 1864 operatur
1767 1815 2020 1852 accommode
2049 1816 2098 1852 ad
2124 1817 2254 1853 finem.

1499 1869 1556 1904 AD
1580 1879 1717 1904 PRIMUM
1741 1873 1840 1904 ERGO*
1861 1879 2044 1905 DicENDUM
2069 1869 2174 1916 quod
2194 1870 2330 1918 duplex
2355 1877 2410 1907 est
2426 1870 2499 1908 vir-

1446 1928 1522 1967 tuS,
1549 1927 1590 1956 ut
1609 1933 1655 1957 ex
1674 1920 1896 1968 supradictis
1913 1922 1932 1942 ²⁸
1951 1928 2069 1970 patet:
2090 1922 2229 1959 scilicet
2246 1922 2443 1972 acquisita,
2464 1931 2501 1960 et

1446 1973 1578 2010 infusa.
1599 1974 1660 2011 Ad
1678 1981 1877 2022 utramque
1896 1981 2024 2012 autem
2044 1974 2184 2023 aliquid
2210 1983 2386 2024 operatur
2411 1988 2501 2025 ope-

1448 2039 1533 2063 rum
1561 2026 1777 2073 assuetudo,
1807 2026 1873 2063 sed
1903 2027 2177 2065 diversimode:
2207 2041 2297 2065 nam
2321 2028 2500 2066 virtutem

1448 2079 1603 2127 quidem
1641 2079 1862 2128 acquisitam
1896 2087 2044 2126 causat;
2081 2080 2131 2117 ad
2156 2080 2335 2118 virtutem
2372 2090 2500 2119 autem

1446 2133 1608 2169 infusam
1639 2132 1819 2180 disponit,
1847 2139 1882 2169 et
1907 2145 1991 2170 earn
2010 2133 2086 2170 iam
2106 2134 2273 2171 habitam
2302 2142 2518 2172 conservat>

1449 2193 1484 2222 et
1502 2192 1717 2234 promovet.
1745 2186 1794 2222 Et
1813 2185 1901 2234 quia
1923 2186 1983 2222 lex
2002 2186 2051 2223 ad
2073 2187 2149 2223 hoc
2168 2187 2277 2224 datur
2306 2194 2348 2224 ut
2371 2188 2503 2235 dirigat

1447 2246 1551 2275 actus
1570 2239 1772 2285 humanos,
1792 2238 2018 2286 inquantum
2038 2247 2142 2276 actus
2165 2240 2323 2277 humani
2343 2253 2502 2289 operan-

1446 2299 1506 2328 tur
1520 2293 1567 2329 ad
1581 2291 1772 2338 virtutem,
1792 2291 1978 2329 intantum
1994 2293 2050 2328 lex
2067 2292 2153 2329 facit
2170 2292 2346 2330 homines
2365 2294 2499 2330 bonos.

1447 2345 1558 2382 Unde
1579 2352 1614 2381 et
1641 2344 1896 2392 Philosophus
1917 2344 2015 2391 dicit,
2046 2345 2203 2396 11,Polit.
2219 2346 2250 2394 ³⁸,
2272 2346 2375 2394 quod
2394 2346 2502 2396 legis-

1447 2398 1583 2434 latores
1609 2397 1894 2445 assuefacientes
1910 2398 2067 2446 faciunt
2091 2399 2218 2435 bonos.

1498 2452 1557 2487 An
1585 2462 1774 2488 SECUNDUM
1802 2462 1985 2487 memnon
2013 2451 2118 2499 quod
2146 2464 2225 2488 non
2258 2463 2410 2500 semper
2436 2451 2501 2488 ali-

1447 2504 1529 2552 quis
1557 2503 1686 2540 obedit
1713 2503 1784 2551 legi
1805 2515 1850 2540 ex
1869 2503 2038 2540 bonitate
2057 2504 2222 2552 perfecta
2240 2504 2405 2541 virtutis:
2434 2505 2501 2541 sed

1447 2557 1679 2605 quandoque
1699 2556 1856 2604 quidem
1873 2568 1916 2593 ex
1935 2556 2070 2594 timore
2089 2569 2254 2606 poenae;
2271 2557 2500 2605 quandoque

1446 2617 1574 2646 autem
1599 2622 1644 2646 ex
1672 2610 1755 2646 solo
1776 2609 1977 2646 dictamine
1998 2609 2162 2657 rationis,
2182 2610 2287 2658 quod
2307 2618 2361 2646 est
2380 2609 2501 2657 quod-

1447 2663 1535 2700 dam
1563 2661 1790 2711 principium
1817 2661 1974 2710 virtutis,
2003 2670 2044 2699 ut
2063 2675 2176 2712 supra
2193 2663 2214 2684 ³¹⁸
2240 2662 2411 2699 habitum
2431 2669 2497 2699 est.

1499 2718 1558 2752 AD
1585 2727 1744 2752 TERTlUM
1773 2727 1956 2752 DICENDUM
1988 2717 2092 2764 quod
2125 2715 2272 2752 bonitas
2306 2714 2501 2752 cuiuslibet

1445 2768 1560 2818 partis
1577 2768 1836 2805 consideratur
1853 2767 1892 2804 in
1906 2768 2151 2817 proportione
2171 2769 2219 2805 ad
2234 2780 2344 2804 suum
2359 2775 2498 2806 totum:

1444 2823 1547 2858 unde
1571 2828 1607 2858 et
1625 2820 1857 2868 Augustinus
1885 2821 1987 2867 dicit,
2012 2821 2050 2858 in
2075 2823 2123 2858 III
2149 2822 2312 2869 Confess.
2335 2822 2366 2868 ²²,
2395 2820 2499 2869 quod

1445 2875 1562 2923 turpis
1589 2875 1711 2910 omnis
1731 2885 1826 2922 pars
1853 2879 1906 2910 est
1929 2885 2025 2922 quae
2046 2886 2114 2911 suo
2133 2874 2199 2910 toti
2220 2885 2293 2910 non
2313 2874 2499 2923 congruit.

1447 2928 1546 2964 Cum
1574 2927 1682 2974 igitur
1709 2926 1865 2975 quilibet
1892 2927 2010 2963 homo
2039 2927 2084 2963 sit
2110 2938 2197 2974 pars
2226 2925 2399 2973 civitatis,
2428 2925 2499 2963 im-

1444 2980 1625 3029 possibile
1659 2987 1714 3016 est
1746 2979 1851 3027 quod
1879 2979 2009 3027 aliquis
2036 2980 2154 3016 homo
2183 2979 2228 3015 sit
2256 2979 2399 3026 bonus,
2429 2979 2500 3016 nisi

1445 3033 1491 3070 sit
1518 3034 1617 3070 bene
1645 3032 1949 3081 proportionatus
1978 3033 2080 3068 bono
2110 3031 2325 3068 communi:
2354 3043 2426 3068 nec
2443 3039 2500 3068 to-

1444 3094 1525 3122 tum
1545 3093 1669 3133 potest
1688 3086 1785 3121 bene
1809 3084 2013 3120 consistere
2033 3082 2046 3106 δ
2074 3084 2144 3120 nisi
2170 3096 2214 3120 ex
2242 3084 2410 3133 partibus
2430 3084 2500 3121 sibi

1443 3137 1748 3187 proportionatis.
1773 3137 1884 3174 Unde
1903 3136 2135 3185 impossibile
2155 3144 2210 3173 est
2229 3137 2334 3186 quod
2352 3138 2499 3174 bonum

1446 3201 1650 3227 commune
1679 3189 1836 3226 civitatis
1865 3189 1962 3226 bene
1987 3201 2028 3226 se
2047 3190 2196 3236 habeat,
2216 3189 2286 3226 nisi
2307 3189 2409 3227 cives
2428 3189 2501 3227 sint

1444 3242 1614 3289 virtuosi,
1640 3242 1690 3278 ad
1709 3241 1834 3278 minus
1857 3242 1906 3278 illi
1934 3242 2071 3290 quibus
2091 3242 2269 3280 convenit
2286 3242 2500 3292 principari.

332 3292 378 3329 sit
405 3304 503 3341 quae
530 3293 669 3329 bonum
693 3293 792 3339 facit
814 3294 1010 3330 habentem
1032 3294 1064 3339 ²¹⁸,
1093 3293 1262 3342 sequitur
1284 3296 1389 3342 quod
1445 3295 1592 3332 Sufficit
1611 3302 1751 3340 autern,
1767 3302 1951 3342 quantum
1971 3294 2021 3332 ad
2040 3296 2186 3332 bonum
2206 3295 2499 3342 communitatis,

330 3345 508 3394 proprius
527 3345 683 3383 effectus
702 3346 793 3393 legis
812 3346 858 3383 sit
877 3346 1000 3383 bonos
1019 3346 1144 3383 facere
1163 3358 1230 3383 eos
1253 3347 1390 3395 quibus
1415 3337 1419 3389 Ι
1444 3347 1549 3396 quod
1573 3347 1633 3383 alii
1655 3347 1840 3384 intantum
1869 3347 1942 3384 sint
1967 3347 2125 3385 virtuosi
2153 3349 2258 3396 quod
2286 3348 2500 3398 principum

383 3459 411 3492 α)
430 3460 505 3493 legis.
522 3474 541 3479 -
558 3459 664 3493 qffecrus
682 3460 751 3484 addit
770 3452 797 3484 μ’.

384 3493 410 3528 β)
428 3495 506 3520 cives.
524 3510 544 3514 -
562 3503 652 3520 omnes
670 3495 844 3528 ACDGILpB,
863 3495 980 3520 homines
998 3495 1138 3521 PEFHKa.

1495 3459 1522 3494 γ)
1543 3461 1661 3485 videmus
1680 3461 1759 3494 quod.
1776 3475 1796 3480 -
1814 3461 1874 3486 Om.
1894 3461 1940 3487 Pa.

1495 3495 1520 3527 ὃ)
1539 3496 1690 3521 consistere.
1707 3510 1726 3515 -
1743 3496 1860 3521 existere
1878 3496 1924 3520 Pa.

2526 835 2536 843 ·
2547 832 2583 854 Cf.
2591 832 2649 854 lib.1
2659 833 2696 861 βξ,
2706 833 2737 856 de

2525 859 2616 907 {giga-et
2623 859 2738 882 Senatus-

2524 1929 2537 1940 *
2552 1929 2600 1957 Qu.
2613 1935 2679 1957 um,
2694 1932 2736 1951 nrt.

2525 1961 2547 1978 2.

2528 2354 2539 2365 ι

2552 2353 2637 2381 Seme„
2651 2353 2691 2375 lib.
2705 2353 2736 2380 11,

2526 2386 2578 2428 {³23¹
2586 2386 2602 2428 ¹ff
2610 2386 2632 2402 n.
2642 2386 2664 2408 5;
2673 2379 2738 2403 ssu.

2526 2671 2536 2680 ·
2543 2670 2592 2698 Qu.
2599 2675 2664 2697 uui,
2672 2673 2738 2692 nrm.

2528 2828 2538 2838 '
2552 2827 2610 2855 Cup.
2624 2833 2675 2849 vm.
