2840 4010
94 713 149 735 cf.
158 719 196 741 qu.
206 719 259 740 xcv,
269 713 307 734 In-

94 743 130 762 tro
132 739 154 762 d.

98 1903 107 1913 ·
123 1902 170 1930 Qu.
185 1907 222 1929 xc,
238 1905 279 1923 art.
292 1908 309 1928 ι,

98 1934 119 1950 2.

340 159 410 194 180

1019 154 1284 202 QUAESTIO
1314 155 1453 200 XCVI,
1482 154 1778 192 ARTICULUS
1808 156 1822 193 1

796 317 1220 396 QUAESTIO-
1244 317 2061 377 NONAGESIMASEXTA

905 438 990 478 DE
1021 437 1385 479 POTESTATE
1417 437 1593 479 LEGIS
1633 438 1942 480 HUMANAE

1171 553 1206 577 ΙΝ
1235 553 1301 577 SEX
1328 553 1531 578 ARTICULOS
1559 553 1676 578 DIVISA

416 659 523 683 EINDE
558 646 878 683 considerandum
914 653 969 683 est
1005 646 1052 684 de
1089 653 1274 695 potestate
1307 646 1398 695 legis

415 710 607 745 humanae
625 709 655 745 *.

333 771 381 807 Et
411 769 508 806 circa
536 770 611 806 hoc
640 776 873 818 quaeruntur
901 781 978 806 sex.

386 832 534 868 Primo:
555 839 682 868 utrum
703 832 762 868 lex
780 832 950 868 humana
966 831 1103 868 debeat
1122 830 1214 879 poni
1234 830 1272 867 in
1293 842 1398 867 com-

439 893 558 930 muni.

388 955 584 992 Secundo:
607 963 734 992 utrum
749 955 807 991 lex
822 955 992 992 humana
1013 954 1150 991 debeat
1165 953 1294 990 omnia
1308 953 1399 990 vitia

441 1017 631 1054 cohibere.

1506 646 1659 683 Tertio:
1688 653 1815 684 utrum
1845 647 2018 684 omnium
2045 647 2229 685 virtutum
2254 655 2359 686 actus
2377 649 2516 687 habeat

1559 699 1745 736 ordinare.

1508 753 1676 799 Quarto:
1705 759 1832 788 utrum
1865 752 2038 801 imponat
2070 753 2217 790 homini
2251 754 2514 792 necessitatem

1559 812 1745 853 quantum
1766 809 1783 825 ²
1811 804 1860 841 ad
1888 805 2013 843 forum
2044 807 2309 845 conscientiae.

1506 857 1673 904 Quintoi
1701 864 1829 893 utrum
1855 870 1991 895 omnes
2018 859 2195 897 homines
2222 860 2295 908 legi
2322 861 2523 897 humanae>

1560 910 1780 947 subdantur.

1509 964 1645 1000 Sexto:
1674 970 1802 999 utrum
1838 962 1897 1000 his
1933 963 1998 1011 qui
2036 973 2123 1002 sunt
2159 967 2229 1003 sub
2265 967 2368 1014 lege,
2407 966 2516 1004 liceat

1559 1027 1669 1063 agere
1698 1022 1848 1064 praeter
1874 1016 1994 1053 verba
2021 1017 2124 1066 legis.

1152 1114 1469 1157 ARTICULUS
1499 1115 1704 1158 PRIMUS

532 1210 688 1240 UTRUM
712 1209 797 1239 LEX
821 1208 1008 1239 HUMANA
1033 1207 1206 1238 DEBEAT
1230 1207 1331 1238 ΡΟΝΙ
1362 1208 1405 1238 IN
1429 1207 1632 1239 COMMUNI
1657 1208 1787 1239 MAors
1811 1208 1937 1246 QUAM
1961 1209 2004 1240 IN
2027 1210 2316 1243 PARTICULARI

1283 1287 1308 1311 V
1327 1286 1421 1316 Ethic„
1442 1287 1500 1312 lect.
1518 1294 1568 1311 xvx.

380 1388 428 1427 ,
454 1398 512 1442 ΜΞ
548 1380 570 1404 ι)
599 1379 735 1404 PRIMUM
763 1378 816 1404 sm
837 1378 1076 1403 PROCEDrrUR.
1106 1365 1266 1403 Videtur
1294 1366 1399 1414 quod

380 1401 422 1428 ‘
462 1413 483 1431 ³
520 1438 526 1458 c
548 1422 606 1457 lex
633 1421 803 1457 humana
837 1432 916 1456 non
945 1419 1082 1456 debeat
1109 1419 1201 1467 poni
1228 1419 1267 1456 in
1296 1431 1399 1455 com—

372 1509 402 1522 „
494 1472 675 1524 ff'muni,
705 1474 772 1510 sed
810 1472 929 1520 magis
967 1473 1005 1509 in
1039 1472 1264 1520 particulari.
1301 1472 1401 1509 Dicit

393 1542 406 1556 x
424 1480 518 1555 53}ss
506 1519 650 1565 &enim
679 1526 948 1574 Philosophus,
977 1525 1015 1562 in
1039 1526 1073 1562 V
1091 1526 1211 1562 Ethic.
1232 1525 1263 1572 ²¹⁶,
1294 1525 1399 1573 quod

335 1579 474 1629 legalia
501 1585 588 1616 sunt
614 1591 872 1627 quaecumque
897 1579 934 1615 in
958 1569 1215 1628 singularibus
1234 1578 1318 1628 lege
1331 1590 1400 1627 po-

335 1638 429 1669 nunt
446 1630 482 1676 ¹³,·
509 1637 546 1668 et
562 1633 673 1669 etiam
692 1632 936 1677 sententialia,
957 1644 1056 1679 quae
1077 1639 1164 1668 sunt
1191 1631 1305 1668 etiarn
1326 1631 1399 1668 sin-

334 1685 497 1733 gularia,
528 1686 617 1734 quia
650 1685 697 1722 de
731 1684 981 1732 singularibus
1015 1684 1159 1722 actibus
1194 1685 1400 1722 sententiae

335 1739 515 1775 feruntur.
551 1739 654 1785 Ergo
686 1738 745 1774 lex
777 1750 855 1774 non
888 1738 1013 1774 solum
1041 1737 1196 1786 ponitur
1227 1737 1266 1774 in
1295 1750 1400 1775 com-

335 1791 455 1838 muni,
476 1791 543 1828 sed
573 1791 687 1828 etiam
716 1791 755 1827 in
779 1790 968 1838 singulari.

382 1856 426 1880 2.
448 1845 684 1890 PRAETEREA,
709 1844 769 1880 lex
788 1852 844 1881 est
873 1843 1055 1880 directiva
1081 1844 1342 1883 humanorum
1361 1855 1400 1881 a-

337 1904 481 1944 ctuum,
496 1904 538 1933 ut
552 1909 665 1945 supra
679 1896 700 1918 *
716 1896 859 1934 dictum
875 1904 941 1934 est.
964 1896 1041 1933 Sed
1060 1895 1218 1934 humani
1238 1903 1343 1934 actus
1361 1896 1402 1934 in

335 1950 588 1997 singularibus
618 1949 836 1986 consistunt.
868 1950 969 1998 Ergo
990 1950 1091 1997 leges
1110 1950 1303 1988 humanae
1322 1961 1401 1988 non

337 2003 478 2040 debent
492 2008 507 2031 Υ
527 2002 566 2039 in
584 2002 791 2039 universali
810 2002 908 2050 ferri,
925 2002 993 2040 sed
1013 2002 1134 2050 magis
1154 2002 1191 2039 in
1212 2002 1399 2051 singulari.

392 2057 426 2093 3.
446 2057 680 2103 PRAETEREA,
707 2056 766 2092 lex
792 2063 847 2092 est
866 2056 994 2103 regula
1014 2063 1050 2092 et
1069 2067 1248 2092 mensura
1267 2056 1402 2094 huma-

336 2120 476 2145 norum
505 2116 670 2156 actuum,
695 2116 737 2145 ut
755 2121 870 2168 supra
891 2109 911 2130 *
940 2108 1082 2146 dictum
1104 2116 1169 2145 est.
1201 2108 1279 2146 Sed
1296 2119 1402 2146 men-

338 2174 426 2198 sura
455 2161 568 2198 debet
596 2174 678 2198 esse
707 2161 934 2209 certissima,
964 2169 1006 2198 ut
1034 2161 1204 2199 dicitur
1196 2175 1235 2199 111
1262 2163 1298 2198 X
1316 2162 1401 2199 Me—

167 2243 173 2264 i
188 2217 311 2268 3¹1Xf··¹¹·
305 2215 484 2264 taphys.
495 2214 516 2236 '¹‘
537 2215 638 2251 Cum
655 2227 743 2262 ergo
764 2214 802 2251 in
822 2215 967 2251 actibus
987 2215 1166 2252 humanis
1186 2227 1264 2252 non
1283 2215 1403 2274 possit

340 2279 422 2304 esse
443 2267 597 2316 aliquod
616 2268 831 2304 universale
852 2265 1030 2304 certum*⁵
1034 2297 1042 2315 ,
1073 2268 1163 2316 quin
1182 2268 1221 2305 in
1239 2268 1402 2328 particu-

339 2320 480 2357 laribus
514 2320 684 2366 deficiat;
713 2320 865 2358 videtur
901 2321 1007 2368 quod
1036 2333 1191 2358 necesse
1224 2321 1270 2358 sit
1301 2321 1402 2370 leges

340 2386 419 2411 non
448 2373 487 2410 in
514 2373 729 2420 universali,
760 2374 826 2411 sed
855 2374 894 2410 in
923 2373 1099 2422 singulari
1118 2379 1130 2395 ⁸
1158 2375 1263 2423 poni.

395 2427 469 2463 SED
490 2438 635 2463 CONTRA
660 2438 725 2463 EST
748 2426 853 2474 quod
874 2427 1110 2475 Iurisperitus
1139 2427 1228 2465 dicit
1245 2427 1276 2476 ²¹²,
1297 2429 1403 2476 quod

340 2480 426 2516 iura
459 2481 632 2516 constitui
662 2485 808 2527 oportet
838 2480 875 2516 in
907 2481 964 2516 his
1001 2492 1098 2528 quae
1127 2482 1275 2530 saepius
1306 2482 1403 2519 acci-

340 2533 452 2569 dunt.-
476 2545 526 2569 ex
543 2533 600 2569 his
618 2538 743 2569 autem
772 2545 869 2581 quae
882 2534 984 2580 forte
1013 2545 1087 2570 uno
1116 2545 1205 2570 casu
1233 2535 1404 2572 accidere

333 2591 502 2633 possunt,
532 2586 617 2622 iura
646 2598 720 2622 non
750 2586 1033 2622 constituuntur.

393 2639 619 2675 RESPONDEO
634 2650 818 2676 D1cENDUM
834 2637 962 2686 quod<
977 2640 1282 2688 unumquodque
1297 2639 1402 2688 quod

341 2699 395 2727 est
422 2699 578 2740 propter
606 2692 736 2737 finem,
766 2703 922 2728 necesse
951 2699 1007 2727 est
1034 2692 1139 2740 quod
1167 2692 1213 2729 sit
1231 2693 1298 2730 fini
1317 2705 1404 2742 pro-

339 2745 607 2792 portionatum.
629 2744 732 2781 Finis
766 2751 893 2780 autem
922 2744 1012 2791 legis
1041 2752 1097 2781 est
1125 2746 1269 2783 bonum
1300 2758 1404 2783 com-

223 2811 248 2826 ca
262 2812 311 2854 xx}
339 2809 477 2834 mune:
508 2797 608 2845 quia,
629 2805 670 2833 ut
691 2797 857 2834 Isidorus
887 2796 984 2843 dicit,
1006 2797 1044 2834 in
1064 2797 1159 2834 libro
1187 2799 1353 2847 Etymol.
1370 2798 1403 2846 ³⁸,

339 2850 441 2886 nullo
465 2851 616 2898 privato
645 2850 854 2896 commodo,
874 2850 940 2886 sed
950 2862 1025 2898 pro
1042 2852 1236 2888 communi
1253 2851 1406 2888 utilitate

340 2903 477 2939 civium
511 2903 574 2939 lex
604 2903 711 2939 debet
741 2915 819 2940 esse
855 2903 1075 2951 conscripta.
1106 2904 1218 2940 Unde
1240 2911 1406 2953 ,oportet

339 2956 440 3003 leges
477 2957 665 2992 humanas
703 2967 785 2992 esse
826 2955 1133 3004 proportionatas
1171 2956 1219 2994 ad
1257 2957 1419 2994 bonum‘

342 3020 559 3046 commune.
593 3009 747 3045 Bonum
780 3016 908 3045 autem
947 3020 1152 3046 commune
1186 3016 1332 3046 constat
1361 3022 1405 3046 ex

341 3061 478 3098 multis.
508 3062 557 3098 Et
584 3061 672 3098 ideo
702 3069 852 3110 oportet
880 3061 985 3111 quod
1005 3062 1064 3098 lex
1083 3061 1132 3099 ad
1151 3063 1271 3099 multa
1290 3062 1406 3112 respi-

343 3113 423 3160 ciat,
446 3122 480 3151 et
500 3114 712 3151 secundum
731 3127 929 3163 personas,
956 3122 991 3151 et
1011 3114 1223 3152 secundum
1242 3115 1404 3163 negotia,

396 3227 424 3259 α)
443 3228 623 3252 necessitatem
643 3231 779 3260 quantum.
797 3241 816 3246 -
834 3227 969 3260 quandam
989 3228 1169 3254 necessitatem
1189 3229 1263 3255 EFL.

397 3261 422 3294 β)
442 3263 498 3295 Iege
514 3267 628 3294 ponunt.
644 3277 663 3282 -
681 3264 764 3295 legem
780 3266 889 3295 ponunt
907 3263 1071 3292 PBGHKLa,
1091 3264 1149 3297 Iege
1156 3268 1299 3297 ponuntur
1311 3265 1373 3290 ΕΠ.
1386 3278 1405 3284 -

343 3297 394 3322 Pro
412 3298 501 3326 etiam,
520 3301 582 3322 sunt
599 3299 651 3323 EF.

395 3332 422 3365 γ)
442 3333 512 3365 leges
530 3333 661 3358 humanae
679 3341 731 3358 non
751 3333 855 3358 debent.
872 3348 890 3352 -
908 3334 955 3358 lex
973 3333 1090 3359 humana
1109 3341 1161 3359 non
1181 3335 1257 3361 debet
1275 3336 1304 3360 P.

397 3366 421 3399 δ)
441 3371 551 3392 certum.
569 3381 588 3387 -
606 3368 643 3392 ita
662 3372 763 3393 certum
783 3369 810 3393 P.

397 3403 419 3434 ε)
437 3402 578 3435 singulari.
596 3416 615 3421 -
632 3403 813 3435 singularibus
831 3405 876 3429 Pa.

396 3437 422 3469 ζ)
441 3437 520 3469 quod.
536 3451 556 3456 —
573 3438 644 3469 quod
662 3438 724 3470 quia
747 3439 775 3462 P.

397 3473 423 3505 η)
443 3475 573 3504 tempora.
591 3485 610 3492 -
628 3474 734 3506 regulas
751 3476 777 3498 et
795 3474 938 3499 secundum
958 3477 1078 3506 tempora
1096 3475 1147 3500 EF.

1453 1372 1490 1402 et
1516 1366 1728 1402 secundum
1757 1373 1932 1414 tempora
1951 1371 1981 1403 η.
2012 1366 2259 1406 Constituitur
2288 1370 2388 1408 enim
2413 1383 2517 1410 com-

1451 1419 1615 1455 munitas
1636 1418 1793 1455 civitatis
1814 1430 1858 1455 ex
1879 1419 2005 1456 multis
2018 1421 2208 1469 personis;
2225 1430 2261 1459 et
2276 1423 2354 1460 eius
2370 1424 2517 1462 bonum

1451 1483 1521 1520 per
1548 1471 1774 1520 multiplices
1802 1471 1969 1509 actiones
1992 1482 2237 1521 procuratur;
2266 1488 2338 1513 nec
2366 1477 2415 1514 ad
2442 1478 2518 1515 hoc

1453 1522 1611 1561 solum⁰
1640 1524 1840 1561 instituitur
1869 1526 1972 1573 quod
2001 1525 2127 1574 aliquo
2161 1529 2314 1566 modico
2342 1538 2517 1579 tempore

1454 1577 1574 1624 duret,
1605 1578 1671 1614 sed
1702 1577 1807 1626 quod
1827 1578 1933 1615 omni
1951 1586 2124 1628 tempore
2142 1590 2362 1629 perseveret
2379 1595 2448 1632 per
2468 1583 2517 1620 ci-

1452 1630 1560 1667 vium
1589 1630 1884 1677 successionem,
1905 1638 1945 1668 ut
1972 1632 2206 1680 Augustinus
2232 1634 2331 1683 dicit,
2350 1635 2390 1673 in
2408 1637 2515 1674 XXII

1452 1683 1499 1720 de
1531 1684 1609 1720 Ciu.
1630 1683 1741 1720 Dei*

1505 1738 1564 1773 AD
1594 1748 1730 1773 PR1MUM
1763 1748 1861 1773 ERGO
1898 1748 2082 1775 mOENDUM
2120 1739 2225 1788 quod
2261 1739 2518 1790 Philosophus

1453 1789 1492 1826 in
1510 1790 1546 1826 V
1565 1790 1685 1826 Ethic.
1701 1789 1721 1810 ³⁴
1749 1789 1857 1838 ponit
1875 1796 1950 1826 tres
1967 1798 2094 1839 partes
2113 1791 2225 1829 iusti‘
2253 1793 2392 1841 legalis,
2410 1795 2554 1854 quod

1454 1850 1510 1879 est
1528 1842 1585 1879 ius
1604 1842 1823 1902 positivum.
1846 1843 1943 1879 Sunt
1966 1843 2068 1880 enim
2094 1845 2286 1892 quaedam
2309 1859 2410 1896 quae
2428 1847 2517 1885 sim-

1453 1895 1600 1944 pliciter
1627 1895 1664 1932 in
1686 1896 1884 1932 communi
1903 1904 2109 1944 ponuntur.
2129 1898 2178 1935 Et
2197 1899 2293 1936 haec
2311 1907 2398 1938 sunt
2415 1901 2518 1950 leges

1455 1960 1689 1985 communes.
1714 1949 1763 1985 Et
1781 1956 1966 1998 quantum
1987 1949 2036 1986 ad
2054 1950 2284 1999 huiusmodi,
2305 1952 2394 1990 dicit
2413 1954 2517 2003 quod

1453 2001 1577 2051 legale
1604 2007 1657 2038 est
1683 2003 1783 2050 quod
1809 2014 1859 2038 ex
1881 2002 2070 2050 principio
2098 2004 2247 2052 quidem
2275 2006 2368 2043 nihil
2393 2007 2521 2057 differt

1453 2055 1507 2091 sic
1533 2055 1594 2092 vel
1620 2055 1739 2101 aliter,
1761 2055 1910 2103 quando
1930 2061 2054 2093 autem
2067 2057 2236 2105 ponitur,
2257 2058 2403 2108 differt:
2426 2067 2519 2109 puta

1455 2107 1560 2156 quod
1581 2107 1718 2156 captivi
1734 2115 1872 2144 statuto
1886 2108 2008 2157 pretio
2025 2109 2302 2148 redimantur.-
2315 2111 2518 2159 Quaedam

1453 2173 1547 2197 vero
1568 2169 1655 2198 sunt
1674 2173 1772 2209 quae
1793 2168 1879 2198 sunt
1897 2167 1913 2183 ²
1942 2163 2162 2200 communia
2182 2172 2367 2212 quantum
2386 2165 2436 2202 ad
2454 2165 2519 2203 ali-

1456 2213 1559 2262 quid,
1581 2222 1616 2250 et
1645 2213 1846 2262 singularia
1874 2222 2060 2262 quantum
2080 2217 2129 2253 ad
2147 2217 2300 2266 aliquid.
2322 2218 2371 2255 Et
2388 2217 2518 2256 huius·

1456 2267 1563 2304 modi
1599 2267 1775 2304 dicuntur
1807 2267 2029 2317 privilegia,
2059 2269 2168 2318 quasi
2199 2270 2300 2320 leges
2321 2271 2518 2320 privatae:

1456 2320 1544 2369 quia
1574 2320 1777 2368 respiciunt
1805 2320 2012 2369 singulares
2031 2334 2226 2370 personas,
2248 2331 2285 2360 et
2302 2331 2430 2361 tamen
2448 2336 2518 2374 po-

1455 2381 1568 2410 testas
1607 2386 1741 2410 eorum
1780 2373 1992 2411 extenditur
2028 2375 2076 2411 ad
2114 2377 2234 2412 multa
2269 2377 2432 2424 negotia.
2470 2377 2520 2414 Et

1456 2434 1639 2475 quantum
1665 2426 1713 2463 ad
1732 2427 1818 2474 hoc,
1844 2426 1989 2464 subdit·
2018 2427 2173 2464 adhuc²
2200 2440 2458 2478 quaecumque
2479 2430 2517 2468 in

1453 2480 1710 2529 szngularibus
1738 2480 1822 2529 Iege
1835 2485 1991 2528 ponunt.
2009 2480 2235 2518 -Dicuntur
2262 2482 2376 2519 etiarn
2403 2495 2518 2532 quae-

1457 2533 1546 2569 dam
1575 2532 1718 2580 legalia,
1748 2545 1827 2569 non
1856 2533 1945 2581 quia
1969 2532 2042 2570 sint
2059 2534 2172 2582 leges,
2193 2534 2262 2572 sed
2280 2542 2436 2584 propter
2453 2548 2519 2584 ap-

1455 2585 1698 2634 plicationem
1727 2586 1853 2633 legum
1884 2586 2146 2623 communium
2174 2587 2224 2624 ad
2252 2588 2378 2636 aliqua
2404 2588 2518 2638 parti-

1458 2638 1597 2675 cularia
1616 2639 1712 2675 facta
1727 2645 1760 2684 μς
1782 2638 1876 2675 sicut
1890 2647 1977 2676 sunt
1995 2640 2212 2687 sententiae,
2234 2653 2333 2689 quae
2347 2653 2418 2690 pro
2437 2641 2519 2679 iure

1457 2692 1656 2728 habentur.
1687 2692 1736 2728 Et
1764 2699 1950 2740 quantum
1970 2692 2019 2730 ad
2038 2693 2124 2739 hoc,
2149 2693 2295 2731 subdit:
2325 2700 2362 2730 et
2376 2700 2519 2732 senten-

1457 2744 1571 2781 tialia.

1510 2799 1568 2833 AD
1598 2809 1787 2834 SECUNDUM
1815 2809 1998 2835 DICENDUM
2026 2799 2132 2847 quod
2156 2798 2245 2836 illud
2266 2799 2372 2848 quod
2392 2804 2448 2837 est
2467 2800 2519 2838 di—

1458 2850 1657 2897 rectivum,
1679 2858 1829 2898 oportet
1848 2863 1930 2888 esse
1950 2852 2116 2900 plurium
2146 2851 2387 2890 directivum:
2416 2853 2520 2891 unde

1458 2904 1496 2940 in
1525 2903 1560 2939 X
1583 2904 1799 2951 Metaphys.
1816 2903 1847 2950 ²⁸,
1867 2904 2123 2953 Philosophus
2152 2904 2240 2942 dicit
2267 2906 2372 2955 quod
2391 2906 2520 2944 omnia
2633 2923 2650 2957 '.

1459 2968 1558 3005 quae
1582 2963 1667 2993 sunt
1685 2957 1797 2993 unius
1817 2957 1975 3004 generis,
1997 2966 2265 2996 mensurantur
2283 2958 2408 3008 aliquo
2427 2970 2519 3005 uno,

1459 3009 1563 3058 quod
1593 3016 1648 3046 est
1675 3009 1842 3058 primurn
1871 3009 1909 3046 in
1937 3022 2075 3058 genere
2102 3010 2178 3048 illo.
2209 3011 2249 3049 Si
2273 3011 2375 3049 enim
2397 3019 2522 3051 essent

1458 3070 1514 3099 tot
1546 3062 1697 3109 regulae
1725 3062 1787 3099 vel
1821 3074 2024 3100 mensurae
2058 3071 2152 3112 quot
2183 3073 2271 3102 sunt
2302 3071 2521 3103 mensurata

1458 3115 1522 3152 vel
1550 3115 1733 3163 regulata,
1763 3123 1926 3152 cessaret
1952 3115 2088 3153 utilitas
2108 3122 2121 3138 ν
2148 3118 2300 3166 regulae
2326 3118 2390 3155 vel
2414 3129 2520 3155 men-

1512 3227 1536 3261 0)
1555 3229 1649 3254 solum.
1666 3242 1685 3249 —
1703 3229 1764 3254 Om.
1784 3229 1813 3254 Ρ.

1513 3264 1531 3296 ι)
1546 3267 1640 3296 partes
1659 3264 1731 3289 iusti.
1748 3277 1768 3284 -
1780 3267 1875 3296 partes
1894 3264 2012 3290 iustitiae
2029 3265 2061 3296 K,
2079 3265 2177 3297 species
2195 3265 2262 3291 iuri:
2279 3266 2326 3291 Pa.

1475 3335 1490 3359 d
1512 3300 1537 3331 κ)
1557 3307 1624 3332 quae
1642 3303 1713 3326 sunt.
1730 3312 1750 3321 ·-
1767 3299 1898 3333 quaedam
1917 3300 2012 3332 FKpE,
2030 3300 2136 3333 quidem
2153 3302 2239 3331 ceta-i,
2257 3301 2363 3334 quidem
2377 3307 2445 3333 quae
2457 3303 2520 3325 sunt

1458 3343 1473 3360 e
1492 3353 1499 3359 -
1518 3342 1544 3360 a.

1511 3368 1539 3402 λ)
1559 3370 1654 3395 adhuc.
1667 3383 1686 3390 -
1700 3370 1761 3395 Om.
1775 3369 1833 3401 EF5
1853 3378 1900 3403 pro
1918 3370 1976 3404 Iege
1985 3374 2100 3403 ponunt,
2117 3371 2201 3405 legem
2210 3373 2318 3404 ponunt
2330 3370 2447 3401 Palma,
2463 3371 2520 3404 lege

1454 3408 1596 3438 ponuntur
1618 3405 1669 3430 EF.

1513 3441 1541 3475 μ.)
1554 3441 1641 3474 sacta.
1658 3454 1678 3460 -
1689 3440 1795 3474 saetam
1815 3440 1991 3474 BCDGILpA.

1512 3476 1536 3509 ν)
1557 3476 1668 3501 utilitas.
1684 3489 1704 3496 -
1722 3476 1812 3508 utique
1831 3475 1933 3501 utilitas
1951 3476 1999 3501 Pa.
