2840 4010
94 311 102 319 ·
117 308 163 329 Ver
199 314 213 333 4

189 457 205 482 Υ

116 675 150 696 Vc
197 680 231 700 ²4-

91 729 99 737 '‘
115 727 149 748 Ve
195 727 230 748 26.

114 992 127 1012 X
219 996 254 1018 sq.

114 1150 126 1171 X
174 1166 180 1171 .
194 1155 201 1171 ι
216 1155 241 1176 sq

86 1948 97 1958 ⁸
112 1948 146 1969 Vc
149 1954 214 1970 .....

87 2373 97 2382 “
113 2365 179 2393 Veis.
195 2378 210 2398 4
226 2378 262 2399 sq.

333 116 410 159 234

332 191 557 240 dispositum
586 190 705 238 magis
738 202 870 227 versus
900 190 1081 228 orientem
1112 202 1228 238 quarn
1260 202 1392 227 versus

332 244 581 281 occidentem.

385 299 420 334 6.
450 298 684 342 PRAETEREA,
713 295 836 331 Exod.
863 306 909 330 xx
934 294 954 314 *
983 294 1171 330 Dominus
1199 295 1392 344 praecepit

330 358 371 387 ut
399 363 472 386 non
488 351 669 398 facerent
694 347 869 395 sculptile,
897 358 1015 394 neque
1039 347 1205 395 aliquam
1224 348 1391 385 similitu-

330 403 465 440 dinem.
497 400 810 438 Inconvenienter
838 399 948 446 igitur
976 399 1013 435 in
1042 401 1300 447 tabernaculo,
1330 402 1392 438 vel

330 456 367 492 in
392 455 546 502 templo,
567 454 718 489 fuerunt
735 457 750 479 Υ
779 453 948 500 sculptae
967 451 1150 499 imagines
1179 454 1389 492 cherubim.

331 508 506 545 Similiter
532 506 644 541 etiam
675 512 710 541 et
738 516 835 552 arca,
858 512 893 541 et
910 505 1227 553 propitiatorium,
1249 514 1286 543 et
1305 520 1392 544 can-

331 561 539 605 delabrum,
571 566 606 594 et
634 569 778 604 mensa,
805 565 841 594 et
870 557 1009 606 duplex
1029 559 1156 606 altare,
1180 559 1260 596 sine
1280 560 1391 597 ratio-

329 612 443 649 nabili
472 623 585 647 causa
612 611 664 646 ibi
692 610 805 647 fuisse
834 610 1021 647 videntur.

382 677 417 713 7.
447 664 679 711 PRAETEREA,
700 663 890 700 Dominus
917 664 1122 713 praecepit,
1141 665 1265 702 Exod.
1287 677 1334 702 xx
1353 665 1389 702 *ε

326 718 457 754 Altare
485 717 530 753 de
563 721 663 753 terra
683 716 839 764 facietis
866 717 968 754 mihi.
999 718 1048 753 Et
1075 717 1211 754 iterum
1230 717 1270 754 *τ
1298 719 1389 756 Νοη

326 770 500 806 ascendes
528 769 578 805 ad
608 770 729 806 altare
761 781 886 806 meum
913 781 987 818 per
1017 771 1174 819 gradus.
1205 771 1390 808 Inconve-

326 823 471 859 nienter
498 822 608 869 igitur
640 823 844 859 mandatur
877 823 1126 871 postmodum
1159 825 1276 860 altare
1309 824 1391 861 fieri

327 876 373 912 de
402 875 508 923 lignis
536 887 629 911 auro
649 876 711 912 vel
735 887 822 912 aere
849 876 1049 922 contextis;
1073 884 1108 913 et
1126 884 1252 913 tantae
1272 877 1391 914 altitu-

325 928 421 966 dinis
445 936 486 965 ut
509 927 557 964 ad
581 927 672 965 illud
691 928 762 965 nisi
782 940 850 977 per
869 929 1009 976 gradus
1033 930 1186 967 ascendi
1205 942 1284 967 non
1302 943 1390 979 pos-

325 990 392 1019 set.
422 981 568 1018 Dicitur
596 981 696 1018 enim
723 982 847 1018 Exod.
868 982 1020 1019 xxV11*:
1049 983 1182 1020 Facies
1209 989 1245 1020 et
1270 984 1391 1020 altare

325 1036 370 1072 de
397 1034 510 1084 lignis
536 1035 663 1081 setim,
692 1034 793 1082 quod
817 1035 967 1072 habebit
991 1036 1155 1084 quinque
1186 1037 1327 1073 cubitos
1352 1037 1389 1074 in

325 1088 567 1138 longitudine,
597 1093 633 1124 et
655 1088 804 1124 totidem
825 1088 861 1124 in
883 1088 1085 1134 latitudine,
1105 1094 1142 1125 et
1158 1094 1232 1125 tres
1250 1089 1390 1126 cubitos

325 1142 362 1178 in
382 1141 592 1185 altitudine;
615 1146 651 1176 et
672 1140 815 1189 operies
839 1140 931 1177 illud
957 1153 1056 1178 aere.
1079 1142 1128 1178 Et
1145 1142 1269 1178 Exod.
1285 1154 1357 1179 xxx
1371 1142 1391 1164 ’¹‘

325 1194 480 1232 dicitur:
509 1193 641 1230 Facies
660 1194 780 1229 altare
798 1194 849 1229 ad
875 1193 1100 1231 adolendum
1124 1194 1389 1243 thymiamata,

325 1249 370 1285 de
397 1247 509 1297 lignis
535 1247 653 1292 setim,
682 1246 885 1294 vestiesque
912 1246 1006 1283 illud
1030 1258 1126 1284 auro
1145 1249 1361 1296 purissimo.

381 1302 416 1338 8.
439 1301 672 1346 PRAETEREA,
701 1299 739 1336 in
768 1300 948 1348 operibus
972 1300 1045 1336 Dei
1065 1300 1155 1337 nihil
1176 1301 1290 1339 debet
1309 1315 1391 1340 esse

326 1354 579 1403 superfluum:
609 1352 697 1401 quia
726 1365 796 1389 nec
815 1353 854 1389 in
874 1352 1053 1402 operibus
1072 1361 1229 1391 naturae
1249 1354 1391 1403 aliquid

326 1407 563 1456 superfluum
592 1405 794 1443 invenitur.
825 1406 903 1443 Sed
929 1406 996 1443 uni
1034 1407 1299 1457 tabernaculo,
1327 1410 1390 1447 vel

326 1460 472 1507 domui,
493 1459 629 1496 sufficit
655 1471 777 1495 unum
798 1459 1091 1508 operimentum.
1117 1461 1392 1500 Inconvenien-

326 1522 382 1551 ter
410 1514 520 1561 igitur
546 1513 790 1549 tabernaculo
820 1513 972 1550 fuerunt
1000 1513 1173 1562 apposita
1201 1516 1320 1552 multa
1339 1523 1391 1553 te-

325 1574 526 1615 gumenta,
557 1565 697 1602 scilicet
733 1565 915 1612 cortinae,
949 1578 1038 1614 saga
1080 1566 1245 1615 cilicina,
1274 1570 1390 1617 pelles

314 1620 486 1657 ,arietum
516 1618 738 1666 rubricatae,
769 1626 805 1655 et
833 1619 950 1667 pelles
978 1619 1228 1667 hyacintinae.

380 1686 415 1721 9.
441 1674 678 1719 PRAETEREA,
710 1672 944 1709 consecratio
982 1672 1144 1710 exterior
1171 1673 1390 1712 interiorem

326 1725 561 1763 sanctitatem
591 1724 786 1773 significat,
817 1725 921 1762 cuius
941 1725 1154 1766 subiectum
1175 1734 1231 1764 est
1250 1727 1389 1765 anima.

326 1778 641 1816 inconvenienter
673 1777 783 1825 igitur
810 1779 1098 1815 tabernaculum
1127 1787 1164 1816 et
1193 1780 1271 1817 eius
1298 1793 1391 1818 vasa

326 1832 663 1869 consecrabantur:
686 1843 772 1867 curn
804 1839 928 1868 essent
946 1832 1136 1880 quaedam
1157 1845 1319 1882 corpora
1337 1834 1392 1871 in-

325 1885 503 1923 animata.

386 1951 442 1975 10.
463 1939 697 1984 PRAETEREA,
719 1937 756 1974 in
780 1938 934 1974 Psalmo
958 1950 1068 1975 xxxm
1087 1938 1108 1960 '¹‘
1136 1938 1291 1976 dicitur:
1319 1941 1392 1976 Be-

326 1992 496 2029 nedicam
521 1991 729 2028 Dominum
749 1990 786 2026 in
815 1991 921 2027 omni
938 1997 1123 2040 tempore,
1143 2003 1291 2040 semper
1309 1992 1391 2030 laus

325 2046 403 2082 eius
423 2045 460 2081 in
487 2056 554 2081 ore
581 2055 675 2081 meo.
708 2043 785 2080 Sed
805 2044 1063 2081 solemnitates
1083 2044 1326 2082 instituuntur
1342 2045 1392 2083 ad

325 2098 559 2136 laudandum
588 2098 726 2134 Deum.
757 2097 848 2134 Non
879 2110 968 2145 ergo
996 2098 1065 2134 fuit
1089 2098 1324 2136 conveniens
1350 2106 1392 2136 ut

326 2152 440 2200 aliqui
470 2151 558 2188 certi
589 2150 668 2187 dies
693 2157 943 2187 statuerentur
962 2151 1011 2188 ad
1031 2151 1289 2189 solemnitates
1307 2164 1392 2202 per-

327 2207 505 2254 agendas.
531 2203 593 2240 Sic
617 2203 728 2251 igitur
746 2203 897 2240 videtur
920 2204 1025 2252 quod
1047 2204 1311 2242 caeremoniae
1335 2217 1392 2242 sa-

328 2271 480 2296 crorum
510 2256 780 2293 convenientes
809 2269 941 2294 causas
970 2269 1049 2294 non
1077 2258 1271 2295 haberent.

381 2312 455 2348 SED
485 2322 630 2347 CONTRA
658 2321 724 2346 EST
747 2310 851 2358 quod
871 2311 1078 2358 Apostolus
1103 2311 1203 2360 dicit,
1223 2311 1275 2348 ad
1290 2312 1390 2349 Heb.

326 2377 387 2402 vin
409 2366 440 2412 *,
470 2364 575 2412 quod
604 2363 659 2399 illi
675 2363 741 2411 qui
758 2362 923 2413 offerunt
945 2365 1149 2401 secundum
1169 2363 1291 2414 legem
1310 2376 1392 2402 mu-

327 2430 431 2465 nera,
452 2416 663 2465 exemplari
689 2421 725 2452 et
751 2418 908 2453 umbrae
927 2417 1140 2454 deserviunt
1161 2417 1392 2455 caelestium.-

325 2472 419 2508 sicut
456 2481 674 2518 responsum
714 2475 768 2506 est
799 2470 952 2518 Moysi,
988 2482 1073 2506 cum
1115 2476 1395 2508 consummaret

327 2524 632 2562 tabernaculum:
667 2522 773 2568 Vide,
804 2523 937 2572 inquit,
967 2524 1094 2560 omnia
1112 2524 1236 2572 facito
1263 2535 1392 2561 secun-

326 2579 416 2615 dum
445 2576 641 2625 exemplar
660 2575 761 2624 quod
777 2576 843 2613 tibi
861 2576 897 2613 in
918 2582 1044 2613 monte
1065 2583 1311 2614 monstratum
1328 2582 1390 2614 est.

329 2632 405 2668 Sed
433 2630 546 2668 valde
576 2628 795 2666 rationabile
826 2637 880 2666 est
909 2630 1014 2678 quod
1041 2629 1247 2678 imaginem
1275 2629 1393 2677 caele-

328 2684 440 2722 stium
470 2689 736 2732 repraesentat.
772 2682 874 2730 Ergo
905 2683 1169 2720 caeremoniae
1197 2694 1393 2721 sacrorum

329 2737 591 2774 rationabilem
621 2748 775 2773 causam
802 2735 1006 2773 habebant.

382 2792 606 2827 Responneo
626 2801 810 2826 mOENDUM
831 2788 936 2838 quod
963 2796 1064 2825 totus
1094 2788 1254 2826 exterior
1273 2789 1393 2826 cultus

329 2843 400 2880 Dei
416 2843 464 2880 ad
479 2843 553 2880 hoc
567 2843 771 2892 praecipue
792 2841 988 2879 ordinatur
1011 2849 1053 2878 ut
1070 2841 1246 2879 homines
1266 2842 1393 2879 Deum

328 2897 366 2933 in
385 2896 597 2933 reverentia
616 2896 793 2933 habeant.
815 2895 942 2932 Habet
961 2902 1090 2932 autem
1108 2895 1184 2932 hoc
1203 2895 1395 2932 humanus

330 2949 498 2995 affectus,
529 2957 569 2986 ut
599 2961 642 2986 ea
671 2961 770 2998 quae
799 2948 1022 2985 communia
1050 2955 1147 2995 sunt,
1169 2955 1205 2984 et
1223 2960 1302 2985 non
1323 2947 1395 2985 dis-

330 3002 442 3039 tincta
470 3003 517 3038 ab
547 3001 639 3048 aliis,
665 3002 791 3039 minus
812 3009 1031 3038 revereatur
1049 2998 1079 3048 δ;
1110 3013 1156 3038 ea
1182 3013 1275 3039 vero
1295 3012 1394 3050 quae

331 3055 471 3091 habent
491 3054 654 3103 aliquam
678 3053 919 3092 excellentiae
946 3053 1212 3091 discretionem
1233 3054 1281 3091 ab
1302 3053 1394 3101 aliis,

333 3108 449 3155 magis
480 3108 686 3145 admiretur
706 3115 742 3145 et
760 3115 987 3145 revereatur.
1018 3107 1067 3143 Et
1085 3106 1173 3144 inde
1195 3106 1307 3144 etiarn
1326 3107 1395 3144 ho—

333 3160 479 3196 minum
501 3161 735 3198 consuetudo
763 3160 918 3198 inolevit
944 3168 986 3197 ut
1008 3172 1116 3208 reges
1136 3168 1173 3197 et
1190 3159 1394 3209 principes,

333 3225 429 3261 quos
458 3221 607 3261 oportet
633 3214 670 3250 in
699 3213 909 3251 reverentia
940 3213 1072 3250 haberi
1100 3226 1121 3250 a
1150 3213 1329 3260 subditis,
1360 3221 1396 3250 et

334 3265 617 3314 pretiosioribus
635 3267 804 3304 vestibus
831 3274 1022 3313 ornentur,
1044 3274 1080 3303 et
1101 3266 1213 3304 etiam
1233 3266 1395 3316 amplio-

387 3353 413 3385 γ)
434 3352 475 3376 vel
489 3353 514 3376 in
530 3354 633 3384 templo,
645 3354 770 3386 suerunt.
788 3367 805 3372 —
818 3354 932 3386 suerunt
951 3356 992 3379 vel
1011 3355 1036 3379 in
1057 3357 1153 3387 templo
1168 3355 1396 3381 ABCDEFGHIL.

388 3386 411 3419 δ)
433 3391 593 3412 revereatur.
613 3402 630 3406 -
650 3392 785 3412 reveretur
804 3390 985 3419 ABCDEFGI,
1009 3394 1165 3415 reverentur
1187 3391 1247 3421 HL;
1274 3399 1322 3423 pro
1347 3391 1397 3416 ad-

335 3423 448 3448 miretur
467 3426 493 3447 et
511 3427 672 3451 revereatur,
692 3424 863 3448 admirantur
883 3428 908 3449 et
928 3429 1084 3450 reverentur
1098 3427 1129 3455 H,
1150 3426 1304 3451 admiratur
1323 3429 1349 3451 et
1366 3434 1396 3451 eo

335 3459 378 3488 (ea
398 3458 450 3489 FK,
470 3458 549 3482 etiam
569 3465 599 3482 ea
619 3459 662 3488 sB,
681 3466 732 3482 om.
752 3461 785 3490 a)
805 3463 941 3484 reveretur
960 3461 1036 3484 ceteri
1055 3466 1079 3485 et
1098 3468 1123 3485 a.

1026 113 1291 159 QUAESTIO
1323 113 1406 159 Cn,

1435 114 1732 151 ARTICULUS
1762 116 1813 152 lV

1449 203 1507 228 res
1527 199 1563 228 et
1580 192 1814 241 pulchriores
1834 194 2084 233 habitationes
2103 197 2333 245 possideant.
2356 199 2405 235 Et
2423 210 2511 247 pro-

1447 252 1531 293 pter
1558 245 1632 282 hoc
1662 245 1827 294 oportuit
1855 254 1895 283 ut
1919 247 2044 296 aliqua
2073 249 2249 297 specialia
2267 259 2454 300 tempora,
2476 260 2511 288 et

1447 297 1608 346 speciale
1637 299 1896 336 habitaculum
1915 304 1939 346 ²,
1970 308 2017 338 et,
2034 301 2210 349 specialia
2237 315 2343 350 vasa,
2368 312 2404 341 et
2427 317 2510 353 spe-

1447 351 1559 388 ciales
1588 351 1746 388 ministri
1770 353 1817 389 ad
1838 353 1982 389 cultum
2001 353 2073 390 Dei
2089 354 2364 404 ordinarentur,
2383 364 2425 394 ut
2442 369 2511 406 per

1446 404 1521 440 hoc
1549 404 1662 441 animi
1697 405 1899 442 hominum
1932 406 1981 442 ad
2009 406 2197 443 maiorem
2234 407 2307 444 Dei
2335 420 2508 454 reveren-

1446 457 1536 493 tiam
1565 458 1855 495 adducerentur.
2456 486 2460 492 -

1501 510 1679 547 Similiter
1707 511 1820 548 etiam
1840 518 1957 548 status
1975 511 2113 550 veteris
2133 511 2235 560 legis,
2252 512 2348 549 sieut
2367 513 2509 552 dictum

1447 570 1503 599 est
1519 562 1555 611 ²¹²,
1586 563 1772 601 institutus
1805 572 1884 601 erat
1921 565 1970 602 ad
2005 565 2248 612 figurandum
2286 566 2509 613 mysterium

1446 615 1596 653 Christi.
1624 617 1787 664 Oportet
1805 625 1932 654 autem
1953 630 2036 655 esse
2056 618 2197 666 aliquid
2217 618 2510 657 determinatum

1446 668 1484 705 id
1512 681 1580 717 per
1609 669 1713 717 quod
1741 669 1843 706 aliud
1870 670 2024 718 figurari
2053 671 2176 720 debet,
2197 679 2239 708 ut
2263 670 2403 708 scilicet
2430 672 2511 710 eius

1446 721 1612 770 aliquam
1634 721 1919 760 similitudinem
1934 732 2202 772 repraesentet.
2224 725 2273 761 Et
2290 723 2377 761 ideo
2399 724 2510 762 etiam

1446 775 1612 823 oportuit
1644 774 1770 823 aliqua
1801 775 1978 823 specialia
2015 777 2211 814 observari
2247 777 2286 814 in
2317 777 2375 814 his
2412 790 2510 827 quae

1444 827 1632 875 pertinent
1661 827 1708 864 ad
1738 828 1881 864 cultum
1909 829 1994 866 Dei.

1499 882 1557 917 AD
1578 892 1714 917 PRIMUM
1734 891 1833 917 ERGO
1851 891 2036 919 montinum
2055 883 2162 932 quod
2181 884 2301 920 cultus
2330 883 2402 920 Dei
2430 884 2509 921 duo

1444 934 1610 982 respicit:
1631 933 1771 970 scilicet
1790 934 1931 980 Deum,
1947 934 2013 982 qui
2031 935 2181 982 colitur-3
2199 944 2235 973 et
2248 937 2427 974 homines
2448 949 2511 974 co-

1445 987 1575 1023 lentes.
1594 988 1676 1035 Ipse
1698 986 1807 1034 igitur
1822 987 1940 1034 Deus,
1956 987 2021 1035 qui
2037 988 2183 1036 colitur,
2200 990 2304 1026 nullo
2325 990 2511 1039 corporali

1444 1040 1529 1076 loco
1555 1039 1753 1077 clauditur:
1787 1039 1890 1075 unde
1918 1047 2074 1088 propter
2100 1041 2226 1090 ipsum
2246 1055 2324 1080 non
2345 1043 2511 1092 oportuit

1443 1093 1731 1129 tabernaculum
1751 1091 1763 1115 ζ
1791 1091 1886 1139 fieri,
1911 1100 1976 1129 aut
2003 1095 2201 1142 templum.
2223 1096 2301 1133 Sed
2331 1096 2509 1133 homines
2529 1111 2535 1114 ·

1444 1145 1570 1194 ipsum
1608 1146 1774 1182 colentes
1807 1146 2024 1193 corporales
2058 1154 2165 1184 sunt:
2196 1155 2232 1184 et
2257 1157 2415 1198 propter
2441 1161 2509 1187 eos

1445 1198 1613 1247 oportuit
1640 1197 1802 1247 speciale
1830 1198 2132 1247 tabernaculum,
2154 1201 2216 1237 vel
2235 1202 2435 1250 tempium,
2455 1202 2510 1239 in-

1444 1251 1544 1289 stitui
1564 1257 1582 1279 ⁷¹⁸
1611 1251 1658 1288 ad
1689 1251 1830 1287 cultum
1866 1251 1950 1298 Dei,
1970 1259 2128 1300 propter
2155 1253 2245 1290 duo.
2270 1253 2402 1292 Primo
2419 1255 2510 1303 *qai-

2538 580 2546 588 '
2561 580 2613 602 Art.
2628 586 2652 606 2;
2668 586 2707 608 qu.
2724 586 2747 607 c,

2537 609 2580 629 nrt.
2599 612 2633 633 υς
2653 612 2693 638 qu.
2712 613 2747 634 cx,

1445 1305 1545 1351 dem,
1575 1312 1616 1341 ut
1644 1304 1692 1341 ad
1720 1303 1940 1341 huiusmodi
1967 1305 2097 1342 locum
2126 1306 2400 1344 convenientes
2419 1317 2549 1345 cum
2574 1322 2575 1325 ¹
2600 1319 2602 1323 ’
2732 1315 2734 1317 ·

1443 1358 1516 1394 hac
1544 1357 1769 1405 cogitatione
1802 1357 1910 1404 quod
1946 1358 2190 1406 deputaretur
2221 1359 2269 1396 ad
2303 1359 2511 1398 colendum

1444 1412 1585 1458 Deum,
1606 1422 1693 1447 cum
1715 1409 1849 1446 maiori
1869 1410 2081 1460 reverentia
2099 1412 2335 1449 accederent.
2367 1413 2510 1451 Secun»

1444 1463 1516 1511 do,
1546 1471 1586 1500 ut
1614 1475 1682 1512 per
1710 1462 1998 1511 dispositionem
2017 1464 2100 1501 talis
2119 1465 2268 1514 templi,
2295 1466 2359 1502 vel
2387 1467 2510 1504 taber·-
2634 1472 2635 1475 ’

1444 1517 1588 1563 naculi,
1619 1516 1920 1564 significarentur
1951 1516 2076 1565 aliqua
2106 1518 2333 1566 pertinentia
2365 1519 2415 1556 ad
2447 1530 2509 1559 ex·

1445 1569 1655 1607 cellentiam
1686 1568 1888 1606 divinitatis
1916 1569 1979 1607 vel
2006 1570 2248 1608 humanitatis
2277 1571 2427 1610 Christi.

1498 1623 1547 1659 Et
1573 1623 1648 1659 hoc
1676 1629 1732 1659 est
1751 1622 1856 1671 quod
1876 1623 2063 1659 Salomon
2083 1622 2183 1671 dicit,
2205 1625 2254 1660 111
2274 1625 2373 1674 Reg.
2388 1636 2450 1663 vm
2468 1625 2506 1664 ⁸:

1444 1676 1486 1712 Si
1512 1675 1657 1712 caelum
1686 1681 1721 1712 et
1747 1675 1843 1712 caeli
1873 1676 2065 1713 caelorum
2093 1681 2128 1713 te
2153 1687 2290 1725 capere
2326 1689 2401 1715 non
2419 1683 2509 1727 pos.-

1442 1734 1538 1774 sunt,
1568 1734 1707 1777 quanto
1736 1728 1861 1777 magis
1887 1729 2022 1766 domus
2047 1730 2152 1776 haec,
2177 1741 2292 1778 quam
2311 1730 2512 1779 aedificavi

1443 1781 1539 1818 tibi?
1567 1783 1615 1818 Et
1641 1788 1774 1830 postea
1792 1781 1814 1803 ¹⁶
1841 1781 1986 1819 subdit:
2015 1782 2098 1819 Sint
2123 1783 2225 1819 oculi
2239 1783 2295 1820 tui
2311 1785 2435 1832 aperti
2447 1796 2510 1822 su-

1437 1846 1511 1882 per
1546 1835 1698 1872 domum
1736 1836 1854 1880 hanc,
1888 1835 1934 1871 de
1965 1845 2041 1883 qua
2073 1835 2219 1882 dixisti,
2251 1837 2337 1875 Erit
2371 1844 2508 1876 nome'n

1444 1899 1569 1924 meum
1599 1888 1667 1932 ibz'‚·
1696 1893 1735 1923 ut
1761 1887 1944 1924 exaudias
1963 1888 2262 1937 deprecationem
2284 1891 2387 1927 servi
2400 1890 2512 1937 tu'i‘et

1438 1941 1573 1989 populi
1598 1941 1653 1977 tui
1677 1940 1810 1977 Israel.
1840 1941 1898 1977 Ex
1919 1953 1997 1990 quo
2016 1949 2120 1991 patet
2137 1942 2508 1990 quodrdomu’stan-

1444 1993 1574 2030 ctuarii
1599 2006 1677 2030 non
1706 2001 1762 2030 est
1786 1993 1953 2030 instituta
1980 1994 2031 2031 ad
2058 1995 2133 2032 hoc
2161 1995 2267 2044 quod
2294 1996 2426 2035 Deum
2447 1988 2510 2042 ea]-

1443 2047 1532 2095 piat,
1551 2046 1657 2095 quasi
1673 2046 1840 2083 localiter
1854 2046 2145 2096 inhabitanterm
2159 2049 2227 2086 sed
2245 2046 2298 2086 ad
2310 2049 2387 2087 hoc
2401 2043 2509 2101 quod

1444 2112 1579 2137 nomen
1617 2100 1693 2137 Dei
1718 2100 1857 2136 habitet
1883 2100 1951 2146 ibi,
1980 2100 2076 2138 idest
2108 2109 2151 2138 ut
2185 2102 2318 2139 notitia
2349 2102 2423 2140 Dei
2454 2100 2508 2141 iffi

1444 2153 1704 2190 manifestetur
1735 2165 1804 2201 per
1831 2152 1957 2202 aliqua
1985 2166 2084 2202 quae
2112 2154 2164 2192 ibi
2191 2155 2337 2192 fiebant
2362 2156 2425 2193 vel
2454 2154 2509 2197 di.-

1445 2206 1641 2252 cebantur;
1664 2214 1698 2242 et
1718 2206 1835 2254 quod,
1856 2214 2012 2256 propter
2035 2207 2290 2248 reverentiam
2315 2204 2401 2257 loci,
2425 2221 2510 2250 ora*

1442 2258 1566 2295 tiones
1594 2259 1729 2295 fierent
1757 2258 1808 2295 ibi
1828 2259 1949 2308 magis
1970 2260 2201 2298 exaudibiles
2230 2273 2276 2298 ex
2302 2261 2509 2301 devotione

1445 2319 1644 2348 orantium.

1497 2366 1556 2401 An
1576 2376 1766 2402 SECUNDUM
1786 2377 1969 2402 manDum
1991 2366 2096 2414 quod
2125 2373 2243 2404 status
2261 2366 2400 2404 veteris
2418 2367 2509 2416 legis

1444 2429 1523 2455 non
1551 2418 1619 2454 fuit
1650 2418 1872 2455 immutatus
1905 2426 1990 2456 ante
2025 2419 2218 2457 Christum
2247 2427 2431 2468 quantum
2460 2417 2510 2459 ad

1444 2469 1707 2519 impletionem
1735 2470 1838 2519 legis,
1861 2483 1958 2519 quae
1978 2471 2074 2509 facta
2094 2479 2150 2509 est
2168 2473 2292 2509 solum
2311 2485 2380 2521 per
2401 2467 2509 2510 Chri-

1445 2531 1567 2560 stum:
1599 2530 1653 2560 est
1680 2531 1810 2560 tamen
1837 2524 2059 2562 immutatus
2087 2533 2273 2574 quantum
2301 2526 2349 2563 ad
2379 2526 2508 2564 condi-

1445 2577 1588 2614 tionem
1609 2577 1741 2625 populi
1769 2577 1834 2626 qui
1861 2585 1939 2615 erat
1957 2578 2028 2615 sub
2048 2578 2143 2631 lege.
2173 2578 2277 2616 Nam
2295 2579 2424 2632 primo
2438 2591 2510 2630 po-

1445 2630 1557 2678 pulus
1577 2630 1643 2666 fuit
1671 2630 1708 2666 in
1731 2631 1892 2679 deserto,
1910 2642 1989 2668 non
2016 2631 2164 2669 habens
2184 2638 2326 2670 certam
2344 2632 2511 2676 mansio-

1447 2695 1558 2728 nem;
1589 2682 1838 2731 postmodum
1871 2691 1999 2720 autem
2032 2684 2247 2722 habuerunt
2273 2684 2380 2722 varia
2411 2680 2512 2724 bella

1447 2748 1536 2772 cum
1565 2735 1733 2772 finitimis
1761 2735 1955 2784 gentibus3
1989 2735 2122 2774 ultimo
2151 2745 2302 2786 autem,
2335 2744 2510 2788 tempore

2536 1639 2545 1649 ”
2560 1637 2627 1661 Ven-
2642 1645 2676 1668 ³7-

2536 1795 2546 1805 ·
2562 1793 2630 1816 ναι.
2645 1799 2674 1823 ²9
2689 1801 2725 1823 sq.

2560 2763 2611 2781 ’.11

1446 2788 1573 2826 David
1592 2786 1605 2809 θ
1635 2797 1670 2825 et
1691 2788 1919 2836 Salomonis,
1938 2790 2105 2839 populus
2125 2789 2186 2827 ille
2208 2789 2341 2829 habuit
2359 2787 2512 2841 quietis-
2551 2824 2553 2826 ,
2584 2797 2599 2809 ”
2614 2796 2626 2808 ¹·
2687 2816 2691 2827 .
2710 2803 2722 2836 Δί

1447 2841 1589 2878 simum
1625 2849 1774 2878 statum.
1805 2843 1854 2879 Et
1886 2850 1976 2879 tunc
2008 2842 2132 2892 primo
2167 2840 2411 2890 aedificatum
2443 2842 2512 2895 fuit

1446 2895 1643 2943 templum,
1665 2894 1703 2930 in
1722 2895 1807 2931 loco
1829 2907 1945 2943 quern
1961 2895 2224 2944 designaverat
2237 2896 2448 2943 Abraham,
2465 2909 2511 2948 ex

1447 2947 1575 2985 divina
1604 2947 1939 2995 demonstratione,
1969 2948 2019 2985 ad
2046 2949 2338 2987 immolandum.
2367 2945 2513 3000 Dicitur

1449 3000 1546 3038 enim
1571 3001 1662 3038 Gen.
1684 3012 1755 3037 xxu
1774 2999 1806 3047 ²¹²,
1828 3001 1932 3049 quod
1959 3001 2149 3040 Dominus
2177 3002 2374 3040 mandavit
2392 2997 2514 3053 Abrep-
2539 3015 2548 3024 ·

1448 3055 1519 3091 hae
1539 3061 1580 3090 ut
1603 3054 1758 3104 offerret
1773 3053 1903 3102 filium
1926 3067 2037 3092 suum
2066 3055 2104 3092 in
2123 3054 2382 3108 holocaustum
2400 3067 2514 3107 super

1450 3119 1566 3144 unum
1603 3107 1785 3144 montium
1819 3118 1929 3155 quem
1963 3113 2223 3146 monstravero
2256 3108 2332 3146 tibi.
2366 3109 2417 3160 Et
2442 3120 2512 3160 pq?

1448 3167 1529 3197 stea
1555 3159 1575 3182 '¹‘
1613 3159 1700 3197 dicit
1737 3159 1841 3209 quod
1878 3160 2079 3209 appellavit
2115 3173 2251 3199 nomen
2288 3161 2386 3209 illius
2417 3160 2509 3210 locis,

1448 3213 1635 3250 Dominus
1648 3213 1757 3259 videt,
1778 3213 1886 3262 quasi
1905 3214 2118 3252 secundum
2137 3213 2210 3252 Dei
2228 3212 2511 3264 praevisionem

1450 3274 1548 3304 esset
1575 3267 1683 3303 locus
1710 3266 1769 3303 ille
1798 3267 1940 3304 electus
1967 3266 2018 3304 ad
2042 3268 2185 3305 cultum
2214 3266 2398 3305 divinum.
2417 3265 2511 3303 Pro-

1503 3356 1525 3388 ε)
1545 3355 1733 3380 habitaculum.
1751 3368 1770 3374 -
1788 3355 1987 3380 tabernaculum
2006 3355 2043 3379 Pa
2049 3363 2059 3385 ‚·
2077 3357 2213 3386 tempora.
2224 3371 2244 3378 ..
2262 3352 2387 3386 'specialia
2405 3360 2458 3378 om.
2477 3353 2512 3378 H.

1502 3391 1527 3422 ζ)
1548 3391 1757 3416 tabernaculum.
1774 3404 1793 3409 -
1810 3390 1922 3422 speciale
1941 3390 2139 3415 tabernaculum
2159 3390 2204 3414 Pa.

1502 3427 1529 3458 η)
1550 3426 1662 3450 institui.
1680 3439 1698 3444 -
1716 3425 1814 3450 instrui·
1834 3426 1879 3450 Ρα.

1503 3459 1527 3493 θ)
1548 3461 1646 3486 David.
1664 3474 1682 3480 -
1701 3460 1772 3494 regis
1790 3461 1888 3485 addunt
1907 3461 1951 3485 Pa.

2563 3012 2632 3036 Vm.
2645 3018 2666 3035 ι.

2537 3176 2548 3186 ·
2562 3174 2629 3198 νεα.
2644 3180 2676 3202 ¹4·

2829 3362 2840 3414 ωηεν
2830 3284 2840 3342 ..ῆι-
2826 3154 2840 3239 ῑομυιώη
2828 3135 2831 3138 ’
2838 3115 2840 3117 .
