2840 4010
335 177 404 213 172

329 251 371 280 ut
398 256 476 280 non
505 243 550 280 sit
583 251 727 280 rectum
761 243 823 279 vel
852 242 889 278 in
918 239 1113 277 reddendo
1146 239 1209 276 vel
1243 238 1282 275 in
1310 250 1389 275 non

330 296 540 333 reddendo.

384 349 447 385 Sic
466 349 574 396 igitur
593 348 796 385 dicendum
813 353 867 382 est
882 346 986 394 quod
1003 345 1061 381 lex
1080 351 1248 391 naturae,
1269 355 1389 391 quan-

297 392 305 401 ⁴
328 410 410 439 tum
448 403 495 438 ad
527 401 650 449 prima
682 398 866 448 principia
900 397 1137 443 communia,
1167 404 1223 433 est
1252 397 1387 433 eadem

193 614 204 630 ἔ

89 729 99 738 ·
116 727 151 748 Cf.
168 726 299 747 Comment.

91 753 226 800 Caiet.190st
236 756 278 773 art.
285 758 300 777 1,

90 786 113 801 n.
127 785 151 806 n,
178 785 192 800 n
206 780 301 806 quarto.

89 1258 98 1267 ¹
119 1256 170 1277 Lib.
186 1255 233 1283 VI,
249 1261 300 1282 cap.

88 1288 156 1304 xxm.

94 2025 106 2037 ⁴
120 2025 188 2047 Vei-s.
203 2031 225 2052 9.

95 2075 104 2084 “
122 2073 204 2094 Ordin.
219 2078 247 2093 ex
262 2072 306 2093 Ra-

95 2100 167 2122 bano.

97 2502 108 2513 ⁸
122 2501 189 2523 Vers.
204 2507 225 2522 2.

99 2609 109 2618 ·
123 2606 190 2628 Vers.
205 2612 229 2635 35
247 2611 282 2633 sq.
298 2616 309 2621 -

99 2634 135 2655 Cf.
146 2639 196 2661 cap.
206 2639 240 2658 ιιι,
251 2638 311 2653 vers.

99 2667 135 2686 22;
147 2666 197 2687 cap.
207 2665 239 2685 xx,
250 2665 309 2680 vers.

99 2693 191 2734 3'Vers.
207 2718 226 2734 2.

102 2765 110 2774 ·
118 2764 170 2785 Lib.
179 2763 208 2790 V,
218 2769 267 2791 cap.
279 2769 310 2784 tv.

103 3028 112 3037 ⁸
127 3026 153 3048 In
170 3025 264 3054 praefat.

330 455 432 503 apud
452 465 587 490 omnes
616 460 652 488 et
675 451 887 488 secundum
907 450 1180 496 rectitudinem,
1203 457 1238 486 et
1257 462 1389 486 secun-

331 508 422 544 dum
443 506 625 542 notitiam.
648 505 723 541 Sed
743 511 929 552 quantum
945 503 993 540 ad
1013 503 1203 551 quaedam
1222 503 1387 551 propria,

330 571 428 607 quae
458 567 543 595 sunt
571 557 677 606 quasi
698 556 962 593 conclusiones
981 555 1253 605 principiorum
1284 567 1388 592 com-

330 612 515 656 munium,
538 618 592 646 est
611 610 746 646 eadem
767 614 779 630 ὅ
808 610 910 658 apud
939 621 1075 646 omnes
1093 617 1134 645 ut
1159 609 1196 645 in
1215 609 1388 657 pluribus

330 672 366 700 et
392 663 604 700 secundum
625 662 888 699 rectitudinem
910 670 946 699 et
965 663 1176 699 secundum
1195 662 1387 698 notitiam:

328 717 396 753 sed
415 724 456 752 ut
474 716 512 752 in
531 715 774 764 paucioribus
792 723 917 764 potest
935 715 1097 752 deficere
1114 716 1133 736 *
1149 723 1185 751 et
1204 722 1387 763 quantum

328 771 376 806 ad
406 769 687 815 rectitudinem,
719 775 877 816 propter
903 768 1028 817 aliqua
1054 767 1293 816 particularia
1319 766 1389 802 im-

327 822 547 871 pedimenta
565 821 677 868 (sicut
697 821 809 858 etiam
830 829 985 858 naturae
1005 820 1238 869 generabiles
1258 827 1293 855 et
1309 832 1390 855 cor-

329 875 522 923 ruptibiles
552 874 732 917 deficiunt
750 882 791 910 ut
815 874 852 910 in
871 874 1125 922 paucioribus,
1146 880 1301 921 propter
1319 872 1388 908 im-

328 928 575 976 pedimenta),
597 935 633 964 et
653 927 765 964 etiam
786 935 969 975 quantum
991 926 1038 963 ad
1059 925 1247 971 notitiam3
1265 932 1301 961 et
1315 925 1390 961 hoc

329 988 484 1029 propter
511 981 585 1017 hoc
613 981 717 1029 quod
747 980 859 1028 aliqui
887 981 1028 1016 habent
1055 979 1302 1027 depravatam
1332 990 1388 1014 ra-

329 1034 474 1070 tionem
503 1046 547 1070 ex
575 1034 770 1082 passione,
800 1045 867 1069 seu
898 1045 941 1069 ex
971 1032 1070 1068 mala
1095 1031 1387 1078 consuetudine,

330 1099 397 1123 seu
418 1099 462 1123 ex
482 1088 582 1123 mala
609 1086 828 1123 habitudine
849 1093 1026 1130 naturae,
1057 1084 1151 1120 sicut
1175 1083 1277 1132 apud
1297 1084 1390 1120 Ger-

329 1152 466 1176 manos
482 1139 572 1176 olim
593 1139 830 1175 latrocinium
848 1150 926 1174 non
947 1138 1189 1186 reputabatur
1204 1136 1389 1184 iniquum,

330 1205 418 1229 curn
451 1200 580 1228 tamen
610 1192 655 1228 sit
683 1203 859 1239 expresse
894 1198 1024 1226 contra
1057 1191 1179 1237 legem
1214 1197 1389 1236 naturae,

328 1253 370 1282 ut
390 1245 501 1281 refert
521 1244 633 1281 lulius
653 1245 806 1290 Caesar,
823 1243 861 1280 in
880 1243 976 1279 libro
1001 1243 1046 1279 de
1063 1242 1169 1278 Bello
1193 1241 1336 1279 Gallico
1357 1242 1389 1279 *.

381 1300 439 1334 Αι)
468 1309 603 1334 PRIMUM
636 1308 734 1333 ERGO
762 1308 947 1334 DicENDUM
979 1295 1083 1343 quod
1111 1295 1274 1332 verbum
1303 1295 1391 1332 illud

381 1409 403 1443 ε)
423 1413 462 1435 est
480 1409 607 1434 eadem.—-
621 1415 675 1433 esse
689 1411 779 1433 autem
794 1407 958 1440 ACDLpBH,
973 1414 1028 1432 esse
1042 1407 1074 1436 G.
1089 1406 1188 1431 dicitur
1200 1406 1292 1430 eadem
1307 1406 1358 1430 EF.
1369 1420 1386 1424 -
1408 1403 1414 1470 Ι

329 1445 378 1470 Pro
398 1449 434 1476 ut,
452 1445 533 1470 etiam
553 1448 583 1469 ut
600 1444 646 1469 Pa.

1009 161 1274 207 QUAESTIO
1303 160 1437 206 XCIV,
1467 161 1762 198 ARTICULUS
1789 163 1826 199 V

1444 251 1522 275 non
1552 246 1606 275 est
1633 239 1686 276 sic
1718 239 2000 288 intelligendum
2034 244 2142 291 quasi
2174 245 2304 282 omnia
2332 257 2430 294 quae
2462 244 2501 282 in

1444 292 1546 339 Lege
1567 299 1603 328 et
1620 291 1658 329 in
1678 292 1887 340 Evangelio
1908 294 2156 343 continentur,
2177 297 2249 334 sint
2268 298 2314 334 de
2334 299 2416 346 lege
2436 310 2501 335 na-

1442 352 1560 391 turae,
1578 357 1664 381 cum
1680 346 1797 382 multa
1813 346 2007 383 tradantur
2026 347 2077 383 ibi
2092 360 2206 396 supra
2225 358 2415 388 naturam:
2433 351 2500 388 sed

1443 398 1531 446 quia
1549 410 1592 434 ea
1607 410 1704 447 quae
1724 407 1811 435 sunt
1831 399 1883 435 de*
1897 400 1979 447 lege
1998 407 2165 448 naturae,
2181 402 2348 449 plenarie
2363 403 2415 440 ibi
2428 410 2500 440 tra·

1443 451 1594 487 duntur.
1628 451 1739 488 Unde
1775 464 1863 488 cum
1897 452 2048 489 dixisset
2076 453 2277 490 Gratianus
2306 456 2411 503 quod
2444 457 2500 493 ius

1443 504 1616 540 naturale
1633 510 1687 541 est
1703 505 1805 553 quod
1821 505 1858 541 in
1873 506 1979 555 Lege
1997 511 2032 542 et
2053 506 2090 542 in
2109 507 2320 556 Evangelio
2339 509 2500 546 contine-

1442 562 1514 602 tur,
1535 557 1673 604 statim,
1694 558 2022 606 exemplificando,
2045 559 2250 595 subiunxit:
2281 571 2354 607 quo
2373 559 2386 585 t
2405 561 2501 609 quis-

1442 621 1513 657 que
1541 610 1687 646 iubetur
1713 611 1781 647 alii
1793 612 1932 659 facere
1958 613 2060 659 quod
2083 612 2155 648 sihi
2180 612 2259 648 vult
2271 613 2377 660 fieri.

1495 663 1554 697 An
1581 673 1771 699 SECUNDUM
1798 675 1982 701 mOENDUM
2010 665 2114 713 quod
2138 666 2303 701 verbum
2331 665 2502 704 Philoso-

1441 714 1507 762 phi
1528 722 1583 750 est
1601 714 1884 762 intelligendum
1905 717 1952 754 de
1971 718 2028 754 his
2048 730 2145 766 quae
2175 725 2261 754 sunt
2288 717 2505 755 naturaliter

1441 767 1538 803 iusta
1574 779 1652 803 non
1689 767 1784 804 sicut
1817 769 1999 818 principia
2032 770 2273 817 communia,
2308 770 2376 807 sed
2409 771 2505 808 sicut

1444 820 1634 867 quaedam
1664 820 1928 858 conclusiones
1947 835 1992 860 ex
2019 823 2078 860 his
2105 824 2313 869 derivatae;
2338 834 2436 872 quae
2462 831 2505 860 ut

1442 872 1480 908 in
1508 872 1679 921 pluribus
1708 873 1972 912 rectitudinem
1999 876 2152 924 habent,
2178 884 2215 913 et
2231 884 2274 913 ut
2292 876 2331 913 in
2349 877 2504 925 paucio·

1443 925 1546 961 ribus
1574 925 1764 962 deficiunt.

1496 980 1554 1015 An
1570 990 1728 1015 TERTIUM
1744 990 1928 1016 mel-:NDUM
1943 980 2059 1027 quod,
2077 981 2170 1018 sicut
2186 982 2279 1018 ratio
2295 982 2332 1019 in
2347 982 2504 1020 homine

1446 1031 1663 1068 dominatur
1692 1039 1727 1067 et
1755 1031 1917 1080 imperat
1944 1032 2024 1069 aliis
2052 1034 2246 1082 potentiis,
2276 1035 2326 1072 ita
2355 1043 2505 1084 oportet

1445 1084 1551 1132 quod
1580 1096 1714 1120 omnes
1743 1084 2002 1121 inclinationes
2029 1088 2217 1123 naturales
2245 1089 2293 1124 ad
2322 1088 2412 1125 alias
2435 1101 2504 1137 po-

1444 1137 1578 1174 tentias
1593 1137 1820 1185 pertinentes
1840 1137 2061 1174 ordinentur
2080 1140 2290 1176 secundum
2306 1141 2502 1178 rationem.

1445 1190 1555 1227 Unde
1584 1191 1658 1226 hoc
1688 1198 1742 1226 est
1770 1191 1871 1239 apud
1901 1203 2036 1227 omnes
2066 1193 2317 1229 communiter
2346 1202 2502 1241 rectum,

1445 1250 1487 1279 ut
1514 1242 1726 1279 secundum
1760 1243 1946 1280 rationem
1985 1243 2189 1291 dirigantur
2223 1257 2357 1282 omnes
2384 1247 2506 1283 horni-

1446 1308 1538 1332 num
1568 1295 1838 1333 inclinationes.

1491 1406 1516 1439 ζ)
1535 1413 1596 1439 quo.
1614 1420 1633 1425 —
1651 1407 1722 1439 quod
1740 1406 1986 1434 ACDEFGHIKLa,
2007 1410 2036 1431 ut
2054 1407 2125 1438 quod
2143 1407 2172 1437 B,
2192 1408 2232 1432 vel
2250 1415 2301 1440 quo
2320 1415 2411 1440 margo
2430 1408 2461 1432 A.

1119 1596 1436 1640 ARTICULUS
1466 1597 1722 1647 QUINTUS

987 1690 1143 1721 UTRUM
1167 1690 1253 1720 LEX
1275 1690 1484 1722 NATURAE
1507 1690 1677 1721 MUTARI
1700 1689 1847 1721 Possm·

380 1781 454 1811 Infra,
473 1788 518 1813 qu.
535 1787 612 1809 xcvn.
632 1784 680 1804 art.
697 1787 717 1809 ι,
731 1779 762 1803 ad
781 1787 800 1810 1;
821 1778 854 1803 ΙΙ·
874 1778 930 1809 11⁸⁶,
950 1786 994 1811 qu.
1009 1786 1068 1807 nvn,
1093 1783 1139 1803 art.
1155 1786 1179 1809 2,
1198 1778 1230 1803 ad
1247 1785 1268 1808 13
1287 1777 1318 1803 111
1338 1778 1421 1808 Sent„
1441 1778 1499 1804 dist.
1513 1786 1604 1807 xxxvn,
1624 1783 1671 1803 art.
1687 1778 1714 1807 33
1734 1783 1781 1802 art.
1795 1785 1820 1810 4,
1841 1779 1874 1803 ad
1895 1785 1922 1809 23
1941 1777 1983 1808 IV,
2003 1778 2061 1804 dist.
2074 1786 2159 1810 xxxin,
2178 1785 2222 1811 qu.
2241 1786 2258 1809 ι,
2278 1783 2323 1804 art.
2340 1786 2363 1809 2,
2381 1779 2414 1804 ad
2432 1783 2459 1810 ις
2479 1779 2483 1785 “

2484 1765 2508 1785 'L

1036 1814 1077 1838 De
1095 1814 1178 1843 Malo,
1199 1821 1244 1846 qu.
1261 1821 1288 1845 ιι,
1309 1818 1355 1839 art.
1372 1822 1398 1846 4,
1419 1814 1450 1839 ad
1467 1814 1510 1845 133
1529 1815 1552 1839 V
1572 1814 1667 1843 Ethic„
1687 1814 1744 1838 lect.
1762 1821 1806 1838 xn.

360 1918 432 1973 ἴω
451 1921 508 1952 μή
531 1915 570 1940 D
591 1915 752 1946 QUINTUM
773 1914 827 1939 stc
850 1914 1089 1939 PROCEDt'rUR.
1114 1902 1273 1939 Videtur
1290 1902 1396 1951 quod

369 1936 523 2013 0Ξῆ
549 1957 607 1992 lex
635 1964 790 1992 naturae
823 1955 961 1992 mutari
989 1955 1118 2004 possit.
1150 1955 1250 2002 Quia
1283 1967 1396 2004 super

353 1990 468 2069 βίην
484 1994 537 2059 ᾗ
549 2009 638 2046 illud
656 2009 771 2045 Eccli.
787 2020 859 2045 xvii
874 2008 905 2056 ³³³,
924 2009 1077 2045 Addidit
1094 2009 1145 2045 eis
1163 2008 1395 2056 disciplinam

393 2037 484 2092 (εἶθ
504 2053 585 2098 &et
611 2063 732 2111 legem
761 2062 879 2107 vitae,
914 2061 1000 2098 dicit
1028 2062 1163 2099 Glossa
1188 2061 1223 2098 *ε
1252 2062 1394 2111 Legem

335 2117 488 2161 litterae,
518 2121 699 2163 quantum
719 2115 770 2152 ad
796 2115 1065 2151 correctionem
1085 2115 1178 2164 legis
1202 2115 1395 2161 naturalis,

334 2169 448 2206 scribi
473 2168 600 2205 voluit.
631 2168 708 2205 Sed
736 2168 826 2205 illud
856 2168 960 2216 quod
990 2167 1195 2216 corrigitur,
1220 2175 1395 2205 mutatur.

336 2223 438 2270 Ergo
467 2222 525 2258 lex
554 2221 731 2258 naturalis
758 2228 884 2269 potest
910 2221 1059 2258 mutari.

392 2287 427 2312 2.
448 2275 681 2321 PRAETEREA,
711 2281 841 2311 contra
868 2274 990 2322 legem
1020 2274 1231 2311 naturalem
1261 2280 1316 2311 est
1335 2285 1398 2311 oc-

338 2328 429 2364 cisio
457 2327 685 2373 innocentis,
716 2334 752 2363 et
780 2326 894 2364 etiam
923 2327 1151 2364 adulterium
1180 2335 1218 2364 et
1244 2327 1397 2364 furtum.

339 2381 416 2418 Sed
452 2380 521 2416 ista
556 2380 800 2417 inveniuntur
838 2392 919 2417 esse
947 2387 1091 2417 mutata
1119 2393 1142 2417 a
1169 2381 1274 2417 Deo:
1308 2387 1400 2430 puta

339 2446 428 2470 cum
457 2434 562 2470 Deus
590 2433 782 2482 praecepit
809 2433 986 2470 Abrahae
1016 2433 1120 2482 quod
1149 2433 1338 2471 occideret
1355 2433 1400 2472 fi-

338 2486 432 2524 liurn
460 2486 717 2533 innocentem,
737 2493 778 2522 ut
796 2487 958 2523 habetur
980 2487 1072 2524 Gen.
1093 2498 1165 2523 xxn
1184 2485 1220 2531 *3
1250 2494 1286 2523 et
1309 2498 1397 2523 cum

337 2539 531 2589 praecepit
559 2539 707 2576 Iudaeis
734 2546 775 2575 ut
803 2546 975 2576 mutuata
1006 2539 1281 2588 Aegyptiorum
1307 2551 1399 2576 vasa

339 2592 589 2641 subriperent,
610 2599 651 2628 ut
670 2592 831 2628 habetur
848 2593 972 2628 Exod.
988 2604 1036 2629 xu
1054 2593 1074 2614 ³⁸
1085 2605 1093 2639 ;
1125 2601 1160 2629 et
1184 2604 1273 2629 cum
1291 2604 1399 2641 prae-

339 2646 439 2694 cepit
465 2646 567 2682 Osee
596 2653 637 2681 ut
663 2657 823 2681 uxorem
852 2645 1091 2682 fornicariam
1126 2645 1331 2694 acciperet,
1359 2653 1400 2682 ut

338 2700 500 2736 habetur
520 2699 622 2734 Osee
638 2710 648 2734 1
665 2697 696 2735 ²³⁶.
718 2699 821 2745 Ergo
836 2699 895 2734 lex
910 2698 1088 2735 naturalis
1108 2706 1232 2746 potest
1251 2698 1399 2735 mutari.

395 2753 428 2789 3.
451 2753 683 2797 PRAETEREA,
706 2750 871 2788 Isidorus
892 2751 990 2798 dicit,
1015 2751 1054 2788 in
1073 2751 1169 2788 libro
1191 2751 1399 2800 Ety·mol.*,

340 2805 445 2853 quod
465 2804 674 2842 communis
693 2804 861 2840 omnium
875 2805 1071 2852 possessio,
1092 2810 1128 2841 et
1145 2817 1220 2841 una
1241 2805 1400 2850 libertas,

341 2864 392 2895 est
411 2858 456 2895 de
476 2858 557 2894 iure
576 2856 752 2894 naturali.
783 2857 859 2894 Sed
883 2858 978 2894 haec
997 2857 1172 2894 videmus
1193 2870 1275 2894 esse
1296 2870 1400 2894 com-

341 2918 484 2948 mutata
511 2923 580 2959 per
616 2911 717 2958 leges
749 2910 949 2947 humanas.
979 2911 1080 2958 Ergo
1113 2910 1265 2948 videtur
1296 2910 1401 2959 quod

341 2965 400 3001 lex
428 2963 607 3001 naturalis
636 2964 681 3000 sit
709 2963 910 3000 mutabilis.

396 3017 470 3054 SED
486 3028 631 3053 CONTRA
646 3028 711 3053 EST
726 3016 831 3065 quod
846 3016 981 3053 dicitur
995 3016 1031 3052 in
1042 3016 1220 3062 Decretis,
1238 3015 1320 3053 dist.
1337 3017 1355 3054 5
1365 3015 1401 3053 *ε

341 3070 531 3107 Naturale
549 3070 606 3106 ius
624 3071 673 3106 ab
693 3070 850 3107 exordio
878 3069 1073 3106 rationalis
1091 3074 1298 3106 creaturae.
1319 3069 1404 3107 Nec

342 3124 514 3159 variatur
542 3129 723 3171 tempore,
746 3123 812 3160 sed
838 3122 1069 3160 immutabile
1090 3128 1301 3171 permanet.

397 3177 621 3214 RESPONDEO
646 3187 829 3214 DICENDUM
856 3176 962 3224 quod
989 3177 1048 3212 lex
1076 3176 1254 3213 naturalis
1281 3182 1404 3224 potest

344 3228 496 3276 intelligi
530 3229 668 3266 mutari
706 3229 912 3278 dupliciter.
947 3229 1035 3267 Uno
1064 3229 1201 3276 modo,
1230 3241 1298 3278 per
1330 3229 1404 3266 hoc

346 3282 450 3330 quod
479 3281 618 3329 aliquid
648 3282 681 3318 ei
709 3282 881 3319 addatur.
903 3283 952 3319 Et
971 3282 1023 3319 sic
1048 3282 1138 3319 nihil
1157 3282 1334 3331 prohibet
1353 3283 1405 3319 le-

345 3346 433 3382 gem
452 3335 663 3372 naturalem
691 3335 842 3372 mutari:
872 3336 990 3372 multa
1018 3335 1120 3373 enim
1149 3348 1264 3385 supra
1282 3336 1405 3383 legem

399 3451 426 3484 α)
447 3452 612 3484 intelligitur.
631 3466 649 3470 -
664 3455 753 3483 potest
772 3453 886 3485 intelligi
905 3453 952 3479 Pa.

1448 1904 1658 1939 naturalem
1686 1902 1929 1950 superaddita
1957 1909 2055 1950 sunt,
2076 1903 2124 1939 ad
2151 1902 2362 1943 humanam
2390 1887 2509 1945 vitam

1449 1955 1570 2002 utilia,
1599 1963 1675 1992 tarn
1704 1967 1772 2004 per
1799 1956 1923 2003 legem
1943 1955 2125 2003 divinam,
2155 1966 2271 2004 quam
2301 1955 2413 1993 etiam
2441 1964 2510 2005 pest
2563 1960 2565 1962 ’

1449 2009 1549 2056 leges
1578 2009 1778 2046 humanas.
2479 2043 2509 2068 t

1502 2061 1588 2098 Alio
1617 2062 1735 2098 modo
1765 2061 1976 2109 intelligitur
1995 2066 2013 2083 ‘²
2036 2061 2195 2099 mutatio
2223 2062 2316 2109 legis
2331 2062 2510 2103 naturalia

1451 2126 1518 2162 per
1534 2114 1694 2151 modum
1711 2114 1987 2161 subtractionis,
2003 2122 2044 2152 ut
2057 2114 2197 2151 scilicet
2210 2114 2350 2163 aliquid
2365 2114 2512 2152 desinat

1453 2179 1533 2204 esse
1564 2168 1609 2204 de
1639 2168 1720 2215 lege
1748 2167 1919 2215 naturali,
1947 2166 2054 2216 qu‘od
2080 2167 2185 2216 prius
2202 2167 2271 2204 fuit
2298 2167 2511 2208 secundum

1450 2221 1574 2267 legem
1594 2222 1815 2257 naturalem.
1846 2221 1895 2257 Et
1922 2220 1976 2258 sic
1995 2228 2190 2268 quantum,
2204 2220 2252 2258 ad
2271 2220 2395 2269 prima
2412 2220 2512 2269 prin-

1453 2273 1550 2322 cipia
1562 2273 1658 2320 legis
1678 2281 1846 2320 naturae,
1867 2274 1926 2310 lex
1945 2281 2102 2311 naturae
2122 2281 2177 2313 est
2190 2273 2354 2311 ,omnino
2373 2273 2512 2315 immue

1451 2326 1586 2363 tabilis.
1607 2327 1803 2373 Quantum
1833 2334 1960 2364 autem
1989 2326 2039 2364 ad
2065 2327 2233 2365 secunda
2250 2332 2454 2375 praecepta
2470 2325 2511 2374 ἦ,

1453 2391 1551 2427 quae
1571 2379 1733 2416 diximus
1751 2379 1771 2401 ‘¹‘
1792 2391 1874 2416 esse
1894 2379 2001 2428 quasi
2027 2379 2213 2428 quasdam
2231 2379 2406 2428 proprias
2423 2391 2513 2419 con·

1454 2432 1639 2469 clusiones
1665 2433 1897 2482 propinquas
1924 2432 2055 2481 primis
2073 2432 2276 2481 principiis,
2297 2432 2351 2469 sic
2369 2432 2429 2469 lex
2446 2443 2512 2473 na-

1453 2486 1580 2522 turalis
1605 2498 1684 2522 non
1711 2486 1932 2522 immutatur
1950 2485 2042 2534 quin
2061 2492 2102 2522 ut
2120 2485 2160 2522 in
2177 2485 2347 2534 pluribus
2367 2492 2512 2523 rectum

1453 2539 1499 2575 sit
1517 2551 1668 2587 semper
1690 2539 1796 2587 quod
1816 2539 1874 2575 lex
1893 2538 2070 2576 naturalis
2089 2538 2215 2576 habet.
2236 2538 2366 2575 Potest
2383 2545 2513 2579 tamen

1453 2591 1643 2628 immutari
1659 2590 1673 2621 β
1691 2592 1728 2628 in
1750 2592 1876 2640 aliquo
1897 2590 2120 2640 particulari,
2143 2598 2179 2627 et
2197 2590 2236 2628 in
2254 2590 2512 2639 paucioribus,

1453 2652 1608 2693 propter
1627 2645 1771 2693 aliquas
1799 2645 1980 2693 speciales
2008 2656 2141 2682 causas
2169 2643 2417 2692 impedientes
2444 2644 2512 2682 ob-

1454 2697 1682 2735 servantiam
1710 2698 1842 2746 talium
1870 2705 2182 2746 praeceptorum,
2210 2704 2253 2734 ut
2280 2709 2395 2745 supra
2411 2696 2432 2719 ²¹²
2460 2697 2514 2735 di-

1455 2758 1556 2788 ctum
1586 2759 1650 2788 est.

1507 2806 1566 2840 AD
1595 2815 1731 2840 ptumum
1759 2815 1858 2840 ERGO
1886 2815 2070 2841 nicannum
2090 2803 2195 2852 quod
2221 2803 2281 2840 lex
2305 2802 2442 2851 scripta
2460 2801 2514 2842 di·-

1456 2857 1550 2894 citur
1569 2869 1651 2894 esse
1680 2858 1765 2893 data
1786 2857 1835 2894 ad
1858 2856 2133 2894 correctionem
2153 2856 2244 2904 legis
2263 2863 2432 2903 naturae,
2450 2856 2514 2893 vel

1456 2910 1545 2958 quia
1563 2922 1632 2958 per
1654 2910 1777 2957 legem
1797 2909 1974 2958 scriptam
1999 2909 2216 2958 suppletum
2237 2917 2292 2946 est
2319 2909 2425 2958 quod
2443 2907 2514 2957 legi

1456 2971 1611 3000 naturae
1640 2963 1787 2999 deerat:
1816 2963 1878 2999 vel
1915 2962 2004 3010 quia
2031 2963 2090 2998 lex
2117 2970 2272 3000 naturae
2303 2962 2343 3000 in
2370 2962 2515 3010 aliquo-

1457 3029 1540 3053 rum
1570 3015 1760 3063 cordibus,
1790 3023 1974 3064 quantum
1995 3015 2044 3053 ad
2068 3015 2204 3063 aliqua,
2230 3023 2410 3064 corrupta
2436 3021 2516 3055 erat

1457 3070 1643 3107 intantum
1670 3076 1712 3105 ut
1743 3068 1997 3106 existimarent
2029 3081 2111 3106 esse
2144 3068 2247 3106 bona
2276 3081 2374 3117 quae
2408 3075 2515 3106 natu*

1457 3123 1579 3160 raliter
1607 3129 1694 3173 sunt
1726 3122 1844 3169 mala;
1874 3129 1910 3159 et
1937 3121 2019 3159 talis
2055 3122 2245 3171 corruptio
2282 3121 2515 3160 correctione

1457 3176 1658 3224 indigebat.
1685 3178 1694 3197 s
2016 3195 2018 3198 .

1511 3231 1569 3266 Αι)
1589 3240 1778 3265 SECUNDUM
1792 3239 1976 3266 chENDUM
1996 3228 2100 3276 quod
2119 3227 2279 3266 naturali
2292 3233 2414 3265 morte
2430 3237 2515 3263 mo-

1460 3283 1605 3319 riuntur
1632 3293 1768 3318 omnes
1797 3281 2061 3328 communiter,
2082 3289 2160 3318 tam
2188 3287 2370 3318 nocentes
2397 3290 2514 3327 quam

1459 3335 1691 3372 innocentes.
1722 3335 1833 3381 Quae
1861 3334 2018 3383 quidem
2050 3333 2227 3372 naturalis
2254 3345 2359 3371 mors
2387 3330 2516 3370 divina

1459 3490 1468 3514 l
1507 3453 1538 3495 p)
1559 3454 1704 3514 imrautari.
1722 3467 1740 3472 -
1758 3453 1860 3478 mutari
1882 3454 1923 3478 ed.
1940 3460 1972 3482 a,
1991 3452 2092 3478 mutari
2108 3455 2134 3477 et
2153 3452 2182 3477 P.
2198 3465 2218 3471 -
2236 3451 2262 3476 in
2287 3451 2376 3484 aliquo
2395 3451 2516 3483 particu-

1469 3496 1510 3514 arz
1529 3497 1583 3514 om.
1627 3507 1634 3514 .

2606 1542 2743 1570 ..tflzr‘tist‘

2540 2332 2550 2343 ·
2561 2331 2599 2354 Cf.
2615 2331 2750 2354 Comment-

2540 2358 2614 2381 Caiet.
2629 2362 2692 2387 post.
2705 2361 2749 2381 nrt.

2539 2390 2563 2412 1,
2577 2390 2652 2416 ‘mum
2671 2391 2704 2412 ιι,
2723 2385 2751 2407 In

2563 2438 2617 2460 Art.
2624 2427 2737 2466 'pi-need.

2539 2708 2551 2720 '⁵
2565 2707 2625 2731 lbid.
