2840 4010
21 3243 33 3256 ·
40 3243 75 3268 ct.
81 3250 143 3268 num.
149 3251 174 3273 11,
181 3245 231 3268 init.

902 196 1166 243 QUAESTIO
1195 195 1369 243 LXXVI,
1398 197 1690 234 ARTICULUS
1719 197 1770 233 IV
2185 193 2203 212 ⁹

256 283 322 305 esse
345 271 519 303 secundum
535 280 566 302 se
582 279 719 312 peccata,
740 280 775 304 ut
798 284 834 304 ex
857 274 914 304 hac
933 274 1034 305 littera
1050 274 1130 305 forte
1148 281 1311 314 acceptum

256 324 320 353 est;
343 316 398 347 sed
420 316 561 346 dicamus
584 326 650 346 esse
675 317 920 348 circumstantias
944 325 1154 357 peccatorum,
1173 325 1203 347 et
1219 317 1311 356 perti-

255 367 364 392 nentes
386 360 426 389 ad
450 360 716 390 circumstantiam
732 361 822 401 quid,
848 360 1074 400 significantem
1098 361 1258 396 effectum;
1284 367 1313 390 et

255 410 421 446 propterea
445 404 655 434 observandas
683 404 715 434 in
738 404 803 434 istis
827 404 948 444 regulas
979 405 1065 434 datas
1089 404 1128 434 de
1151 403 1313 433 eventibus

256 455 288 479 et
309 447 509 478 nocumentis
533 454 749 487 peccatorum,
775 447 918 487 superius
941 447 974 476 in
997 457 1051 487 qu.
1067 456 1122 482 xx,
1148 453 1202 476 art.
1223 448 1237 476 5
1252 469 1259 482 ,
1285 453 1314 476 et

256 501 311 532 qu.
327 499 429 526 mutin,
453 497 508 521 art.
527 491 557 520 8.
582 491 623 521 Et
646 491 724 521 ratio
743 497 790 521 est
812 491 886 530 quia
902 490 978 520 haec
994 496 1068 520 sunt
1082 490 1259 519 voluntaria
1281 489 1314 519 in

258 535 322 565 suis
345 541 469 564 tantum
493 534 603 565 causis.
627 535 674 564 Ex
697 535 757 564 hoc
786 543 923 573 namque
946 533 1035 573 quod
1063 539 1137 562 sunt
1159 533 1315 572 quodam-

258 578 357 608 modo
375 578 552 608 voluntaria
576 576 655 619 (esse
679 578 764 607 enim
786 576 1000 607 voluntarium
1020 576 1052 606 in
1069 586 1170 612 causa,
1189 583 1234 606 est
1250 586 1316 605 esse

259 621 366 662 aliquo
383 622 482 651 modo
507 619 744 661 voluntarium),
770 626 843 650 sunt
865 619 896 649 in
921 629 1033 659 genere
1050 619 1266 649 humanorum
1286 625 1316 649 et

259 665 439 701 moralium,
459 671 490 695 et
508 675 572 695 non
598 663 813 694 excusantium
829 673 846 692 a
862 669 928 692 tota
951 663 1053 703 culpa.
1077 663 1124 693 Ex
1147 673 1185 693 eo
1209 670 1314 693 autem

260 709 348 749 quod
371 709 403 738 in
427 708 503 739 solis
525 708 636 743 causis,
653 717 719 737 non
734 714 808 737 sunt
831 707 1005 736 secundum
1029 717 1061 737 se
1084 714 1225 747 peccata,
1250 706 1314 743 sed,

261 762 278 782 a
293 751 428 792 propriis
451 751 613 791 speciebus
637 750 790 786 distracta,
816 749 1064 781 circumstantiae
1085 757 1159 781 sunt
1173 757 1315 790 peccato-

260 806 333 826 rum
356 804 494 836 quorum
518 800 591 824 sunt
614 793 755 830 effectus;
780 800 811 823 et
826 793 864 823 ad
884 793 1013 824 illorum
1029 801 1231 834 peccatorum
1247 803 1315 834 spe-

261 839 322 870 cies
346 845 495 879 spectant,
518 837 550 867 in
574 837 690 877 quibus
714 844 787 867 sunt
809 837 984 867 voluntaria
1007 845 1038 868 et
1059 838 1186 868 intenta.

315 882 357 913 Et
379 892 415 912 ex
437 882 496 912 hac
519 887 605 920 parte
629 880 770 920 sequitur
788 881 917 911 ulterius
946 882 1034 921 quod
1050 882 1190 921 pn'mum
1209 891 1315 921 pecca-

261 933 340 962 tum,
356 932 434 965 puta
449 924 589 960 ebrietas,
606 924 677 964 plus
694 925 816 955 minuat
830 926 869 955 de
885 926 1034 962 secundo,
1051 932 1128 965 puta
1143 925 1315 955 homicidio

260 969 310 1000 vel
333 968 527 1008 blasphemia
542 968 612 1005 Dei,
629 978 727 1008 quam
742 968 780 999 sit
795 968 926 1008 gravitas
942 969 1045 1009 primi.
1067 969 1100 999 Si
1120 969 1214 1005 enim,
1230 969 1316 999 verbi

260 1012 367 1053 gratia,
384 1011 513 1042 ebrietas
537 1011 569 1041 in
593 1019 659 1041 tota
682 1022 739 1042 sua
762 1011 924 1043 latitudine
949 1013 988 1042 ad
1007 1013 1078 1053 plus
1098 1019 1144 1042 est
1159 1012 1315 1052 gravitatis

261 1063 297 1087 ut
312 1056 388 1092 duo,
406 1062 436 1086 et
454 1055 662 1085 homicidium
679 1063 714 1086 ut
730 1056 854 1092 decem;
872 1066 908 1086 ex
924 1057 985 1087 hoc
1004 1056 1092 1097 quod
1107 1056 1316 1086 homicidium

262 1099 443 1130 distrahitur
465 1109 483 1129 a
506 1109 562 1129 sua
578 1097 691 1138 specie,
709 1107 936 1140 consequenter
952 1100 1130 1130 distrahitur
1145 1110 1162 1129 a
1177 1110 1233 1130 sua
1248 1109 1316 1139 gra-

261 1143 371 1179 vitate;
396 1149 427 1173 et
449 1143 524 1183 quia
546 1143 704 1173 reducitur
726 1143 766 1173 ad
789 1144 926 1183 speciem
956 1143 1127 1179 ebrietatis,
1151 1144 1317 1174 reducetur

261 1196 392 1228 quoque
415 1187 455 1216 ad
477 1187 660 1226 gravitatem
688 1187 771 1223 eius,
801 1187 1106 1218 circumstantionate
1134 1194 1250 1218 tamen.
1278 1188 1318 1218 Et

261 1231 306 1261 sie
317 1230 476 1261 reducitur
491 1231 530 1260 ad
542 1231 726 1269 gravitatem
738 1241 803 1260 non
821 1231 1019 1261 excedentem
1031 1231 1106 1261 duo.
1123 1233 1170 1261 Ac
1185 1241 1241 1271 per
1256 1231 1318 1261 hoc

247 1274 334 1315 -ptns
351 1274 520 1305 'minuetur
543 1274 581 1304 de
603 1274 731 1314 propria
754 1275 901 1314 gravitate
925 1275 1133 1305 homicidium
1157 1276 1195 1305 ab
1220 1275 1318 1305 ebrie·

261 1324 335 1354 tate,
348 1328 445 1358 quam
461 1318 500 1348 sit
515 1317 647 1357 gravitas
671 1318 841 1348 ebrietatis:
866 1318 1051 1349 translatum
1067 1318 1152 1348 enim
1168 1319 1206 1349 de
1218 1319 1318 1358 gradi-

263 1362 323 1393 bus
339 1362 449 1392 decem
464 1361 620 1402 gravitatis
640 1362 678 1391 ad
693 1363 807 1401 gradus
823 1363 914 1398 duos,
929 1362 1024 1402 longe
1038 1362 1110 1402 plus
1125 1362 1319 1393 diminutum

264 1412 310 1436 est
331 1415 429 1446 quam
451 1405 485 1435 in
508 1405 634 1435 duobus
657 1405 711 1445 qui
735 1413 808 1436 sunt
830 1406 944 1445 gradus
963 1406 1127 1437 ebrietatis.

315 1451 486 1480 Attestatur
501 1454 607 1479 autem
623 1448 712 1478 dictis
728 1450 934 1488 Augustinus,
949 1450 981 1480 in
997 1450 1077 1480 libro
1092 1450 1179 1480 XXII
1199 1450 1318 1481 Contra

263 1493 419 1523 Faustum
427 1491 456 1528 *,
473 1492 578 1522 dicens
592 1493 680 1532 quod
691 1493 752 1523 Lot
766 1493 944 1533 culpandus
957 1499 1005 1525 est
1019 1503 1080 1524 non
1096 1499 1250 1534 quantum
1266 1494 1320 1524 ille

264 1538 417 1575 incestus,
440 1536 496 1566 sed
518 1541 672 1576 quantum
696 1537 830 1567 ebrietas
853 1538 986 1568 meruit.-
1007 1537 1161 1578 quoniam
1182 1538 1319 1568 incestus

263 1589 330 1611 non
344 1579 405 1610 nisi
419 1579 452 1610 in
476 1589 578 1615 causa,
595 1579 751 1610 ebrietatis
770 1581 895 1617 scilicet,
913 1581 1076 1621 culpabilis
1092 1591 1158 1611 esse
1174 1582 1319 1622 potuit.-

262 1626 436 1655 Artestatur
463 1623 558 1653 etiam
580 1626 701 1654 Auctor
729 1624 820 1662 dum,
845 1625 1037 1665 respondens
1064 1632 1249 1665 argumento
1273 1636 1319 1656 se-

265 1667 382 1706 eundo,
399 1667 524 1703 scilicet,
537 1668 704 1697 Peccatum
721 1668 863 1698 additum
874 1674 1006 1708 peccato
1012 1668 1101 1709 facit
1116 1670 1231 1706 maius,
1244 1671 1319 1710 quia

264 1712 368 1742 maius
391 1710 525 1742 includit
547 1712 699 1741 unitatem
723 1722 794 1742 cum
819 1721 855 1742 eo
870 1722 932 1752 quo
939 1712 1027 1753 facit
1041 1714 1155 1750 maius,
1173 1713 1226 1744 dat
1242 1714 1319 1743 duas

263 1754 494 1795 responsiones
518 1755 622 1785 Prima
646 1762 701 1791 est,
726 1755 814 1795 quod
837 1755 914 1786 haec
937 1756 1112 1796 propositio
1132 1763 1178 1786 est
1193 1757 1319 1787 univer-

264 1798 368 1829 saliter
382 1798 469 1835 falsa,
486 1798 561 1838 quia
585 1808 650 1828 non
674 1808 797 1838 semper
819 1801 991 1839 peccatum'
1002 1800 1126 1830 additur
1140 1807 1269 1840 peccato
1288 1801 1320 1830 in

264 1842 393 1879 unitate,
417 1842 497 1872 idest
519 1842 562 1872 ita
585 1843 672 1882 quod
697 1842 788 1873 faciat
810 1852 912 1873 unum
932 1853 1005 1874 curn
1021 1852 1073 1874 eo:
1098 1850 1129 1874 et
1145 1844 1219 1875 dicit
1232 1844 1321 1884 quod

265 1885 380 1917 sufficit
402 1885 490 1926 quod
512 1885 605 1916 faciat
630 1887 720 1926 plura
750 1893 885 1926 peccata.
910 1887 1046 1923 Deinde,
1070 1887 1144 1928 quia
1168 1888 1321 1928 potuisset

264 1930 336 1971 quis
354 1930 454 1960 dicere
471 1930 560 1970 quod
578 1929 631 1959 illa
654 1930 830 1969 propositio
854 1937 900 1962 est
921 1940 993 1961 vera
1007 1931 1040 1961 in
1054 1931 1188 1971 peccatis
1204 1941 1320 1962 coeun-

262 1972 347 2005 tibus
369 1974 403 2004 in
426 1983 538 2009 unum,
564 1974 616 2005 dat
638 1974 808 2004 secundam
831 1974 1080 2014 responsionem,
1104 1975 1209 2005 dicens
1233 1976 1320 2016 quod

263 2026 321 2048 nec
335 2017 380 2048 sic
396 2024 442 2048 est
456 2027 538 2053 vera,
555 2017 630 2057 quia
649 2018 802 2057 contingit
825 2018 964 2058 primum
987 2025 1151 2058 peccatum
1174 2019 1246 2059 plus
1260 2019 1319 2049 mi-

262 2070 359 2092 nuere
375 2061 414 2091 de
433 2061 582 2097 secundo,
602 2071 699 2101 quam
723 2061 762 2092 sit
784 2062 916 2101 gravitas
939 2062 1047 2102 primi,
1071 2069 1107 2093 ut
1129 2063 1320 2093 declaratum

263 2111 318 2135 est.
342 2105 384 2135 Et
406 2104 527 2135 inducit
549 2105 589 2134 ad
616 2105 678 2135 hoc
701 2106 789 2145 quod
810 2105 976 2136 inductum
999 2112 1045 2136 est
1067 2106 1106 2136 de
1129 2106 1274 2137 ebrietate
1291 2114 1321 2137 et

261 2148 452 2184 homicidio,
476 2158 513 2178 ex
535 2148 597 2178 hoc
619 2148 782 2179 insinuans
809 2149 897 2189 quod
925 2156 1016 2189 putat
1043 2150 1138 2180 ambo
1161 2150 1194 2180 in
1217 2160 1320 2180 unum

261 2198 426 2232 peccatum
445 2192 538 2228 coire,
556 2198 586 2222 et
600 2193 774 2222 secundum
794 2203 860 2223 esse
879 2193 1153 2230 circumstantiam,
1174 2193 1320 2225 effectum

198 2258 204 2265 .
226 2258 232 2264 .
261 2235 387 2272 scilicet,
404 2235 507 2276 primi.
524 2253 546 2259 -
562 2235 790 2277 Consonatque
809 2236 870 2267 hoc
889 2237 1048 2267 doctrinae
1063 2237 1206 2277 superius
1221 2237 1240 2255 ‘¹'
1262 2237 1318 2268 ha-

261 2279 343 2310 bitae
365 2280 404 2310 de
427 2279 530 2320 specie
553 2286 755 2319 peccatorum
779 2289 815 2310 ex
837 2279 900 2310 fine
922 2290 977 2311 seu
1002 2281 1125 2317 obiecto
1141 2281 1272 2312 intento.

315 2323 369 2354 Vl.
387 2323 478 2360 Quae
493 2329 599 2353 autem
613 2323 645 2353 in
663 2323 849 2363 oppositum
864 2323 1010 2355 videntur
1024 2324 1171 2355 Auctoris
1187 2326 1280 2355 verba
1290 2325 1317 2361 *,

261 2366 351 2398 facile
374 2367 588 2407 explanantur.
619 2368 702 2397 Nam
725 2367 814 2407 quod
837 2367 869 2397 in
892 2368 1088 2408 praecedenti
1115 2368 1247 2399 articulo
1272 2369 1318 2399 di-

261 2417 349 2442 ctum
371 2417 431 2446 est,
456 2411 546 2451 quod
568 2411 744 2450 ignorantia
766 2411 880 2441 tollens
909 2411 1045 2442 totaliter
1067 2422 1163 2442 usum
1190 2412 1318 2443 rationis

261 2461 386 2485 excusat
408 2464 427 2484 a
449 2461 528 2490 toto,
549 2461 595 2485 est
609 2464 719 2484 verum
739 2464 794 2494 per
809 2465 842 2485 se
857 2455 1036 2495 loquendo:
1061 2455 1216 2496 quoniam
1231 2463 1318 2487 actus

260 2508 279 2529 a
299 2498 354 2529 tali
370 2498 452 2535 facti,
469 2507 526 2538 per
544 2508 577 2528 se
595 2498 768 2539 loquendo,
786 2508 852 2528 non
868 2505 942 2529 sunt
955 2499 1097 2530 humani.
1122 2499 1183 2530 Sed
1199 2510 1254 2540 per
1269 2510 1318 2531 ac-

260 2541 365 2573 cidens
389 2541 542 2582 contingit
564 2552 630 2572 non
658 2542 813 2572 excusari:
839 2552 912 2572 cum
937 2543 1022 2573 enim
1048 2543 1241 2582 ignorantiae
1264 2544 1318 2574 tali

260 2585 463 2626 coniungitur
485 2587 572 2626 quod
597 2592 643 2616 est
664 2586 840 2616 voluntaria
863 2586 1068 2626 culpabiliter,
1091 2593 1177 2623 tunc,
1197 2587 1317 2618 ratione

258 2629 348 2660 istius
370 2629 547 2666 accidentis,
571 2639 636 2659 non
661 2636 786 2660 excusat
808 2640 825 2659 a
848 2636 927 2660 toto.
951 2630 993 2660 Et
1010 2630 1071 2661 hoc
1089 2630 1140 2661 hic
1159 2631 1280 2662 dicitur.

315 2673 412 2710 Quod
435 2673 529 2704 etiam
557 2673 674 2713 pluries
702 2673 822 2704 dicatur
851 2674 889 2703 ab
912 2676 1051 2704 Auctore
1080 2673 1113 2704 in
1142 2674 1228 2705 ebrio
1251 2675 1317 2705 duo

259 2723 386 2756 peccata
407 2716 554 2752 inveniri,
579 2717 696 2747 scilicet
723 2717 903 2748 ebrietatem
926 2724 956 2748 et
978 2724 1143 2757 peccatum
1166 2727 1316 2759 sequens;

260 2759 499 2800 intelligendum
523 2766 569 2790 est
591 2760 767 2791 secundum
791 2761 963 2792 subiectam
987 2761 1160 2798 materiam,
1176 2762 1256 2793 idest
1270 2772 1317 2792 se-

261 2804 402 2834 cundum
425 2813 458 2834 se
482 2804 547 2834 duo
571 2810 710 2844 peccata:
735 2814 800 2834 non
816 2805 905 2845 quod
923 2804 955 2834 in
973 2804 1035 2835 hoc
1050 2804 1202 2836 retineant
1217 2806 1318 2836 duali-

260 2853 367 2884 tatem,
392 2848 447 2877 sed
469 2847 602 2878 alterum
616 2847 725 2878 transit
746 2847 779 2878 in
803 2848 1068 2879 circumstantiam
1090 2849 1194 2889 primi.
1219 2849 1314 2890 Cogi-

259 2901 333 2921 mur
355 2897 461 2921 autem
477 2891 509 2920 in
528 2891 586 2921 hac
602 2891 730 2922 materia
744 2891 792 2921 his
808 2892 970 2923 vocabulis
986 2892 1042 2928 uti,
1059 2899 1095 2923 ut
1110 2893 1314 2924 ostendamus

260 2934 349 2975 quod
372 2944 453 2975 quae
477 2935 652 2965 secundum
668 2945 700 2966 se
719 2942 793 2965 sunt
814 2943 950 2975 peccata,
967 2936 1136 2966 voluntarii
1158 2937 1315 2967 rationem

259 2978 397 3009 induunt
420 2978 514 3008 etiam
538 2985 662 3008 causata
685 2979 723 3009 ab
747 2979 931 3010 huiusmodi
954 2980 1147 3020 ignorantiae
1168 2987 1314 3020 peccato;

260 3029 290 3053 et
313 3021 548 3062 comparatione
571 3022 735 3063 utriusque
753 3023 872 3062 peccati
895 3024 934 3054 ad
957 3023 1102 3060 invicem,
1120 3024 1314 3064 comparatio

260 3066 344 3096 enim
361 3065 593 3097 distinctionem
613 3072 824 3096 extremorum
847 3067 955 3107 exigit;
979 3067 1144 3108 loquentes
1161 3074 1196 3098 ut
1212 3067 1314 3103 multi,

258 3109 465 3149 intelligentes
488 3116 524 3139 ut
546 3109 711 3148 sapientes.

313 3153 380 3184 VII.
404 3153 452 3183 De
475 3153 608 3193 peccatis
630 3163 706 3183 vero
734 3163 816 3194 quae
843 3152 924 3184 fiunt
951 3163 988 3184 ex
1014 3154 1162 3194 culpabili
1186 3161 1315 3194 propter

258 3197 481 3237 negligentiam
504 3196 680 3236 ignorantia
702 3196 784 3233 facti,
809 3203 845 3227 ut
867 3207 942 3227 cum
963 3207 1076 3228 vacans
1092 3198 1252 3228 venationi
1268 3208 1314 3228 sa-

258 3241 348 3281 gittat
369 3240 534 3271 hominem
556 3240 629 3270 loco
653 3240 734 3270 cervi
757 3249 793 3270 ex
815 3240 1129 3280 incircumspectione
1144 3240 1172 3277 ³,
1197 3251 1235 3271 an
1253 3241 1315 3272 sint

259 3284 399 3315 eiusdem
415 3284 529 3324 speciei
548 3283 636 3315 cuius
653 3290 754 3314 essent
769 3283 847 3314 facta
863 3293 881 3313 a
895 3283 1026 3314 sciente:
1051 3283 1220 3314 dicendum
1234 3291 1314 3316 esset

259 3328 347 3369 quod
366 3338 441 3364 non,
466 3328 520 3358 sed
544 3334 684 3367 spectant
699 3327 738 3357 acl
753 3327 870 3367 species
887 3333 1089 3367 peccatorum
1105 3327 1218 3358 directe
1234 3328 1312 3358 voli-

258 3378 375 3408 torum,
399 3378 477 3412 puta
499 3371 673 3402 venationis
697 3371 901 3412 periculosae,
926 3378 956 3401 et
971 3370 1122 3401 similium
1139 3378 1277 3407 actuum,
1295 3381 1313 3401 a

259 3415 374 3456 quibus
396 3416 449 3446 illa
465 3422 590 3455 peccata
606 3421 782 3445 causantur.
806 3415 846 3445 Et
861 3414 940 3445 ratio
957 3420 1003 3444 est
1025 3414 1099 3454 quia
1122 3414 1194 3454 plus
1210 3414 1313 3455 requi-

258 3459 336 3490 ritur
358 3459 398 3489 ad
421 3459 576 3490 rationem
600 3457 713 3499 speciei
737 3458 892 3498 propriae,
917 3468 1014 3498 quam
1032 3458 1110 3488 ratio
1126 3457 1311 3488 voluntarii:

259 3509 384 3543 oportet
407 3503 492 3534 enim
516 3513 582 3533 esse
605 3513 660 3543 per
683 3512 715 3532 se
738 3502 894 3532 intentum
913 3501 945 3532 id
962 3502 1045 3532 unde
1061 3501 1179 3542 species
1195 3501 1312 3541 peccati

2370 196 2415 242 59

1365 274 1509 305 sumitur.
1533 275 1625 305 Unde
1647 274 1719 305 licet
1733 274 1791 304 ista
1809 280 1935 314 peccata
1951 274 2012 304 sint
2026 273 2201 303 voluntaria
2215 273 2247 303 in
2266 273 2330 303 suis
2346 283 2416 303 cau-

1366 317 1416 353 sis,
1437 318 1510 358 quia
1525 325 1630 348 tamen
1647 328 1711 348 non
1732 325 1805 348 sunt
1819 317 1995 348 voluntaria
2010 317 2042 347 in
2060 316 2177 356 seipsis,
2194 327 2259 347 non
2275 324 2348 348 sunt
2363 327 2418 357 per

1366 371 1398 390 se
1421 361 1557 392 intenta:
1582 371 1616 392 ac
1635 371 1691 402 per
1709 361 1780 398 hoc,
1797 371 1862 391 non
1878 368 1951 391 sunt
1967 361 2141 391 secundum
2160 370 2192 391 se
2209 368 2344 400 peccata,
2361 371 2418 391 nec

1367 410 1402 433 ut
1421 411 1506 434 actus
1523 405 1615 435 eliciti
1638 415 1704 435 nec»
1714 412 1750 436 ut
1767 412 1853 436 actus
1869 404 2021 445 imperati.
2042 404 2103 435 Sed
2119 411 2192 434 sunt
2207 411 2346 440 eventus,
2362 414 2417 435 seu

1367 446 1492 477 effectus
1507 455 1718 487 peccatorum,
1736 459 1801 479 non
1820 448 1951 488 praevisi
1968 458 2024 478 nec
2039 447 2159 483 intenti,
2173 448 2316 488 quamvis
2330 458 2417 488 prae-

1366 489 1514 519 visibiles:
1540 501 1574 521 ac
1597 501 1652 530 per
1675 492 1735 522 hoc
1759 492 2006 523 circumstantiae
2030 499 2246 531 aggravantes,
2270 501 2335 522 non
2358 498 2417 522 tra-

1367 533 1475 562 hentes
1495 540 1598 564 tamen
1614 535 1646 564 in
1663 545 1733 565 suas
1750 535 1876 575 species,
1901 536 1955 566 sed
1979 535 2138 566 distractae
2154 535 2186 565 in
2203 545 2331 565 suarum
2346 546 2416 566 cau-

1368 585 1473 605 sarum
1490 577 1616 616 species.
1629 595 1650 600 -
1662 578 1803 608 Sumitur
1818 579 1911 609 etiam
1927 589 1963 609 ex
1978 579 2078 609 littera
2093 578 2186 609 huius
2203 578 2322 609 articuli
2339 579 2416 609 ratio

1368 619 1407 648 ad
1423 619 1507 648 idem
1523 630 1559 649 ex
1574 627 1659 659 parte
1678 621 1880 660 ignorantiae,
1897 632 1933 652 ex
1948 623 2008 652 illis
2022 622 2138 652 verbis:
2162 622 2241 652 Cum
2257 624 2339 653 enim
2359 623 2417 653 ali-

1369 662 1444 702 quid
1460 672 1527 693 esse
1536 669 1702 702 peccatum
1720 666 1900 705 ignoratur,
1914 676 1974 696 non
1983 671 2086 706 potest
2100 666 2162 696 dici
2176 666 2260 706 quod
2271 667 2418 697 voluntas

1369 706 1486 736 directe
1507 711 1537 736 et
1554 716 1616 746 per
1630 717 1665 737 se
1677 707 1814 747 feratur
1829 710 1862 738 in
1872 715 2050 748 peccatum,
2066 710 2122 740 sed
2130 719 2193 749 per
2207 710 2372 741 accidens:
2387 717 2418 741 et

1369 749 1511 789 loquitur
1533 750 1571 779 de
1594 750 1768 790 ignorantia
1791 752 1965 782 voluntaria
1988 753 2135 783 indirecte
2159 760 2189 783 et
2212 754 2415 793 culpabiliter.

1369 793 1415 822 Ex
1438 793 1552 833 quibus
1576 793 1708 824 habetur
1726 795 1813 834 quod
1832 795 1864 824 in
1887 795 1919 825 id
1935 797 2022 835 quod
2044 797 2218 835 ignorantia
2234 797 2418 828 huiusmodi

1368 836 1498 872 velatur,
1519 846 1583 866 non
1601 847 1655 876 per
1678 847 1720 873 se,
1745 838 1798 867 sed
1822 848 1877 877 per
1900 839 2040 869 accidens
2057 840 2203 870 voluntas
2226 840 2339 871 fertur:
2362 851 2419 881 par

1370 880 1453 910 enim
1469 887 1515 910 est
1529 881 1607 910 ratio
1625 881 1662 910 de
1678 888 1816 920 peccato,
1841 888 1871 911 et
1893 892 2096 922 quocumque
2120 883 2191 914 alio.
2216 884 2256 914 Et
2271 885 2323 920 sic,
2344 895 2417 915 cum

1370 924 1598 963 cointelligatur
1621 924 1715 954 altera
1738 926 1914 964 supradicta
1928 925 1959 961 *‚
1985 926 2099 956 scilicet
2122 927 2211 966 quod
2233 929 2270 957 ab
2294 928 2419 959 intentis

1370 977 1425 1006 per
1439 967 1581 997 accidens
1598 977 1662 997 non
1679 967 1895 1007 specificantur
1906 976 1993 999 actus
2009 969 2156 1005 morales;
2174 977 2320 1010 sequetur
2332 973 2418 1012 quod

1370 1011 1524 1050 sagittatio
1540 1011 1593 1041 illa
1607 1012 1767 1041 temeraria
1785 1022 1849 1042 non
1865 1011 2090 1052 specificabitur
2108 1013 2145 1043 ab
2161 1011 2331 1044 homicidio
2348 1017 2419 1046 sub-

1369 1061 1477 1084 secuto
1502 1065 1538 1084 ex
1560 1055 1735 1094 ignorantia
1757 1055 1824 1092 illa;
1845 1057 1898 1086 sed
1922 1056 1978 1086 erit
2000 1056 2229 1087 circumstantia
2252 1058 2342 1098 quid,
2367 1069 2420 1099 ag-

1369 1108 1499 1137 gravans
1522 1099 1612 1128 valde
1636 1106 1750 1129 actum.

1425 1142 1471 1171 Ex
1494 1142 1541 1171 his
1565 1149 1670 1172 autem
1694 1143 1788 1173 habes
1805 1143 2009 1173 differentiam
2024 1143 2186 1173 velaminis
2201 1143 2280 1175 inter
2295 1153 2420 1184 peccata

1370 1185 1474 1225 primo
1499 1186 1636 1216 discussa
1653 1196 1690 1216 ex
1704 1186 1879 1226 ignorantia
1897 1187 1972 1217 iuris
1988 1187 2018 1222 *,
2043 1194 2073 1217 et
2091 1187 2166 1217 haec
2190 1197 2226 1217 ex
2248 1188 2422 1228 ignorantia

1370 1229 1452 1259 facti.
1478 1229 1562 1266 Quia
1583 1229 1615 1259 in
1638 1230 1698 1259 illis
1722 1230 1896 1270 ignorantia
1915 1241 1981 1260 non
1995 1231 2078 1261 velat
2093 1231 2260 1267 obiectum,
2277 1234 2331 1262 sed
2346 1243 2419 1263 con-

1371 1273 1558 1303 trarietatem
1577 1274 1616 1303 ad
1638 1274 1740 1313 legem
1763 1284 1818 1304 seu
1833 1274 1995 1305 virtutem:
2020 1274 2052 1303 in
2072 1274 2137 1304 istis
2153 1274 2327 1314 ignorantia
2341 1277 2423 1308 velat

1372 1316 1540 1347 obiectum.
1564 1317 1605 1347 Et
1626 1317 1698 1347 ideo
1722 1318 1774 1347 illa
1797 1318 1830 1347 in
1853 1318 1963 1348 eadem
1986 1325 2059 1348 sunt
2081 1318 2192 1358 specie,
2216 1319 2274 1349 ista
2295 1330 2370 1356 non,
2387 1328 2422 1352 ut

1372 1360 1492 1390 dictum
1515 1367 1575 1391 est:
1601 1361 1674 1401 quia
1697 1362 1735 1391 ab
1759 1361 1882 1391 obiecto
1905 1371 1960 1401 per
1980 1371 2012 1391 se
2034 1361 2154 1392 intento
2178 1363 2295 1402 species
2319 1371 2372 1395 est.

1427 1404 1473 1434 Ex
1496 1404 1557 1434 hoc
1578 1411 1684 1435 tamen
1706 1405 1779 1435 loco
1802 1415 1842 1434 ne
1865 1404 1978 1434 fallaris
2001 1405 2153 1445 accipiens
2169 1406 2266 1445 quod,
2283 1407 2356 1447 quia
2372 1408 2422 1438 hic

1371 1454 1500 1478 venator
1523 1458 1588 1478 non
1608 1454 1654 1478 est
1676 1458 1746 1478 reus
1769 1448 1949 1484 homicidii,
1972 1455 2136 1489 propterea
2159 1459 2224 1479 non
2247 1450 2286 1480 sit
2307 1450 2422 1491 irregu-

1371 1491 1453 1527 laris,
1467 1498 1497 1522 et
1512 1491 1633 1522 similia.
1651 1492 1814 1528 Quoniam
1827 1501 2036 1532 unaquaeque
2052 1502 2099 1522 ars
2115 1493 2248 1532 propriis
2263 1495 2423 1525 vocabulis

1371 1536 1501 1574 gaudet;
1526 1541 1556 1565 et
1577 1535 1610 1565 in
1633 1535 1709 1571 iure,
1733 1535 1787 1566 ubi
1810 1535 1878 1565 talis
1901 1543 2031 1565 vocatur
2045 1536 2202 1566 homicida
2218 1537 2422 1575 voluntarius,

1372 1579 1414 1609 ita
1429 1586 1474 1609 est
1488 1579 1658 1609 vocandus.
1679 1579 1714 1608 In
1733 1579 1934 1618 philosophia
1950 1586 2055 1609 autem
2071 1580 2191 1616 morali,
2209 1580 2247 1610 de
2263 1581 2423 1620 speciebus

1372 1629 1573 1662 peccatorum
1588 1622 1758 1659 disserenti,
1776 1633 1832 1653 sua
1851 1623 2002 1663 quodque
2019 1623 2120 1663 specie
2135 1624 2315 1654 vocandum
2333 1632 2421 1662 esset,

1372 1666 1397 1696 si
1420 1676 1538 1696 nomen
1561 1666 1662 1696 habet.

1427 1710 1508 1740 VIII.
1532 1710 1579 1740 De
1603 1710 1736 1750 peccatis
1756 1710 1885 1739 demum
1909 1720 1989 1750 quae
2007 1710 2087 1740 fiunt
2108 1720 2144 1740 ex
2159 1711 2334 1750 ignorantia
2348 1712 2423 1742 iuris

1373 1753 1508 1793 positivi,
1532 1763 1613 1793 quae
1635 1763 1701 1783 non
1717 1754 1892 1784 secundum
1907 1764 1939 1783 se
1958 1761 2032 1784 sunt
2046 1754 2138 1787 mala,
2154 1755 2207 1784 sed
2227 1755 2332 1785 solum
2348 1756 2421 1796 quia

1373 1797 1529 1836 prohibita
1543 1797 1569 1832 *,
1595 1797 1856 1827 considerandum
1876 1804 1955 1827 esset
1978 1804 2217 1837 consequenter;
2242 1799 2359 1835 addito,
2383 1809 2422 1829 an

1371 1841 1547 1880 ignorantia
1567 1841 1649 1871 velet
1672 1841 1831 1871 obiectum
1854 1841 1985 1871 formale
2003 1841 2087 1871 illius
2103 1848 2189 1871 actus
2212 1848 2248 1872 ut
2263 1849 2309 1873 est
2323 1842 2354 1872 in
2371 1853 2422 1882 ge-

1373 1894 1445 1914 nere
1472 1884 1585 1920 moris,
1610 1894 1649 1914 an
1672 1885 1754 1914 velet
1781 1885 1883 1914 solam
1911 1885 2158 1915 contrarietatem
2187 1885 2225 1915 ad
2251 1885 2362 1925 legem.
2390 1887 2422 1917 Si

1373 1928 1457 1958 enim
1473 1928 1539 1958 sola
1555 1927 1752 1958 contrarietas
1764 1928 1892 1964 velatur,
1910 1928 2050 1958 eiusdem
2066 1935 2139 1958 sunt
2154 1929 2267 1968 speciei
2279 1940 2296 1959 a
2308 1930 2422 1960 sciente

1374 1978 1404 2002 et
1425 1972 1587 2011 ignorante
1611 1971 1708 2002 facta:
1734 1971 1759 2001 si
1782 1981 1855 2002 vero
1876 1972 2035 2002 obiectum
2057 1972 2189 2002 formale
2208 1972 2336 2009 velatur,
2357 1983 2423 2003 non

1373 2022 1446 2045 sunt
1462 2015 1602 2045 eiusdem
1617 2015 1739 2055 speciei,
1757 2022 1792 2046 ut
1805 2022 1891 2055 patet
1906 2025 1942 2045 ex
1957 2016 2117 2046 antedictis
2131 2015 2157 2046 *.
2177 2017 2227 2046 Ad
2243 2016 2303 2047 hoc
2318 2024 2423 2047 autem

1373 2059 1631 2095 discernendum,
1656 2058 1801 2089 effectum
1827 2059 1903 2089 iuris
1931 2059 2056 2099 positivi
2085 2059 2117 2089 in
2146 2066 2216 2090 actu
2247 2066 2276 2090 et
2299 2061 2422 2091 obiecto

1373 2109 1498 2142 oportet
1520 2102 1632 2133 videre.
1658 2102 1690 2133 Si
1713 2102 1797 2133 enim
1820 2103 1869 2133 lex
1892 2103 2053 2133 constituit
2079 2103 2232 2133 rationem
2255 2103 2421 2134 formalem

1373 2146 1495 2182 obiecti,
1512 2152 1596 2186 patet
1610 2147 1698 2186 quod
1713 2146 1888 2186 ignorantia
1901 2147 1983 2177 velat
1997 2147 2171 2177 obiectum:
2189 2147 2214 2177 si
2230 2154 2336 2178 autem
2352 2158 2424 2178 con-

1372 2190 1471 2220 stituit
1483 2190 1584 2220 solam
1596 2190 1791 2220 aversionem
1806 2191 1845 2220 ab
1858 2190 1926 2230 ipsa
1937 2191 1987 2220 vel
2003 2191 2241 2221 conversionem
2256 2192 2295 2221 ad
2310 2191 2421 2231 ipsam,

1372 2241 1457 2273 patet
1479 2234 1566 2274 quod
1587 2233 1763 2273 ignorantia
1786 2243 1851 2264 non
1874 2234 1956 2264 velat
1971 2234 2139 2270 obiectum,
2157 2235 2211 2264 sed
2227 2235 2422 2265 contrarieta-

1371 2284 1446 2308 tem.
1471 2277 1556 2308 Cum
1578 2277 1673 2317 igitur
1691 2277 1779 2318 quod
1794 2278 1861 2317 lege
1880 2277 2017 2317 ponitur,
2035 2284 2070 2308 ut
2083 2284 2168 2317 patet
2183 2278 2215 2307 in
2230 2278 2259 2309 V
2274 2279 2376 2309 Ethic.
2393 2278 2421 2314 ‘¹‘,

1372 2321 1411 2351 sit
1433 2321 1466 2352 id
1488 2321 1571 2361 quod
1592 2331 1612 2351 a
1630 2322 1789 2361 principio
1818 2322 1897 2352 nihil
1926 2321 2034 2361 differt
2059 2326 2166 2351 utrum
2189 2323 2234 2352 sic
2257 2322 2307 2352 vel
2328 2323 2423 2352 aliter

1360 2365 1437 2406 fiat,
1455 2365 1510 2395 sed
1526 2370 1601 2404 post
1623 2366 1724 2406 legem
1748 2364 1858 2405 dzffert
1878 2366 1925 2395 sic
1947 2366 1997 2396 vel
2018 2365 2122 2402 aliter,
2143 2365 2282 2396 bonitate
2305 2372 2335 2395 et
2357 2376 2422 2396 ma-

1370 2409 1435 2439 litia
1459 2408 1588 2444 morali;
1613 2415 1739 2448 oportet
1760 2409 1849 2449 quod
1864 2418 1900 2439 ex
1915 2409 1946 2438 vi
1964 2408 2040 2448 legis
2053 2408 2237 2439 huiusmodi
2253 2409 2422 2440 collocetur

1370 2453 1401 2482 in
1425 2462 1536 2492 genere
1559 2452 1634 2482 boni
1656 2452 1707 2482 vel
1725 2452 1799 2482 mali
1818 2452 1955 2482 moralis.
1979 2453 2020 2483 Et
2035 2462 2108 2482 cum
2122 2452 2180 2482 ista
2196 2453 2369 2489 collocatio,
2387 2460 2422 2483 ut

1371 2496 1482 2526 dicitur
1498 2495 1627 2526 inferius
1642 2495 1659 2515 *
1680 2495 1713 2525 in
1731 2502 1861 2527 tractatu
1878 2497 1916 2526 de
1939 2496 2016 2535 lege,
2033 2495 2086 2526 fiat
2101 2506 2156 2535 per
2174 2497 2308 2526 modum
2324 2497 2420 2527 deter-

1371 2539 1551 2570 minationis
1573 2539 1694 2569 formae
1710 2539 1889 2570 communis
1905 2540 1944 2570 ad
1959 2539 2140 2580 specialem;
2166 2549 2359 2580 consequens
2376 2547 2422 2571 est

1371 2591 1406 2614 ut
1428 2584 1477 2614 lex
1499 2593 1565 2613 non
1588 2583 1694 2613 solum
1716 2593 1829 2623 genus,
1855 2583 1908 2613 sed
1931 2583 2068 2623 speciem
2090 2583 2209 2613 actibus
2235 2583 2419 2614 huiusmodi

1370 2628 1515 2668 praebeat
1541 2627 1710 2665 moralem,
1733 2637 1799 2657 non
1828 2627 1970 2657 faciendo
1998 2637 2113 2657 novam
2141 2627 2277 2667 speciem
2299 2627 2419 2658 virtutis

1370 2679 1424 2702 aut
1438 2671 1514 2707 vitii,
1530 2671 1584 2700 sed
1604 2671 1791 2711 applicando
1812 2681 1867 2701 seu
1883 2671 2077 2701 extendendo
2099 2670 2335 2710 praeexistentes
2351 2681 2419 2710 spe-

1371 2715 1431 2745 cies
1446 2715 1599 2745 virtutum
1621 2721 1651 2744 et
1665 2714 1815 2745 vitiorum
1830 2715 1870 2744 ad
1890 2715 2075 2745 huiusmodi
2090 2721 2187 2745 actus.
2204 2714 2296 2744 Verbi
2310 2714 2417 2753 gratia,

1369 2759 1419 2789 ius
1442 2765 1580 2789 statuens
1603 2759 1692 2798 quod
1711 2768 1784 2788 cum
1797 2758 1917 2788 lumine
1941 2765 1971 2789 et
1993 2758 2081 2794 stola,
2103 2758 2215 2793 casula,
2232 2764 2300 2795 etc.,
2324 2757 2418 2787 missa

1370 2803 1549 2838 celebretur,
1574 2802 1709 2842 applicat
1731 2802 1890 2841 religionis
1913 2802 2049 2841 speciem
2068 2802 2107 2831 ad
2121 2801 2197 2831 istos
2214 2807 2308 2836 actus,
2327 2808 2357 2831 et
2372 2811 2418 2831 sa-

1369 2846 1484 2886 crilegii
1506 2845 1619 2876 vitium
1643 2846 1681 2875 ad
1705 2845 1880 2886 oppositos.
1904 2846 1945 2876 Et
1967 2845 2107 2875 similiter
2129 2851 2265 2875 statuens
2288 2844 2416 2880 ieiunia,

1369 2890 1504 2930 applicat
1520 2889 1742 2929 temperantiae
1757 2889 1893 2929 speciem
1906 2889 1946 2919 ad
1960 2889 2086 2919 unicam
2102 2888 2326 2918 comestionem
2340 2887 2418 2918 hora

1368 2943 1470 2964 nonae
1494 2934 1611 2974 absque
1635 2933 1790 2971 carnibus,
1814 2940 1843 2963 et
1865 2932 2135 2972 intemperantiam
2153 2931 2192 2961 ad
2207 2931 2273 2961 eius
2289 2931 2417 2971 opposi-

1367 2984 1447 3008 tum.
1471 2978 1512 3008 Et
1534 2977 1577 3007 sic
1601 2977 1639 3007 de
1662 2976 1740 3007 aliis.

1422 3021 1469 3051 Ex
1492 3021 1553 3051 hoc
1577 3027 1682 3051 autem
1705 3026 1790 3060 patet
1813 3019 1983 3050 differentia
2011 3019 2090 3049 inter
2117 3025 2241 3058 peccata
2265 3027 2301 3047 ex
2329 3017 2417 3058 igno·

1369 3065 1467 3095 rantia
1489 3064 1564 3095 iuris
1589 3064 1668 3094 facta
1691 3064 1866 3094 secundum
1889 3073 1921 3093 se
1943 3063 2034 3098 mala,
2059 3068 2089 3092 et
2111 3072 2176 3091 non
2194 3061 2369 3092 secundum
2386 3071 2418 3091 se

1367 3109 1459 3144 mala,
1483 3108 1591 3148 quoad
1613 3108 1765 3138 velamen.
1790 3107 1873 3144 Quia
1895 3106 1927 3136 in
1946 3106 2119 3136 secundum
2135 3115 2167 3135 se
2188 3105 2287 3141 malis,
2304 3105 2418 3136 scitum

1367 3159 1414 3182 est
1435 3152 1468 3182 id
1492 3152 1575 3182 unde
1599 3151 1715 3191 species
1739 3150 1855 3190 peccati
1874 3150 2017 3185 sumitur,
2038 3149 2111 3189 quia
2127 3156 2172 3179 est
2188 3148 2347 3179 obiectum
2370 3158 2418 3179 se—

1367 3195 1509 3226 cundum
1532 3205 1564 3225 se
1588 3195 1750 3224 dissonans
1772 3193 1902 3224 rationi:
1925 3193 2063 3223 velatum
2086 3199 2192 3223 autem
2209 3198 2255 3222 est
2271 3192 2339 3232 ipsa
2353 3192 2416 3222 dis-

1367 3239 1519 3274 sonantia,
1544 3245 1580 3268 ut
1602 3244 1686 3277 patet
1701 3247 1737 3267 ex
1752 3237 1840 3267 dictis
1857 3236 1883 3267 *.
1908 3237 1942 3266 In
1957 3236 2022 3267 istis
2038 3243 2144 3267 autem
2160 3246 2226 3266 non
2242 3236 2418 3266 secundum

1367 3293 1399 3313 se
1422 3282 1522 3318 malis,
1547 3281 1659 3311 scitum
1683 3280 1760 3310 nihil
1783 3280 1898 3310 claudit
1920 3280 2003 3310 unde
2027 3279 2144 3319 species
2167 3279 2295 3320 peccati,
2315 3279 2416 3310 immo

1367 3336 1423 3356 nec
1451 3335 1549 3365 genus
1580 3324 1676 3354 moris
1704 3323 1853 3354 sumitur:
1879 3330 1914 3354 ut
1936 3330 2021 3363 patet
2048 3323 2080 3353 in
2109 3323 2292 3354 comedente
2315 3323 2361 3353 bis
2385 3324 2417 3353 in

1366 3369 1475 3399 diebus
1489 3367 1596 3398 ieiunii
1620 3377 1656 3398 ex
1674 3367 1849 3407 ignorantia
1870 3367 1955 3398 iuris.
1980 3367 2100 3398 Scitum
2116 3367 2199 3397 enirn
2217 3368 2255 3397 ab
2271 3367 2332 3397 hoc
2351 3377 2417 3397 non

1366 3418 1412 3442 est
1434 3412 1507 3442 bina
1531 3411 1682 3442 comestio
1706 3411 1846 3441 carnium
1869 3411 1979 3441 hodie:
2005 3417 2126 3441 constat
2149 3410 2233 3441 enim
2249 3411 2337 3451 quod
2355 3410 2416 3440 hoc

1366 3462 1470 3486 totum
1493 3455 1571 3485 nihil
1594 3455 1725 3486 includit
1748 3455 1922 3485 dissonans.
1945 3454 2013 3485 Nisi
2036 3454 2106 3495 quis
2130 3454 2211 3485 dicat
2226 3454 2313 3495 quod
2335 3454 2367 3484 in
2384 3454 2415 3494 ly

1365 3499 1467 3537 hodie,
1491 3499 1565 3540 quia
1588 3498 1739 3539 significat
1757 3505 1882 3539 tempus
1898 3498 2015 3535 ieiunii,
2032 3498 2186 3529 clauditur
2200 3498 2283 3529 unde
2299 3497 2415 3538 species

2446 934 2455 942 '
2465 932 2501 954 cf.
2510 939 2573 954 num.
2583 939 2597 954 v
2607 933 2655 960 fin„

2446 963 2467 980 et
2482 959 2526 981 loc.
2540 959 2571 980 ibi
2586 959 2625 981 cit.

2447 1195 2458 1205 ⁸⁸
2466 1194 2502 1216 Cf.
2513 1201 2575 1217 num.
2585 1201 2610 1222 ιι,
2621 1201 2654 1217 ιιι.

2448 1803 2459 1815 ⁸
2466 1804 2656 1832 Cf.num.11‚init.

2451 2022 2460 2031 ·
2467 2021 2502 2043 Cf.
2512 2027 2575 2043 num.
2582 2027 2656 2050 praec.

2449 2280 2458 2288 ·
2470 2279 2501 2300 Ca
2521 2285 2576 2305 .v11,
2589 2285 2612 2300 n.
2623 2286 2656 2301 ι.-

2449 2305 2501 2327 8.Τ
2520 2321 2526 2327 .
2540 2306 2591 2327 leet.
2604 2312 2645 2327 xii.

2447 2503 2456 2512 “
2472 2501 2520 2528 Qu.
2540 2507 2596 2529 xcv,
2611 2506 2652 2524 art.

2443 3240 2454 3251 ³
2463 3239 2532 3261 Num.
2543 3245 2567 3265 u,
2583 3245 2618 3260 ιιι.
