2840 4010
889 184 1153 231 QUAESTIO
1182 186 1354 233 LXXIII,
1383 187 1676 225 ARTICULUS
1705 189 1789 224 VIII
2374 191 2415 226 31

258 260 328 298 tuit
353 268 550 308 peccatum
581 261 686 298 furti:
717 261 747 298 si
776 270 902 299 autem
936 263 1096 300 addatur
1123 265 1218 300 haec
1247 264 1315 300 cir-

260 312 494 360 cumstantia,
514 321 556 350 ut
574 315 735 350 multum
756 315 913 363 accipiat
932 315 978 352 de
999 315 1133 362 alieno,
1156 323 1211 351 est
1227 327 1314 364 pec-

259 372 386 402 catum
405 365 576 412 gravius;
605 367 779 414 quamvis
798 367 968 416 accipere
987 369 1150 404 multum
1172 368 1230 404 vel
1250 380 1325 415 pa<

216 448 222 452 .
259 429 360 464 rum,
391 417 439 454 de
465 430 506 454 se
535 430 613 455 non
641 419 739 456 dicat
766 420 950 456 rationem
979 420 1070 456 boni
1097 420 1159 455 vel
1187 419 1286 456 mali.

310 471 370 506 An
399 482 535 507 prunum
563 483 661 508 ERGO
685 483 868 508 monimum
886 471 991 520 quod
1011 471 1136 519 aliqua
1156 471 1314 507 circum-

20 526 94 574 {09¹⁸
108 528 231 553 mmm.
258 522 393 559 stantia
421 523 486 559 dat
512 524 679 572 speciem
707 523 806 560 actui
834 523 980 570 morali,
1009 530 1050 559 ut
1071 535 1184 570 supra
1203 522 1223 544 ’¹‘
1250 523 1315 559 ha-

42 2199 57 2217 Χ

21 2117 116 2159 {Vec-
130 2124 155 2154 6,
168 2125 191 2148 8.

18 3222 38 3233 ²·
49 3221 108 3251 ῦιρ.
121 3227 168 3244 nv.

258 574 379 611 bitum
400 583 466 612 est.
483 596 508 603 -
523 576 572 612 Et
590 584 718 612 tamen
738 575 1015 612 circumstantia
1035 587 1134 622 quae
1153 587 1231 611 non
1252 575 1316 611 dat

258 627 436 675 speciem,
465 635 590 676 potest
616 640 821 676 aggravare
852 634 1063 675 peccatum.
1095 626 1195 673 Quia
1223 627 1316 663 sicut

258 679 407 716 bonitas
441 679 493 717 rei
521 693 600 717 non
632 681 757 717 solum
788 686 970 727 pensatur
998 691 1041 716 ex
1071 691 1138 716 sua
1166 679 1313 727 specie,

259 732 327 768 sed
356 732 470 769 etiam
499 745 544 770 ex
573 732 699 780 aliquo
728 731 943 777 accidente;
974 732 1024 768 ita
1050 732 1192 768 malitia
1211 739 1315 768 actus

258 796 339 821 non
365 786 489 822 solum
517 791 698 833 pensatur
725 796 771 820 ex
799 784 924 832 specie
953 792 1077 831 actus,
1107 785 1175 821 sed
1204 784 1316 820 etiam

260 848 304 874 ex
333 836 622 874 circumstantia.

245 894 249 899 “
310 891 370 930 An
389 900 578 926 SECUNDUM
597 900 780 926 monimum
800 889 904 936 quod
926 896 1086 937 utroque
1108 889 1225 925 modo
1247 888 1315 925 cir-

259 941 483 978 cumstantia
510 949 635 990 potest
663 953 866 989 aggravare
895 949 1107 989 peccatum.
1144 941 1184 977 Si
1212 940 1314 977 enim

259 993 304 1030 sit
331 994 448 1041 mala,
478 1005 556 1030 non
590 1001 716 1030 tamen
749 1001 905 1042 propter
931 995 1007 1030 hoc
1035 1001 1184 1041 oportet
1212 993 1315 1040 quod

1368 277 1519 314 semper
1534 272 1551 287 <²
1577 267 1775 304 constituat
1797 267 1963 316 speciem
1982 268 2147 316 peccati:
2176 275 2300 316 potest
2319 269 2419 305 enirn

1369 318 1507 355 addere
1535 319 1720 356 rationem
1741 320 1901 357 malitiae
1921 320 1958 357 in
1978 322 2112 358 eadem
2133 321 2269 369 specie,
2298 329 2346 358 ut<
2367 321 2421 358 di-

1369 377 1469 406 ctum
1489 378 1544 407 est
1561 370 1591 407 ³¹⁶.
1623 371 1662 407 Si
1691 380 1816 409 autem
1846 385 1923 409 non
1951 373 1998 409 sit
2021 374 2131 419 mala,
2151 381 2274 422 potest
2293 385 2420 421 aggra-
2447 381 2495 402 '1¹¹
2512 387 2552 403 cor

1368 433 1457 458 vare
1486 420 1695 470 peccatum*
1708 424 1746 460 in
1765 425 1897 461 ordine
1917 425 1966 462 ad
1985 425 2164 462 malitiam
2185 425 2333 462 alterius
2354 426 2420 462 cir-

1370 475 1625 511 cumstantiae.

1421 527 1479 561 AD
1498 537 1655 563 TERTmM
1675 539 1857 566 mcssNDUM
1876 530 1979 578 quod
1999 530 2092 566 ratio
2112 530 2225 566 debet
2243 530 2418 567 ordinare

1370 584 1494 634 actum
1529 590 1605 615 non
1637 580 1762 616 solum
1800 589 1982 629 quantum
2020 583 2068 619 ad
2105 581 2318 628 obiectum,
2352 582 2418 619 sed

1371 635 1482 665 etiam
1502 638 1686 677 quantum
1706 632 1753 667 ad
1774 645 1908 670 omnes
1928 634 2234 671 circumstantias.
2264 635 2313 671 Et
2330 634 2418 671 ideo

1369 681 1518 717 aversio
1548 682 1736 728 quaedam
1764 696 1785 719 a
1814 686 1939 732 regula
1967 686 2119 723 rationis
2144 686 2345 723 attenditur
2363 699 2420 724 se-

1370 734 1538 770 cundum
1569 735 1848 782 corruptionem
1879 738 2074 774 cuiuslibet
2102 739 2417 775 circumstantiae:

1369 792 1460 832 puta
1488 785 1518 821 si
1546 785 1677 834 aliquis
1706 795 1882 835 operetur
1914 790 2065 837 quando
2095 803 2173 827 non
2201 791 2329 838 debet,
2357 792 2418 827 vel

1369 837 1434 873 ubi
1462 849 1540 874 non
1570 838 1692 875 debet.
1722 840 1770 876 Et
1796 840 2013 878 huiusmodi
2041 842 2188 878 aversio
2217 843 2352 880 sufficit
2370 843 2418 880 ad

1370 889 1554 926 rationem
1575 891 1675 927 mali.
1706 891 1814 928 Hanc
1838 900 1963 929 autern
1993 894 2231 930 aversionem
2251 907 2273 930 a
2292 896 2419 942 regula

1370 941 1533 988 rationis,
1563 943 1731 990 sequitur
1758 945 1904 980 aversio
1926 957 1948 981 a
1967 946 2062 991 Deo,
2085 946 2143 982 cui
2172 947 2283 982 debet
2301 948 2418 983 homo

1369 1006 1436 1041 per
1464 1002 1603 1031 rectam
1634 996 1816 1032 rationem
1847 997 2033 1044 coniungi.

311 1106 339 1138 α)
357 1113 469 1138 semper.
486 1119 506 1125 -
523 1106 584 1131 Om.
599 1106 644 1130 Pa.

1212 1184 1474 1192 animm«.

286 1279 331 1289 ,μ
383 1274 391 1276 3
440 1269 444 1271 ’
1034 1259 1350 1301 ARTICULUS
1380 1260 1650 1302 OCTAVUS

496 1391 502 1398 ,
539 1361 694 1392 UTRUM
718 1360 933 1391 GRAVITAS
956 1359 1140 1391 PECCATI
1165 1359 1403 1391 AUGEATUR
1426 1360 1660 1392 SECUNDUM
1683 1362 1813 1393 MAIUS
1836 1363 2143 1395 NOCUMENTUM

1177 1447 1273 1479 Supra,
1293 1455 1336 1479 qu.
1352 1455 1397 1475 xx,
1417 1453 1463 1472 art.
1479 1447 1501 1472 5.

299 1556 351 1591 ,ἢ
376 1555 447 1596 23«
470 1547 493 1571 D
513 1546 684 1572 oc'rAvum
704 1547 757 1572 Sic
777 1546 1014 1572 moeson-ua.
1034 1534 1194 1571 Videtur
1211 1534 1316 1582 quod

294 1588 338 1637 5421
354 1598 375 1628 ,ἃ
390 1578 447 1647 ’ἷρ
471 1587 632 1635 gravitas
651 1587 796 1636 peccati
811 1599 888 1624 non
908 1594 1088 1635 augeatur
1106 1587 1316 1623 secundum

270 1650 310 1690 „jv
342 1638 386 1671 κέ
419 1646 440 1680 ἢ
455 1638 459 1642 ”
473 1640 594 1677 maius
608 1648 893 1676 nocumentum.
911 1640 1197 1677 Nocumentum
1214 1639 1315 1675 enim

360 1696 365 1703 '
406 1685 528 1729 ›Kest
555 1692 712 1740 quidam
742 1699 898 1730 eventus
928 1704 1166 1740 consequens
1189 1699 1316 1729 actum

260 1744 417 1794 peccati.
448 1745 526 1782 Sed
554 1753 712 1782 eventus
741 1757 903 1793 sequens
925 1757 1002 1782 non
1021 1745 1125 1782 addit
1144 1745 1192 1781 ad
1211 1745 1317 1781 boni-

23 1804 234 1836 «Ωιι-,επιε-
261 1803 377 1834 tatem
404 1798 466 1834 vel
495 1797 677 1834 malitiam
708 1805 823 1844 actus,
848 1806 889 1834 ut
909 1809 1021 1846 supra
1039 1797 1060 1818 ²¹²
1088 1797 1229 1834 dictum
1251 1805 1316 1834 est.

261 1849 364 1897 Ergo
397 1858 598 1898 peccatum
634 1862 712 1887 non
747 1858 970 1898 aggravatur
1005 1857 1159 1898 propter
1195 1850 1318 1886 maius

261 1910 548 1940 nocumentum.

315 1966 352 1992 2.
380 1955 613 2003 Pam-mm,
639 1963 914 1992 nocumentum
938 1956 1101 1992 maxime
1129 1955 1319 1992 invenitur

261 2007 300 2045 in
314 2008 477 2057 peccatis
492 2021 591 2056 quae
610 2013 724 2045 sunt<²
745 2016 874 2045 contra
887 2008 1124 2057 proximum:
1145 2008 1234 2056 quia
1249 2008 1319 2044 sibi

261 2060 334 2110 ipsi
361 2072 477 2097 nemo
505 2062 587 2098 vult
614 2073 774 2106 nocere;
803 2062 887 2097 Deo
911 2068 1039 2097 autem
1059 2073 1175 2098 nemo
1194 2068 1319 2109 potest

262 2125 418 2160 nocere,
448 2114 660 2151 secundum
688 2113 779 2151 illud
807 2115 876 2150 Iob
898 2125 994 2150 xxxv
1013 2114 1049 2150 *z
1079 2113 1121 2150 Si
1145 2113 1317 2162 multipli-

262 2172 368 2204 catae
389 2167 535 2213 fuerint
561 2166 770 2215 iniquitates
797 2172 901 2212 tuae,
931 2166 1022 2215 quid
1034 2166 1161 2216 facies
1188 2172 1318 2203 contra

262 2217 399 2256 illum?
425 2219 606 2264 Homini,
636 2219 702 2267 qui
730 2219 860 2255 similis
887 2219 954 2256 tibi
978 2224 1050 2265 est,
1079 2219 1224 2256 nocebit
1250 2219 1318 2255 im-

255 2272 378 2320 pietas
397 2277 472 2308 tua.
495 2271 534 2308 Si
553 2283 642 2319 ergo
662 2279 862 2320 peccatum
881 2279 1148 2319 aggravaretur
1165 2279 1320 2320 propter

262 2323 386 2362 maius
413 2331 709 2371 nocumentum,
740 2331 959 2372 sequeretur
989 2324 1094 2372 quod
1120 2333 1319 2373 peccatum

263 2388 341 2427 quo
361 2377 446 2424 quis
470 2384 603 2426 peccat
630 2377 668 2413 in
694 2377 925 2425 proximum,
946 2384 1044 2414 esset
1062 2377 1213 2425 gravius
1231 2390 1318 2426 pec-

263 2437 348 2467 cato
376 2441 454 2477 quo
483 2429 566 2478 quis
595 2437 728 2478 peccat
755 2429 793 2466 in
812 2431 948 2477 ,Deum
974 2430 1038 2466 vel
1065 2430 1104 2466 in
1137 2430 1317 2479 seipsum.

318 2482 352 2520 3.
373 2483 606 2529 PRAETEREA,
629 2482 752 2518 maius
780 2490 1053 2519 nocumentum
1081 2482 1238 2519 infertur
1257 2483 1319 2519 ali-

265 2534 325 2572 cui
360 2546 447 2572 cum
481 2535 651 2583 privatur
678 2535 756 2571 vita
788 2535 946 2582 gratiae,
976 2547 1091 2583 quam
1125 2547 1213 2572 cum
1246 2535 1320 2584 pri-

261 2594 373 2625 vatur
399 2588 477 2625 vita
505 2595 681 2624 naturae:
712 2587 800 2636 quia
826 2587 903 2624 vita
935 2587 1075 2635 gratiae
1104 2596 1158 2624 est
1185 2588 1321 2625 melior

264 2651 380 2690 quam
408 2640 486 2677 vita
514 2648 683 2688 naturae,
712 2640 897 2676 intantum
927 2640 1031 2688 quod
1059 2641 1178 2678 homo
1207 2641 1321 2677 debet

262 2692 381 2731 vitam
410 2700 566 2730 naturae
595 2701 838 2730 contemnere
872 2705 919 2729 ne
940 2693 1083 2730 amittat
1101 2693 1219 2730 vitam
1239 2705 1319 2741 gra-

263 2745 350 2783 tiae.
385 2746 463 2782 Sed
490 2745 550 2782 ille
578 2745 643 2794 qui
674 2745 817 2782 inducit
850 2745 1014 2794 aliquam
1042 2746 1242 2782 mulierem
1271 2746 1319 2783 ad

263 2797 542 2845 fornicandum,
570 2806 754 2846 quantum
783 2806 839 2834 est
857 2798 904 2834 de
924 2810 976 2844 se,
995 2798 1119 2846 privat
1138 2810 1224 2835 eam
1243 2799 1320 2835 vita

263 2850 420 2898 gratiae,
450 2850 632 2887 inducens
661 2862 745 2888 eam
773 2851 822 2887 ad
850 2858 1049 2899 peccatum
1078 2851 1249 2888 mortale.
1280 2851 1320 2888 Si

263 2915 354 2951 ergo
381 2909 580 2952 peccatum
609 2911 708 2940 esset
742 2903 893 2951 gravius
921 2911 1075 2952 propter
1102 2903 1225 2940 maius
1253 2916 1320 2940 no-

264 2962 505 3002 cumentum,
534 2963 754 3004 sequeretur
785 2956 888 3004 quod
922 2955 1082 3004 simplex
1118 2956 1321 2993 fornicator

263 3007 415 3056 gravius
443 3015 618 3056 peccaret
645 3020 760 3056 quam
785 3008 993 3045 homicida:
1024 3009 1130 3056 quod
1159 3016 1214 3045 est
1240 3021 1320 3045 ma-

264 3061 395 3097 nifeste
427 3061 575 3096 falsum.
606 3061 698 3097 Non
726 3073 814 3108 ergo
847 3068 1047 3109 peccatum
1083 3068 1137 3097 est
1171 3061 1320 3108 gravius

262 3121 418 3162 propter
445 3112 568 3149 maius
597 3121 882 3150 nocumentum.

318 3166 392 3202 SED
421 3177 567 3202 CONTRA
593 3176 660 3201 EST
687 3165 791 3213 quod
818 3164 1050 3213 Augustinus
1075 3164 1172 3211 dicit,
1203 3165 1240 3202 in
1270 3167 1317 3201 ΙΙΙ

263 3218 309 3255 de
327 3219 409 3255 Lib.
433 3219 526 3255 Arh.
547 3217 586 3254 *z
621 3217 717 3259 Quia
743 3217 872 3254 vitium
902 3222 1062 3254 naturae
1087 3217 1319 3263 adversatur,

263 3276 406 3308 tantum
434 3271 583 3308 additur
610 3270 774 3307 malitiae
800 3269 995 3314 vitiorum,
1024 3275 1203 3317 quantum
1233 3270 1321 3306 inte-

262 3324 395 3373 gritati
416 3322 430 3352 β
458 3329 682 3360 naturarum
711 3323 902 3359 minuitur.
934 3322 1011 3358 Sed
1040 3321 1238 3358 diminutio
1267 3322 1321 3358 in-
1348 3333 1349 3367 ξ

263 3375 440 3424 tegritatis
474 3383 629 3413 naturae
664 3383 718 3412 est
753 3382 1037 3411 nocumentum.
1075 3375 1176 3421 Ergo
1215 3381 1317 3410 tanto

318 3490 344 3523 α)
363 3493 433 3515 sunt.
450 3490 554 3522 -fiunt
574 3490 623 3514 EF.

1370 1536 1520 1582 gravius
1558 1544 1613 1572 est
1644 1545 1860 1584 peccatum,
1890 1546 2030 1585 quanto
2065 1539 2186 1575 maius
2219 1546 2274 1575 est
2306 1552 2421 1576 nocu-

1371 1596 1551 1625 mentum.

1424 1642 1647 1678 szspormsso
1666 1653 1847 1678 DICENDUM
1876 1642 1979 1690 quod
2007 1651 2280 1680 nocumentum
2309 1645 2422 1692 tripli-

1372 1693 1461 1729 citer
1488 1705 1528 1730 se
1555 1694 1697 1730 habere
1724 1701 1849 1742 potest
1872 1695 1920 1731 ad
1938 1703 2149 1742 peccatum.
2180 1696 2422 1744 Quandoque

1373 1746 1471 1782 enirn
1501 1754 1772 1782 nocumentum
1794 1747 1898 1794 quod
1922 1748 2096 1794 provenit
2115 1760 2159 1784 ex
2178 1757 2345 1796 peccato,
2366 1757 2422 1786 est

1371 1799 1588 1846 praevisum
1618 1807 1653 1835 et
1677 1798 1882 1836 intentum:
1912 1799 2006 1836 sicut
2025 1812 2111 1836 curn
2132 1801 2263 1848 aliquis
2282 1802 2421 1850 aliquid

1373 1859 1548 1899 operatur
1576 1851 1704 1887 animo
1734 1851 1895 1888 nocendi
1924 1852 2046 1898 alteri,
2076 1860 2116 1888 ut
2143 1853 2334 1890 homicida
2360 1855 2422 1891 vel

1372 1904 1440 1940 fur.
1471 1904 1519 1940 Et
1546 1911 1635 1940 tunc
1663 1903 1801 1940 directe
1821 1904 2005 1951 quantitas
2025 1906 2242 1942 nocumenti
2263 1906 2422 1954 adauget

1372 1956 1592 2004 gravitatem
1624 1956 1788 2004 peccati:
1818 1956 1906 2004 quia
1939 1965 2027 1994 tunc
2062 1966 2334 1995 nocumentum
2368 1967 2423 1995 est

1372 2021 1440 2057 per
1468 2021 1507 2045 se
1536 2009 1725 2045 obiectum
1753 2009 1908 2058 peccati.

1425 2061 1666 2110 Quandoque
1686 2068 1812 2098 autem
1832 2069 2105 2098 nocumentum
2125 2070 2180 2099 est
2193 2064 2421 2111 praevisum,

1372 2114 1439 2150 secl
1458 2126 1535 2150 non
1555 2114 1757 2150 intentum:
1783 2113 1878 2150 sicut
1901 2126 1987 2150 cum
2006 2114 2136 2163 aliquis
2155 2116 2336 2152 transiens
2354 2128 2424 2164 per

1372 2179 1504 2214 agrum
1532 2174 1572 2202 ut
1600 2166 1907 2215 compendiosius
1933 2166 2049 2203 vadat
2071 2167 2119 2204 ad
2147 2168 2421 2215 fornicandum,

1371 2219 1480 2255 infert
1493 2226 1766 2256 nocumentum
1781 2218 1839 2255 his
1854 2231 1952 2267 quae
1967 2227 2053 2256 sunt
2069 2220 2252 2257 seminata
2266 2221 2304 2258 in
2320 2233 2421 2268 agr0,

1371 2272 1549 2317 scienter,
1578 2271 1663 2308 licet
1689 2284 1767 2308 non
1795 2271 1921 2308 animo
1950 2272 2124 2309 nocendi.
2158 2273 2206 2309 Et
2233 2273 2286 2309 sic
2315 2274 2424 2310 etiam

1372 2324 1556 2373 quantitas
1585 2324 1804 2360 nocumenti
1831 2332 2009 2372 aggravat
2035 2332 2245 2373 peccatum,
2274 2326 2342 2362 sed
2370 2326 2424 2362 in-

1373 2377 1530 2414 directe:
1560 2377 1783 2425 inquantum
1813 2376 1951 2413 scilicet
1979 2389 2023 2413 ex
2041 2378 2235 2414 voluntate
2263 2379 2423 2414 multum

1371 2430 1545 2466 inclinata
1582 2429 1631 2466 ad
1663 2429 1923 2478 peccandum,
1950 2429 2122 2478 procedit
2156 2430 2260 2479 quod
2292 2431 2424 2478 aliquis

1372 2495 1450 2519 non
1482 2482 1751 2530 praetermittat
1783 2482 1904 2518 facere
1938 2482 2122 2519 damnum
2155 2483 2225 2519 sibi
2252 2484 2314 2519 vel
2342 2483 2422 2530 alii,

1372 2536 1475 2584 quod
1504 2534 1721 2583 simpliciter
1747 2546 1826 2571 non
1853 2534 1976 2571 vellet.

1426 2587 1667 2635 Quandoque
1695 2594 1823 2623 autern
1851 2594 2123 2623 nocumentum
2153 2599 2223 2623 nec
2247 2595 2301 2624 est
2318 2599 2424 2636 prae-

1372 2641 1497 2677 visum
1526 2651 1597 2676 nec
1625 2639 1822 2676 intentum.
1852 2640 1900 2675 Et
1927 2646 2016 2676 tunc
2044 2639 2073 2676 si
2096 2651 2164 2688 per
2189 2640 2359 2676 accidens
2384 2652 2422 2676 se

1372 2694 1509 2730 habeat
1536 2692 1584 2729 ad
1611 2699 1823 2740 peccatum,
1852 2704 1930 2728 non
1958 2699 2136 2739 aggravat
2154 2700 2351 2740 peccatum
2371 2692 2423 2728 di-

1374 2754 1491 2782 recte:
1521 2745 1587 2782 sed
1615 2752 1770 2793 propter
1791 2744 2055 2791 negligentiam
2077 2744 2336 2781 considerandi
2356 2756 2423 2780 no·

1374 2806 1551 2834 eumenta
1583 2809 1680 2844 quae
1710 2797 1890 2845 consequi
1917 2805 2082 2844 possent,
2107 2796 2337 2844 imputantur
2354 2797 2424 2832 ho-

1374 2850 1466 2888 mini
1486 2850 1534 2886 ad
1553 2861 1719 2898 poenam
1740 2849 1840 2885 mala
1860 2861 1956 2897 quae
1982 2848 2160 2886 eveniunt
2179 2856 2324 2896 praeter
2343 2848 2422 2884 eius

1374 2902 1640 2948 intentionem,
1671 2901 1699 2938 si
1728 2901 1843 2938 dabat
1874 2913 2029 2949 operam
2059 2901 2110 2937 rei
2146 2900 2300 2937 illicitae.
2330 2921 2353 2927 -
2384 2900 2423 2937 Si

1372 2968 1466 2992 vero
1486 2962 1759 2992 nocumentum
1786 2966 1855 3003 per
1882 2966 1922 2990 se
1951 2960 2126 3001 sequatur
2154 2965 2198 2989 ex
2226 2960 2310 2989 actu
2338 2965 2424 3000 pec-

1375 3008 1454 3055 cati,
1475 3007 1558 3044 licet
1578 3019 1655 3044 non
1674 3007 1719 3043 sit
1737 3007 1921 3043 intentum
1947 3018 2017 3042 nec
2035 3005 2262 3053 praevisum,
2286 3005 2423 3041 directe

1374 3067 1573 3109 peccatum
1587 3066 1781 3107 aggravat:
1802 3058 1888 3107 quia
1908 3069 2171 3106 quaecumque
2189 3069 2257 3105 per
2276 3069 2314 3093 se
2336 3069 2424 3094 con-

1375 3120 1584 3160 sequuntur
1611 3112 1659 3149 ad
1685 3118 1896 3159 peccatum,
1925 3110 2110 3158 pertinent
2135 3109 2423 3157 quodammodo

1376 3165 1424 3202 ad
1442 3165 1564 3213 ipsam
1584 3163 1726 3213 peccati
1746 3162 1922 3210 speciem.
1952 3163 2047 3198 Puta
2070 3161 2100 3197 si
2125 3161 2257 3209 aliquis
2275 3161 2424 3210 publice

1375 3217 1589 3262 fornicetur,
1605 3215 1772 3263 sequitur
1791 3214 2009 3250 scandalum
2033 3213 2300 3262 plur1morum:
2321 3214 2426 3261 quod

1348 3278 1349 3285 ¹
1375 3269 1549 3318 quamvis
1578 3268 1657 3316 ipse
1686 3279 1761 3303 non
1790 3266 1968 3312 intendat,
1992 3277 2063 3302 nec
2081 3266 2175 3303 forte
2195 3266 2424 3314 praevideat,

1376 3322 1513 3358 directe
1541 3332 1610 3368 per
1636 3320 1709 3355 hoc
1737 3326 1960 3366 aggravatur
1986 3326 2195 3366 peccatum.

1427 3373 1544 3409 Aliter
1570 3380 1697 3408 tamen
1715 3371 1864 3407 videtur
1883 3383 1922 3407 se
1941 3371 2081 3407 habere
2103 3371 2199 3407 circa
2219 3383 2426 3408 nocumen-

1429 3485 1452 3517 β)
1474 3485 1632 3518 integritati.
1650 3499 1668 3503 -
1687 3485 1826 3517 integritas
1847 3484 1892 3508 Ρα.

2553 387 2618 409 pore.
