2840 4010
0 2644 11 2674 l

0 2842 8 2882 l,

1026 128 1290 175 QUAESTIO
1321 128 1403 175 CII,
1432 128 1727 166 ARTlCULUS
1755 128 1791 164 V

111 248 114 250 Ὗ
171 213 202 242 tt
322 218 392 256 per
418 218 560 243 cornua
588 206 725 254 quibus
754 207 1017 244 buccinabant.
1037 228 1062 235 -
1083 208 1174 244 Erat
1200 214 1327 243 autem
1354 205 1379 231 tt

321 260 459 296 festum
474 259 674 296 Tubarum
693 260 801 309 quasi
816 260 1006 307 quaedam
1027 259 1196 297 invitatio
1217 266 1258 295 ut
1272 270 1380 306 prae-

316 319 497 361 pararent
525 324 566 349 se
594 313 644 349 ad
663 325 826 361 sequens
854 314 1005 359 festum,
1035 312 1140 360 quod
1165 311 1380 348 celebraba-

320 371 382 402 tur
410 365 557 402 decimo
588 366 660 402 die.
685 367 734 402 Et
760 367 835 403 hoc
864 373 942 402 erat
968 366 1105 402 festum
1131 363 1379 411 Expiationis,

322 417 361 454 in
389 418 617 455 memoriam
645 418 740 455 illius
768 418 943 455 beneficii
971 429 1048 466 quo
1077 418 1181 453 Deus
1200 415 1380 463 propitia-

321 477 382 507 tus
411 479 467 507 est
494 479 651 519 peccato
683 471 814 520 populi
847 471 895 508 de
927 470 1147 507 adoratione
1175 468 1302 514 vituli,
1332 468 1380 504 ad

322 534 455 571 preces
491 524 631 572 Moysi.
660 545 685 552 -
721 525 813 560 Post
846 524 922 559 hoc
953 529 1082 558 autern
1119 521 1381 557 celebrabatur

322 576 462 614 festum
490 577 764 626 Scenopegiae,
798 575 894 612 idest
924 576 960 611 Τ
955 574 1291 619 abernaculorum,
1325 585 1381 610 se-

324 637 429 678 ptem
461 630 618 676 diebus,
652 631 699 666 ad
729 627 1114 665 commemorandum
1148 626 1380 663 beneficium

326 682 476 720 divinae
501 681 744 731 protectionis
773 689 810 718 et
827 680 1065 717 deductionis
1088 692 1158 728 per
1176 680 1379 725 desertum,

325 735 391 772 ubi
422 735 463 772 in
493 734 744 772 tabernaculis
781 733 1058 770 habitaverunt.
1092 733 1202 770 Unde
1235 732 1276 769 in
1306 732 1381 768 hoc

325 788 420 825 festo
448 788 640 826 debebant
665 787 807 823 habere
837 787 1006 833 fructum
1034 785 1182 823 arboris
1207 785 1382 833 pulcher-

325 841 466 886 rimae,
496 840 593 877 idest
618 839 775 887 citrum,
805 847 842 876 et
869 839 1015 889 lignum
1044 839 1245 876 densarum
1268 839 1381 886 fron-

319 893 440 939 dium,
459 892 558 930 idest
584 900 765 940 myrtum,
787 904 886 940 quae
906 900 993 929 sunt
1018 891 1224 938 odorifera3
1245 899 1281 927 et
1298 902 1382 939 spa-

319 946 420 983 Mas
441 945 675 993 palmarum,
705 953 741 981 et
767 945 898 982 salices
925 946 970 981 de
988 950 1165 990 torrente,
1195 955 1292 992 quae
1317 943 1381 981 diu

326 997 497 1036 retinent
517 1010 630 1035 suurn
657 998 848 1044 virorem;
880 1005 916 1034 et
946 999 1042 1034 haec
1073 997 1317 1034 inveniuntur
1343 996 1382 1033 in

319 1059 424 1088 tem
444 1050 742 1100 promissioni&
777 1052 825 1088 ad
857 1051 1154 1099 significandum·
1183 1050 1286 1098 quod
1315 1061 1383 1097 per

318 1103 472 1141 'aridam
501 1111 640 1141 terram
670 1104 807 1142 deserti
835 1117 901 1141 eos
926 1104 1083 1141 duxerat
1108 1104 1215 1140 Deus
1242 1102 1292 1139 ad
1310 1110 1382 1139 ter-

324 1167 407 1194 ram
428 1156 659 1194 deliciosam.
676 1178 700 1185 -
717 1158 867 1195 Octavo
893 1165 1021 1194 autem
1041 1156 1102 1194 die
1122 1155 1383 1192 celebrabatur

276 1205 284 1215 ‘
316 1209 427 1246 -aliud
454 1210 610 1257 festum,
639 1210 778 1247 scilicet
809 1211 944 1247 Coetus
974 1215 1085 1258 atque
1115 1209 1316 1255 Collectae,
1345 1208 1382 1244 in

257 1288 261 1289 γ
315 1272 415 1311 *qutr
433 1260 703 1310 colligebantur
720 1275 743 1300 a
770 1263 914 1312 populo
939 1274 984 1299 ea
1012 1274 1111 1311 quae
1130 1269 1236 1298 erant
1254 1273 1383 1298 neces-

324 1315 423 1352 saria
449 1316 500 1353 ad
521 1327 705 1365 expensas
729 1317 850 1353 cultus
879 1316 1008 1353 divini.
1029 1316 1079 1352 Et
1105 1314 1385 1363 significabatur

324 1369 505 1407 adunatio
523 1369 670 1417 populi
705 1377 742 1405 et
768 1380 840 1417 pax
876 1368 1053 1417 praestita
1089 1367 1127 1405 in
1164 1376 1263 1405 terra
1293 1379 1383 1416 pro-

322 1432 526 1459 missionis

319 1543 346 1558 κ.
372 1534 416 1567 tt)
433 1538 534 1560 aaroni.
550 1549 570 1555 -
586 1535 667 1561 etiam
686 1535 889 1561 ABCDEFGIL.
1056 1553 1058 1555 -

316 1599 323 1602 ,
335 1579 351 1608 *3
375 1571 419 1604 rm)
439 1571 581 1604 incoeptio.
595 1584 614 1590 —
631 1571 746 1597 accessio
765 1572 795 1600 K,
815 1571 930 1597 incensio
949 1572 1026 1596 ceteri
1043 1577 1070 1597 et
1086 1578 1112 1602 a,
1132 1570 1246 1599 intensio
1264 1571 1294 1606 P.

178 1727 191 1752 0
578 1721 582 1724 ·
1078 1727 1082 1730 ’
1110 1709 1425 1776 AfRncous
1455 1735 1711 1784 Qumrus

2420 131 2495 177 239

1486 207 1515 243 F
1519 207 1669 254 iguralis
1688 215 1815 244 autem
1840 207 1932 244 ratio
1958 208 2098 245 horum
2127 208 2310 244 festorum
2331 216 2386 244 est
2405 208 2494 256 quia

1434 271 1502 306 per
1535 260 1621 307 iuge
1659 260 1886 297 sacrificium
1922 261 2009 308 agni
2047 261 2229 309 figuratur
2265 261 2492 309 perpetuitas

1436 312 1584 359 Christi,
1604 313 1669 360 qui
1689 320 1744 349 est
1762 314 1897 362 Agnus
1912 314 1986 350 Dei
1997 313 2034 359 *;
2055 313 2266 350 secundum
2286 313 2379 350 illud
2391 315 2491 350 Heh.
2523 330 2530 338 ·
2572 335 2599 350 an

1434 364 1498 399 ult.
1527 364 1568 400 *ε
1601 367 1706 402 Iesus
1738 366 1904 402 Christus
1939 367 2023 403 heri
2052 372 2090 403 et
2122 367 2251 412 hodie,
2275 367 2353 415 ipse
2385 372 2421 403 et
2455 367 2491 403 in
2521 362 2534 391 Y

1432 417 1594 453 saecula.
1614 438 1639 445 -
1659 419 1732 454 Per
1755 419 1965 456 Sabbatum
1988 426 2118 456 autem
2138 419 2369 467 significatur
2387 419 2492 468 spiri-

1434 469 1543 504 tualis
1572 470 1719 517 requies
1738 471 1848 508 nobis
1873 472 1959 508 data
1982 484 2052 520 per
2080 472 2288 509 Christum:
2308 480 2351 508 ut
2377 472 2493 508 habe-

1435 528 1494 557 tur
1512 522 1563 558 ad
1574 523 1673 559 Heb.
1691 535 1736 559 iv.
1754 544 1777 550 -
1794 525 1867 560 Per
1886 525 1922 560 N
1927 525 2141 562 eomeniam
2162 533 2302 571 autem,
2322 537 2421 573 quae
2438 532 2493 561 est

1434 573 1624 622 incoeptio
1644 581 1682 602 ⁷¹⁷¹
1709 588 1832 612 novae
1862 578 1985 623 lunae,
2014 578 2243 625 significatur
2268 578 2491 614 illuminatio

1434 626 1648 674 primitivae
1668 629 1848 664 ecclesiae
1867 642 1936 677 per
1959 631 2164 677 Christum,
2186 643 2232 667 eo
2251 631 2491 679 praedicante

1436 686 1473 715 et
1491 679 1672 716 miracula
1693 678 1720 702 ⁸⁸
1740 681 1909 718 faciente.
1926 703 1949 710 -
1966 684 2040 720 Per
2058 684 2194 720 festum
2210 692 2338 720 autem
2357 685 2492 720 Pente-

1436 740 1558 768 costes
1593 733 1823 780 significatur
1859 735 2064 772 descensus
2096 737 2254 784 Spiritus
2289 736 2416 773 Sancti
2453 736 2492 773 in

1435 786 1654 833 Apostolos.
1675 806 1699 813 —
1718 787 1792 822 Per
1811 787 1948 823 festum
1976 796 2104 824 autem
2125 790 2325 826 Tubarum
2354 789 2493 836 signifi-

1437 845 1542 874 catur
1568 839 1797 886 praedicatio
1825 842 2109 888 Apostolorum.
2131 863 2155 869 -
2171 843 2244 878 Per
2271 843 2407 878 festum
2427 854 2493 878 au-

1435 898 1512 926 tem
1532 891 1766 939 Expiationis
1786 891 2015 939 significatur
2040 894 2259 931 emundatio
2288 907 2309 930 a
2329 895 2492 943 peccatis

1436 944 1568 991 populi
1596 944 1808 981 Christiani.
1829 946 1904 982 Per
1931 946 2067 982 festum
2091 955 2218 983 autem
2248 948 2492 984 Tabernacu-

1437 998 1574 1042 lorum,
1595 997 1845 1045 peregrinatio
1867 1010 2001 1035 eorum
2029 999 2067 1036 in
2086 1000 2161 1036 hoc
2183 1000 2342 1046 mundo,
2358 999 2397 1036 in
2415 1012 2491 1048 quo

1437 1050 1633 1086 ambulant
1666 1050 1704 1087 in
1730 1051 1930 1088 virtutibus
1967 1052 2215 1100 proficiendo.
2246 1053 2319 1088 Per
2355 1053 2491 1089 festum

1437 1110 1563 1139 autem
1594 1103 1736 1140 Coetus
1774 1111 1886 1152 atque
1915 1104 2106 1141 Collectae
2141 1105 2371 1153 significatur
2403 1117 2493 1142 con-

1437 1155 1602 1203 gregatio
1617 1157 1789 1193 fidelium
1810 1157 1848 1193 in
1869 1169 1985 1204 regno
2001 1159 2214 1195 caelorum:
2237 1165 2272 1194 et
2291 1158 2378 1195 ideo
2394 1158 2492 1195 istud

1437 1209 1575 1245 festum
1601 1209 1796 1246 dicebatur
1821 1211 2094 1247 sanctissimum
2119 1223 2212 1248 esse.
2244 1212 2294 1247 Et
2311 1212 2406 1247 haec
2423 1211 2493 1248 tria

1437 1262 1530 1298 festa
1568 1270 1674 1299 erant
1708 1263 1886 1299 continua
1913 1264 1962 1300 ad
1996 1264 2182 1301 invicem:
2217 1264 2307 1312 quia
2344 1271 2494 1312 oportet

1439 1314 1607 1363 expiatos
1635 1328 1657 1352 a
1693 1315 1792 1352 vitiis
1824 1316 2012 1364 proficere
2040 1317 2077 1353 in
2105 1317 2262 1362 virtute,
2292 1329 2492 1365 quousque

1438 1368 1663 1415 perveniant
1688 1369 1739 1405 ad
1767 1369 1839 1405 Dei
1865 1369 2068 1416 visionem,
2097 1378 2139 1406 ut
2167 1370 2298 1407 dicitur
2324 1369 2361 1406 in
2391 1371 2493 1406 Psal-

1439 1433 1504 1457 mo
1533 1433 1664 1458 Lxxxm
1691 1421 1722 1458 ²¹².

1488 1534 1527 1569 θθ)
1547 1537 1687 1562 miracula.
1703 1551 1723 1556 -·
1741 1537 1875 1562 mirabilia
1892 1537 2067 1562 ABCDEFIL.

574 1827 730 1886 ΠῖΓῌΠΜ
753 1823 1142 1859 SACRAMENTORUM
1165 1819 1348 1861 VETERIS
1371 1828 1492 1859 LEGIS
1517 1828 1789 1860 CONVENIENS
1813 1828 1954 1860 CAUSA
1977 1829 2076 1860 ESSE
2100 1829 2246 1860 POSSIT

806 1906 875 1931 Part.
895 1906 934 1935 ΙΙΙ,
953 1913 999 1939 qu.
1017 1913 1072 1938 Lxx,
1090 1911 1139 1932 art.
1161 1914 1182 1938 t,
1202 1906 1292 1937 331st
1309 1907 1396 1935 Rom„
1416 1914 1471 1940 cap.
1490 1915 1525 1938 w,
1545 1907 1654 1938 lect..11;
1673 1908 1683 1932 1
1705 1908 1774 1936 Cor„
1795 1915 1851 1940 cap.
1868 1915 1893 1939 V,
1909 1908 1966 1932 lect.
1985 1915 2015 1933 u.

320 2025 335 2035 ..
362 2012 421 2044 ,μ
442 2016 510 2060 23«
535 2007 558 2032 D
583 2007 745 2038 Qum‘rUM
767 2006 822 2032 sm
841 2006 1080 2033 PROCEDlTUR.
1101 1995 1260 2036 Videtur
1276 1995 1383 2044 quod

364 2044 444 2099 ³⁵'ss
463 2045 513 2094 ’·’3
536 2055 861 2086 sacramentorum
881 2049 1020 2087 veteris
1039 2048 1135 2097 legis,
1148 2049 1381 2090 constemens

342 2129 361 2155 ι,
386 2140 388 2142 ,
437 2145 448 2154 .
537 2113 651 2139 causa
677 2113 761 2139 esse
798 2113 876 2139 non
906 2102 1034 2149 possit.
1062 2103 1124 2143 Ea
1155 2102 1256 2143 enim
1285 2115 1383 2151 quae

380 2165 383 2181 ³
414 2153 476 2192 ''.·
503 2167 522 2185 s
536 2153 587 2193 ad
613 2155 757 2192 cultum
795 2154 967 2192 divinum
994 2155 1385 2201 fiunt,-non.,debent

183 2214 201 2231 ⁸
324 2217 408 2243 esse
441 2205 578 2244 similia
603 2207 663 2244 his
692 2212 715 2229 α’
733 2219 834 2256 quae
860 2207 1081 2247 idololatrae
1107 2209 1384 2248 observabant:

83 2267 95 2278 ·
110 2266 179 2289 Vm·
193 2272 223 2296 ³¹-
326 2257 581 2299 diciturenim
599 2261 712 2297 Deut.
731 2272 780 2297 xn
803 2260 840 2298 *ε
869 2261 962 2298 Non
977 2262 1103 2310 facies
1121 2262 1290 2301 similiter
1306 2264 1385 2300 Do-

322 2311 429 2363 mino
455 2313 539 2348 Deo
567 2318 652 2350 tuo:
675 2325 809 2350 ,omnes
845 2313 944 2350 enim
971 2316 1275 2356 abominationes
1293 2328 1386 2364 quas

319 2371 524 2409 ffersatur
549 2366 757 2412 Dominus,
772 2395 773 2399 ,
785 2367 960 2413 fecerunt
991 2368 1186 2409 diissuis.
1204 2368 1282 2408 Sed
1309 2370 1385 2406 cul—

185 2416 200 2450 β
323 2423 427 2458 tores
463 2418 654 2456 idolorum
683 2418 721 2455 in
750 2431 884 2456 eorum
923 2420 1023 2458 cultu
1060 2433 1101 2458 se
1129 2419 1144 2451 β
1170 2421 1387 2460 incidebant

321 2482 447 2519 usque
475 2471 524 2509 ad
552 2471 780 2509 effusionem
807 2472 1019 2520 sanguinis:
1048 2473 1181 2513 dicitur
1209 2475 1310 2513 enim
1335 2477 1384 2513 111

84 2530 96 2541 ⁴
110 2529 179 2552 vm.
193 2529 230 2553 ιε.
321 2524 424 2575 Rgg,
438 2524 571 2571 XV111*‚
585 2524 692 2573 quod
711 2525 923 2563 incidebant
938 2538 989 2572 se,
1006 2527 1112 2564 iuxta
1131 2527 1244 2566 ritum
1261 2541 1385 2575 suum,

326 2577 455 2617 cultris
468 2583 506 2614 et
521 2577 710 2624 lanceolis,
725 2578 844 2615 donec
856 2580 1176 2627 perfunderentur
1187 2582 1384 2631 sanguine.

83 2634 230 2663 *Vernus-2
323 2629 488 2678 Propter
515 2631 620 2677 quod
638 2630 839 2669 Dominus
874 2632 1091 2680 mandavit,
1119 2634 1229 2671 Deut.
1257 2646 1318 2672 xiv
1345 2635 1384 2672 *ε

324 2682 421 2720 Non
443 2693 513 2719 vos
543 2683 730 2729 incidetis,
759 2695 827 2721 nec
851 2685 1005 2732 facietis
1042 2685 1232 2724 calvitium
1272 2699 1386 2736 super

188 2740 205 2766 τ
328 2739 477 2773 nwrtuo
496 2740 523 2771 Υ.
555 2735 870 2774 Inconvenienter
905 2737 1016 2785 igitur
1043 2738 1279 2778 circumcisio
1309 2749 1387 2781 erat

91 2791 300 2846 20QJ¹⁶⁸⁹⁶¹¹⁸
322 2787 493 2826 >instituta
520 2787 559 2825 in
586 2788 667 2835 lege
682 2788 714 2824 ².

383 2852 420 2878 2.
440 2841 673 2886 PRAETEREA‚
691 2852 735 2878 ea
754 2853 852 2889 quae
870 2841 908 2881 in
929 2844 1071 2882 cultum
1087 2843 1257 2883 divinum
1277 2846 1384 2893 fiunt,

329 2892 471 2931 debent
495 2893 735 2931 honestatem
764 2901 800 2932 et
819 2895 1040 2942 gravitatem
1066 2898 1228 2944 habere3
1254 2911 1387 2937 secun-

329 2945 422 2983 dum
449 2945 542 2983 illud
568 2946 710 2983 Psalmi
737 2959 846 2985 xxx1v
864 2947 905 2985 *ε
932 2950 979 2986 In
1002 2950 1144 2998 populo
1171 2952 1287 3000 gravi
1304 2952 1384 2990 lau-

328 2998 426 3036 dabo
453 3004 499 3036 te.
521 2998 599 3036 Sed
619 2998 668 3036 ad
695 2999 888 3038 levitatem
908 3002 1102 3050 quandam
1126 3004 1314 3051 pertinere
1331 3005 1387 3042 vi-

329 3051 438 3088 detur
469 3059 512 3089 ut
544 3053 722 3090 homines
753 3053 972 3092 festinanter
1002 3056 1218 3093 comedant.
1253 3058 1387 3095 Incon-

88 3111 184 3167 1-0γὶερ
199 3118 229 3140 ιη
248 3112 301 3134 vide
327 3104 525 3142 venienter
553 3105 661 3153 igitur
684 3114 931 3154 praeceptum
960 3115 1036 3155 est,
1065 3109 1189 3146 Exod.
1208 3121 1258 3146 xu
1280 3109 1317 3157 *,
1346 3118 1388 3147 ut

125 3154 132 3162 ‘
186 3154 193 3161 ’
328 3158 576 3196 comederent
594 3158 812 3196 festinanter
831 3171 972 3206 agnum
991 3161 1223 3208 paschalem.
1249 3163 1299 3200 Et
1315 3163 1387 3200 alia

329 3210 444 3248 etiam
464 3211 562 3248 circa
582 3211 662 3249 eius
682 3211 958 3249 comestionem
977 3221 1071 3251 ,sunt
1088 3214 1266 3262 instituta,
1287 3227 1386 3263 quae

326 3263 507 3302 videntur
534 3264 692 3302 omnino
721 3264 989 3302 irrationabilia
1017 3278 1111 3304 esse.

85 2954 100 2970 θ
113 2953 180 2977 Vere.
194 2953 228 2976 18.

381 3395 409 3428 α)
428 3395 477 3421 his.
494 3409 514 3415 -
531 3403 622 3420 eorum
637 3395 747 3420 codices.
761 3409 779 3414 -
797 3395 847 3419 Pro
861 3395 960 3421 dicitur
974 3396 1051 3425 enim,
1069 3396 1139 3421 unde
1153 3397 1253 3421 dicitur
1265 3397 1316 3426 Ρα;
1331 3405 1387 3422 eae-

329 3430 388 3455 dem
407 3438 454 3464 pro
473 3438 546 3463 quas,
567 3431 668 3464 quibus.

360 3487 362 3489 ,
381 3464 407 3498 β)
425 3473 462 3492 se.
479 3480 498 3485 -
515 3467 609 3492 cultris
627 3474 654 3491 se
672 3466 718 3490 Pa.

380 3501 407 3534 γ)
427 3505 541 3527 mortuo.
559 3516 578 3521 —-
595 3502 720 3534 quoniam
736 3502 853 3533 populus
871 3505 977 3526 sanctus
996 3509 1023 3527 es
1044 3502 1158 3527 Domino
1178 3502 1235 3527 Deo
1254 3506 1307 3531 tuo,
1323 3506 1350 3527 ct
1364 3505 1389 3527 te

1491 1997 1525 2033 3.
1556 1997 1792 2043 PRAETEREA,
1813 2004 2050 2034 sacramenta
2067 1997 2205 2034 veteris
2233 1996 2325 2044 legis
2352 1997 2497 2044 figurae

1436 2049 1586 2086 fuerunt
1595 2057 1923 2089 sacramentorum
1939 2062 2064 2087 novae
2074 2050 2176 2097 legis.
2190 2050 2267 2086 Sed
2278 2061 2346 2098 per
2355 2062 2496 2097 agnum

1436 2103 1655 2150 paschalem
1676 2103 1906 2150 significatur
1925 2110 2206 2141 sacramentum
2219 2103 2494 2148 Eucharistiae3

2520 1426 2531 1437 ⁹
2545 1425 2613 1447 Vers.
2628 1426 2650 1447 8.

1437 2156 1649 2192 secundum
1685 2156 1778 2192 illud
1806 2157 1820 2194 1
1849 2156 1900 2193 ad
1931 2157 2018 2194 Cor.
2038 2168 2061 2192 v
2080 2156 2120 2192 *τ
2148 2157 2294 2192 Pascha
2327 2162 2496 2193 nostrum
2523 2172 2534 2182 ·
2572 2178 2607 2193 ers

1437 2209 1651 2246 immolatus
1669 2214 1724 2246 est
1739 2209 1918 2246 Christus.
1935 2210 2036 2256 Ergo
2052 2209 2165 2246 etiam
2182 2209 2395 2247 debuerunt
2409 2221 2496 2247 esse

1438 2262 1563 2310 aliqua
1601 2270 1839 2299 sacramenta
1871 2262 1911 2300 in
1947 2263 2030 2310 lege
2067 2274 2166 2310 quae
2200 2262 2499 2310 praefigurarent

1439 2315 1509 2351 alia
1529 2322 1764 2352 sacramenta
1779 2327 1904 2352 novae
1924 2315 2140 2363 legi3,·sicut
2153 2315 2496 2353 Confirmationem

1439 2376 1476 2404 et
1499 2369 1719 2405 Extremam
1739 2368 1968 2406 Unctionem
1989 2375 2024 2405 et
2049 2367 2353 2415 Matrimonium,-
2373 2376 2408 2404 et
2427 2368 2497 2405 alia

1439 2428 1687 2458 sacramenta.
2430 2440 2436 2443 ν

1445 2498 1455 2504 -
1491 2486 1528 2521 4.
1550 2475 1782 2521 PRAETEREA,
1797 2474 2010 2522 purificatio
2029 2486 2109 2511 non
2123 2481 2252 2522 potest
2270 2473 2499 2510 convenien-

1439 2535 1495 2563 ter
1523 2527 1605 2564 fieri
1630 2527 1700 2564 nisi
1720 2527 1768 2563 ab
1792 2527 1979 2574 aliquibus
2001 2526 2260 2564 immunditiis.
2282 2527 2358 2564 Sed
2378 2538 2498 2574 quan-

1439 2588 1519 2617 tum
1547 2580 1595 2617 ad
1624 2581 1770 2627 Deum,
1800 2580 1945 2617 nullum
1975 2581 2172 2628 corporale
2205 2587 2397 2627 reputatur
2428 2579 2498 2615 im—

1439 2633 1648 2670 mundum:
1674 2633 1764 2680 quia
1783 2645 1900 2670 omne
1921 2645 2058 2681 corpus
2079 2640 2247 2669 creatura
2267 2632 2338 2668 Dei
2363 2639 2435 2676 est;
2462 2639 2498 2668 et

1440 2686 1561 2723 omnis
1594 2691 1769 2722 creatura
1805 2686 1881 2722 Dei
1906 2687 2029 2731 bona,
2063 2692 2099 2722 et
2130 2685 2222 2722 nihil
2257 2685 2498 2723 reficiendum

1439 2740 1540 2788 quod
1552 2751 1643 2775 -cum
1662 2739 1876 2788 gratiarum
1905 2739 2051 2776 actione
2068 2738 2286 2786 percipitur,
2306 2746 2347 2774 ut
2365 2738 2499 2774 dicitur

1439 2794 1454 2829 I
1484 2793 1535 2829 ad
1565 2793 1660 2828 Tim.
1680 2803 1715 2828 ιν
1734 2791 1764 2828 ²¹⁸.
1787 2791 2100 2828 Inconvenienter
2118 2791 2228 2838 igitur
2245 2790 2497 2838 purificaban-

1439 2853 1499 2882 tur
1526 2853 1681 2893 propter
1710 2851 1926 2882 contactum
1954 2844 2120 2882 hominis
2149 2843 2300 2888 mortui,
2321 2844 2382 2880 vel
2401 2841 2414 2864 ὅ
2434 2843 2498 2880 ali-

1440 2898 1547 2935 cuius
1575 2897 1795 2934 huiusmodi
1824 2897 2030 2946 corporalis
2058 2896 2269 2933 infectionis
2296 2896 2327 2932 ²¹⁸.

1497 2952 1530 2988 5.
1559 2951 1797 2996 PRAETEREA,
1826 2951 1941 2988 Eccli.
1970 2962 2077 2986 xxxiv
2105 2949 2124 2971 '¹‘
2153 2949 2307 2986 dicitur:
2335 2950 2396 2986 Ab
2432 2950 2499 2986 im-

1439 3004 1580 3041 mundo
1600 3004 1690 3051 quid
1707 3003 1974 3040 mundabitur?
1994 3003 2070 3039 Sed
2090 3002 2182 3038 cinis
2202 3002 2342 3039 vitulae
2355 3001 2376 3023 '¹‘
2395 3002 2499 3039 rufae

1440 3069 1538 3105 quae
1559 3057 1865 3102 comburebatur,
1882 3056 2104 3092 immundus
2121 3062 2209 3097 erat,
2227 3055 2316 3103 quia
2334 3054 2500 3092 immun·
2528 3046 2535 3060 ¹
2558 3056 2564 3065 ’

1441 3111 1534 3146 dum
1555 3109 1756 3145 reddebat:
1782 3108 1917 3145 dicitur
1941 3108 2040 3144 enim
2058 3108 2177 3145 Num.
2198 3120 2259 3144 xix
2276 3107 2296 3130 '¹‘
2315 3109 2421 3156 quod
2444 3120 2501 3145 sa-

1441 3162 1575 3198 cerdos
1603 3161 1667 3209 qui
1695 3161 1919 3198 immolabat
1956 3173 2058 3207 eam,
2085 3161 2385 3198 commaculatus
2419 3168 2501 3198 erat

1440 3227 1562 3262 usque
1583 3214 1631 3251 ad
1650 3225 1871 3262 vesperum;
1892 3214 2059 3251 similiter
2078 3221 2114 3251 et
2131 3213 2192 3250 ille
2206 3213 2271 3262 qui
2293 3226 2377 3250 eam
2397 3225 2502 3250 com·

1441 3267 1617 3312 burebat;
1644 3274 1680 3303 et
1708 3266 1819 3303 etiam
1846 3267 1906 3303 ille
1926 3267 1991 3315 qui
2019 3267 2099 3304 eius
2118 3267 2262 3304 cineres
2292 3266 2501 3314 colligebat.

1442 3397 1523 3456 effigit
1531 3401 1564 3456 ¹ut
1577 3397 1614 3422 sis
1626 3397 1651 3422 ei
1665 3398 1691 3422 in
1701 3398 1829 3430 populum
1838 3398 2000 3430 peculiarem
2016 3398 2049 3423 de
2067 3398 2168 3423 cunctis
2186 3399 2309 3432 gentibus
2323 3399 2369 3432 qui
2380 3403 2442 3424 sunt
2454 3402 2503 3423 etc.

1443 3441 1456 3457 a
1494 3433 1512 3456 it
1539 3434 1560 3457 ³.

1495 3467 1519 3499 δ)
1540 3468 1588 3492 vel.
1606 3481 1624 3486 —
1643 3468 1683 3492 vel
1699 3471 1811 3500 propter
1829 3469 1882 3497 Pa;
1901 3477 1947 3501 pro
1966 3469 2114 3501 corporalis
2129 3469 2285 3502 infectionis,
2299 3470 2450 3501 corporales
2463 3470 2502 3493 in-

1437 3503 1568 3536 fectiones
1587 3503 1627 3527 ed.
1646 3511 1672 3528 a.

2526 2807 2535 2816 ⁶
2550 2806 2617 2828 Vers.
2631 2814 2654 2833 4.

2527 2898 2739 2925 W'idelmitaenp.

2526 2931 2559 2946 xu
2582 2931 2648 2952 sqq.;
2672 2924 2737 2946 Num.

2526 2957 2577 2998 cap.
2592 2957 2638 2972 xix.

2528 2979 2536 2986 ·
2573 2983 2609 2998 ers
2632 2985 2656 3004 4.

2527 3014 2536 3022 ·
2544 2994 2680 3034 estad-Heu
2686 3018 2739 3040 cap.

2537 3046 2551 3060 x
2575 3045 2652 3061 vers.i
2668 3055 2674 3060 .

2529 3119 2538 3127 ·
2553 3118 2620 3139 Vei-s.
2633 3124 2646 3145 7
2661 3123 2711 3145 sqq.
