2840 4010
97 398 105 406 ·
123 396 189 417 Vers.
206 402 242 421 10;
256 395 306 417 vide

98 426 142 444 tot.
157 428 208 449 cap.

94 1237 104 1247 ⁸
121 1236 187 1257 Vers.
201 1236 240 1262 48.

95 1555 102 1562 ·
118 1553 142 1574 1η
159 1558 263 1580 corpore.

279 1643 282 1662 Ι

94 2135 102 2146 “
118 2134 184 2156 Vers.
199 2135 222 2156 6.

93 2293 101 2301 '
117 2291 185 2313 Ruth.
202 2297 251 2319 cap.
269 2298 304 2318 ιιι,

92 2324 152 2340 vers.
170 2324 195 2340 n.

92 2565 101 2574 ⁸
114 2564 145 2587 Ca
164 2580 170 2586 .
181 2571 215 2592 in,
230 2571 253 2586 n.
263 2571 302 2587 2.-

93 2590 117 2612 S.
127 2591 148 2612 T
166 2607 171 2613 .
186 2592 237 2613 lect.
253 2598 284 2613 tv.

333 210 408 246 270

333 272 564 313 nicationem
590 288 675 312 cum
707 274 900 320 extraneis,
921 274 979 309 lex
1002 269 1265 308 convenientia
1283 281 1391 318 prae-

334 337 442 378 cepta
475 328 635 366 tradidit.
672 329 773 364 Nam
806 326 929 375 primo
958 323 1135 372 quidem,
1165 321 1320 359 instituit
1350 329 1393 359 ut

334 382 477 419 bellum
496 381 592 418 iuste
612 380 781 417 iniretur:
811 378 1013 415 mandatur
1040 376 1140 413 enim
1170 376 1281 412 Deut.
1297 387 1344 412 xx
1358 375 1389 422 ³¹⁸,

335 434 440 482 quod
469 434 622 482 quando
649 432 871 469 accederent
898 431 945 466 ad
976 429 1273 477 expugnandum
1301 428 1391 465 civi-

336 494 461 534 tatem,
491 485 670 522 offerrent
699 484 731 520 ei
760 483 926 532 primurn
946 487 958 503 Β
981 493 1131 530 pacem.
1151 501 1175 509 -
1197 481 1390 528 Secundo,

334 539 488 575 instituit
515 545 555 574 ut
578 537 719 573 fortiter
742 536 883 572 bellum
917 542 1134 582 susceptum
1161 546 1391 586 exequeren-

334 599 403 637 tur,
428 591 609 626 habentes
634 589 680 626 de
700 590 783 625 Deo
809 587 1002 624 fiduciam.
1033 588 1082 623 Et
1101 587 1150 623 ad
1165 587 1240 624 hoc
1258 587 1391 624 melius

333 642 628 688 observandum,
658 641 812 678 instituit
841 640 957 688 quod,
982 639 1203 676 imminente
1232 640 1390 689 proelio,

333 695 508 732 sacerdos
538 707 603 730 eos
633 695 879 741 confortaret,
914 692 1172 741 promittendo
1211 693 1390 730 auxilium

1027 191 1292 240 QUAESTIO
1323 191 1405 238 cv,
1436 191 1732 227 ARTICULUS
1763 191 1812 228 111

1445 270 1516 306 bus
1545 280 1624 306 non
1651 276 1800 318 poterat
1833 276 2052 317 competere
2084 271 2209 307 honor
2246 270 2311 319 qui
2338 269 2506 319 patribus

1446 322 1665 368 debebatur,
1688 329 1723 358 et
1741 321 1946 370 praecipue
1974 321 2012 358 in
2032 323 2176 371 populo
2205 323 2448 370 Iudaeorum,
2469 322 2506 358 in

1445 387 1522 424 quo
1552 375 1624 412 Dei
1644 375 1765 412 cultus
1795 375 2093 412 conservabatur
2110 387 2180 423 per
2207 375 2331 414 carnis
2352 387 2507 424 genera-

1445 428 1610 465 tionem:
1641 440 1731 464 nam
1761 427 1876 464 etiam
1905 428 2007 476 apud
2031 428 2199 475 gentiles,
2219 428 2284 476 qui
2303 429 2444 466 multos
2463 428 2506 465 fi-

1445 481 1515 518 lios
1535 487 1754 529 genuerant,
1781 480 1907 528 aliquo
1927 480 2062 528 insigni
2085 481 2234 517 honore
2254 480 2504 528 donabantur,

1446 534 1541 571 sicut
1560 534 1815 582 Philosophus
1831 533 1930 581 dicit,
1947 533 1984 570 in
2001 534 2033 569 II
2048 533 2154 570 Polit.
2165 532 2374 570 ³¹⁶-Tamen
2389 545 2506 582 quan-

1445 595 1527 624 tum
1548 587 1597 623 ad
1613 599 1658 623 ea
1672 599 1770 635 quae
1790 586 1840 624 ad
1859 586 2016 634 gratiam
2040 586 2108 623 Dei
2127 586 2326 634 pertinent,
2343 586 2508 622 eunuchi

1446 642 1493 677 ab
1523 639 1602 676 aliis
1631 652 1710 676 non
1733 641 2019 688 separabantur,
2049 638 2145 675 sicut
2172 651 2243 676 nec
2262 639 2448 686 advenae,
2467 647 2509 675 ut

1447 693 1589 730 dictum
1606 699 1660 728 est
1673 691 1708 728 *z
1731 692 1866 729 dicitur
1885 692 1987 729 enim
2010 692 2128 729 Isaiae
2148 704 2206 729 LVI
2223 691 2279 728 **:
2299 691 2391 728 Non
2410 692 2510 729 dicat

332 748 415 785 Dei.
436 768 460 774 -
481 747 622 794 Tertio,
655 746 850 784 mandavit
880 753 923 782 ut
957 745 1232 794 impedimenta
1259 746 1392 794 proelii
1434 746 1543 794 filius
1570 745 1739 782 advenae
1765 745 1831 793 qui
1855 746 2034 783 adhaeret
2060 746 2241 792 Domino,
2270 745 2417 782 dicens.-
2445 745 2508 781 Se-

333 807 636 846 removerentur,
663 799 888 836 remittendo
919 798 1108 847 quosdam
1138 799 1186 835 ad
1215 798 1389 846 domum,

332 853 396 902 qui
410 860 566 902 possent
584 852 859 901 impedimenta
887 858 1091 900 praestare.
1112 872 1136 878 -
1156 852 1315 899 Quarto,
1336 851 1390 888 in-

331 906 447 943 stituit
473 913 514 942 ut
541 905 699 943 victoria
733 905 930 942 moderate
956 911 1168 952 uterentur,
1197 905 1390 954 parcendo

331 959 551 996 mulieribus
590 966 624 995 et
651 958 836 1007 parvulis,
867 965 902 994 et
932 957 1044 994 etiam
1074 957 1174 1006 ligna
1202 958 1391 995 fructifera

332 1011 492 1060 regionis
521 1024 599 1049 non
626 1011 840 1048 incidendo.

383 1067 441 1102 An
469 1077 606 1102 PmMUM
634 1075 731 1101 ERGO
760 1075 943 1101 mcx-:Noun
970 1063 1076 1112 quod
1108 1064 1284 1102 homines
1311 1065 1392 1101 nul-

331 1118 399 1155 lius
423 1118 541 1166 gentis
562 1117 716 1154 exclusit
734 1118 792 1154 lex
813 1129 835 1153 a
856 1117 955 1153 cultu
976 1117 1048 1153 Dei
1077 1125 1114 1153 et
1141 1117 1189 1154 ab
1213 1117 1272 1154 his
1293 1129 1390 1166 quae

330 1171 518 1220 pertinent
537 1171 585 1207 ad
613 1170 763 1207 animae
788 1170 965 1207 salutem:
993 1169 1127 1206 dicitur
1146 1170 1248 1207 enim
1265 1170 1388 1207 Exod.

330 1236 377 1261 ΧΗ
405 1224 442 1260 *ε
471 1225 512 1260 Si
538 1224 618 1272 quis
648 1223 944 1273 peregrinorum
972 1223 1009 1259 in
1038 1228 1200 1259 vestram
1234 1223 1395 1260 voluerit

330 1277 489 1314 transire
503 1277 700 1322 coloniam,
716 1282 750 1313 et
756 1277 890 1324 facere
907 1276 1028 1312 Phase
1042 1275 1216 1319 Domini,·
1231 1276 1390 1313 circum-

330 1330 470 1366 cidetur
490 1330 599 1378 prius
627 1341 738 1366 omne
764 1328 1012 1366 masculinum
1037 1329 1126 1374 eius,
1147 1334 1184 1365 et
1208 1334 1296 1366 tunc
1322 1330 1392 1366 rite

331 1383 538 1428 celebrabit,
558 1383 699 1431 eritque
715 1381 828 1418 simul
849 1382 944 1418 sicut
961 1381 1138 1431 indigena
1157 1387 1290 1419 terrae.
1313 1383 1390 1420 Sed

330 1436 368 1473 in
395 1435 679 1484 temporalibus,
701 1442 885 1484 quantum
905 1435 953 1471 ad
973 1447 1019 1471 ea
1033 1446 1132 1482 quae
1152 1434 1391 1484 pertinebant

330 1489 379 1526 ad
409 1489 720 1526 communitatem
739 1488 884 1537 populi,
904 1500 982 1524 non
1002 1487 1126 1524 statim
1152 1488 1307 1537 quilibet
1326 1489 1390 1526 ad—

330 1542 556 1589 mittebatur,
578 1542 720 1578 ratione
745 1554 859 1590 supra
877 1541 898 1563 '¹‘
925 1541 1041 1578 dicta:
1071 1541 1138 1578 sed
1167 1541 1322 1590 quidam
1352 1541 1391 1579 in

330 1595 436 1632 tertia
464 1595 723 1643 generatione,
754 1594 891 1631 scilicet
918 1594 1095 1643 Aegyptii
1133 1601 1168 1630 et
1197 1594 1389 1642 Idumaei3

331 1648 392 1685 alii
405 1660 498 1685 vero
523 1655 706 1697 perpetuo
723 1647 1030 1694 excludebantur,
1047 1647 1084 1684 in
1101 1647 1389 1685 detestationem

331 1702 464 1750 culpae
487 1700 726 1750 praeteritae,
757 1701 852 1737 sicut
871 1700 1064 1737 Moabitae
1090 1708 1126 1737 et
1143 1701 1390 1738 Ammonitae

331 1762 367 1791 et
401 1754 646 1791 Amalecitae.
677 1754 780 1790 Sicut
809 1753 910 1790 enim
947 1753 1102 1802 punitur
1137 1766 1236 1791 unus
1269 1754 1389 1792 homo

328 1815 484 1856 propter
501 1814 701 1856 peccatum
722 1807 828 1855 quod
848 1806 1050 1854 commisit,
1070 1815 1111 1843 ut
1130 1806 1191 1843 alii
1218 1807 1390 1844 videntes

329 1859 517 1897 timeant*
545 1868 581 1897 et
603 1872 762 1909 peccare
791 1860 989 1905 desistant;
1019 1859 1069 1896 ita
1094 1859 1208 1897 etiam
1236 1868 1392 1910 propter

330 1913 484 1962 aliquod
502 1921 712 1962 peccatum
736 1925 827 1962 gens
855 1913 916 1950 vel
946 1912 1077 1950 civitas
1101 1914 1389 1963 potest-puniri,

329 1974 370 2003 ut
397 1966 457 2003 alii
485 1979 507 2003 a
535 1966 646 2003 simili
673 1974 830 2016 peccato
860 1966 1082 2003 abstineant.

382 2021 535 2056 Poterat
561 2028 690 2056 tamen
724 2019 978 2068 dispensative
1007 2019 1140 2067 aliquis
1164 2024 1183 2046 η
1212 2019 1250 2056 in
1279 2020 1389 2057 colle-

328 2073 432 2121 gium
460 2073 591 2122 populi
619 2073 765 2110 admitti
799 2080 955 2121 propter
982 2072 1149 2120 aliquem
1178 2073 1325 2110 virtutis
1353 2085 1390 2110 a·

330 2134 448 2163 ctum:
477 2126 572 2163 sicut
589 2126 713 2163 Iudith
732 2138 792 2162 X1v
810 2125 830 2148 ’¹‘
850 2126 983 2163 dicitur
1007 2125 1112 2175 quod
1131 2125 1284 2172 Achior,
1315 2126 1390 2164 dux

328 2179 493 2216 filiorum
514 2181 696 2226 Ammon,
716 2179 904 2227 appositus
922 2185 976 2216 est
992 2180 1043 2215 ad
1054 2178 1237 2227 populum
1257 2179 1389 2226 Israel,

329 2238 365 2269 et
381 2233 501 2269 omnis
518 2233 698 2269 successio
716 2233 866 2282 generis
884 2233 973 2269 eius.
989 2252 1013 2260 -
1030 2233 1079 2269 Et
1097 2231 1268 2269 similiter
1287 2233 1389 2270 Ruth

331 2285 522 2333 Moabitis,
544 2298 642 2334 quae
668 2285 803 2322 mulier
822 2286 966 2322 virtutis
986 2292 1065 2322 erat
1086 2286 1116 2322 ²¹⁶.
1147 2285 1254 2322 Licet
1271 2286 1390 2335 possit

330 2338 402 2376 dici
429 2339 534 2388 quod
563 2339 623 2376 illa
651 2338 854 2387 prohibitio
889 2338 1160 2376 extendebatur
1188 2338 1236 2375 ad
1263 2338 1388 2387 viros,

329 2404 407 2428 non
427 2393 473 2429 ad
494 2392 684 2439 mulieres,
705 2392 842 2440 quibus
862 2404 940 2429 non
965 2391 1147 2440 competit
1171 2391 1389 2440 simpliciter

330 2457 411 2482 esse
441 2445 554 2482 cives.

381 2500 440 2535 Ao
464 2510 653 2535 SECUNDUM
673 2503 856 2535 montinum
877 2499 992 2546 quod,
1014 2498 1109 2535 sicut
1130 2497 1387 2547 Philosophus

329 2551 427 2598 dicit,
447 2551 484 2588 in
514 2552 563 2588 III
592 2551 744 2598 Polit.*,
765 2550 961 2599 dupliciter
989 2550 1122 2600 aliquis
1151 2550 1286 2588 dicitur
1304 2563 1387 2589 esse

329 2604 441 2641 civis:
471 2616 549 2641 uno
578 2604 709 2651 modo,
735 2603 970 2653 simpliciter;
1001 2611 1038 2641 et
1063 2604 1138 2640 alio
1167 2605 1299 2652 modo,
1329 2617 1385 2642 se-

330 2657 498 2694 cundum
528 2657 630 2706 quid.
669 2657 895 2707 Simpliciter
926 2657 1082 2706 quidem
1117 2657 1209 2694 civis
1238 2665 1294 2694 est
1322 2658 1385 2707 qui

327 2717 452 2759 potest
470 2723 582 2758 agere
602 2723 647 2747 ea
667 2723 764 2759 quae
785 2717 870 2747 sunt
894 2710 1050 2747 civium:
1075 2718 1168 2759 puta
1187 2711 1276 2748 dare
1297 2723 1386 2748 con-

328 2763 451 2800 silium
479 2764 542 2801 vel
569 2763 750 2800 iudicium
778 2763 816 2801 in
844 2764 1000 2812 populo.
1038 2763 1260 2801 Secundum
1295 2763 1386 2813 quid

328 2823 454 2853 autern
484 2816 575 2854 civis
604 2816 677 2854 dici
704 2823 828 2865 potest
851 2816 1083 2865 quicumque
1113 2816 1304 2854 civitatem
1332 2816 1387 2854 in-

327 2869 469 2906 habitat
487 2867 511 2917 0,
535 2869 648 2907 etiam
668 2870 764 2907 viles
782 2882 982 2918 personae,
1003 2877 1039 2906 et
1062 2869 1170 2918 pueri
1199 2877 1236 2906 et
1263 2881 1385 2918 senes,

327 2922 390 2971 qui
418 2935 496 2959 non
525 2930 611 2960 sunt
642 2922 770 2960 idonei
805 2923 854 2959 ad
886 2923 961 2959 hoc
993 2923 1098 2970 quod
1126 2923 1292 2960 habeant
1318 2935 1387 2972 po-

326 2982 498 3012 testatem
518 2976 555 3012 in
575 2976 632 3013 his
651 2988 750 3024 quae
778 2975 965 3024 pertinent
984 2975 1033 3012 ad
1053 2988 1273 3013 commune.
1294 2976 1386 3013 Ideo

328 3040 415 3076 ergo
436 3029 562 3078 spurii,
578 3036 733 3078 propter
750 3028 932 3066 vilitatem
957 3028 1118 3076 originis,
1139 3028 1388 3066 excludeban-

327 3087 386 3117 tur
413 3082 460 3118 ab
484 3082 649 3128 ecclesia,
679 3082 776 3119 idest
795 3094 817 3118 a
838 3081 995 3129 collegio
1025 3082 1169 3130 populi,
1196 3094 1318 3130 usque
1337 3082 1387 3119 ad

329 3133 517 3171 decimam
533 3135 828 3182 generationem.
851 3135 899 3172 Et
918 3134 1087 3172 similiter
1107 3135 1284 3182 eunuchi,
1305 3134 1386 3184 qui-

381 3246 403 3279 ε)
419 3247 574 3278 primum.—
589 3248 679 3279 primo
699 3248 776 3273 Pa.-
789 3252 938 3280 susceptum
957 3249 1060 3280 om.'K,
1081 3249 1230 3281 incoeptum
1249 3250 1294 3274 Ρα.

380 3281 406 3314 ζ)
427 3282 543 3306 timeant.
557 3296 575 3301 —
592 3283 745 3308 contineant
763 3284 815 3309 EF.

382 3320 408 3347 η)
430 3317 553 3341 Poterat.
565 3335 571 3341 .
582 3335 588 3341 .
607 3318 713 3349 aliquis.
726 3332 744 3337 -
763 3318 909 3343 Poterant.
920 3337 926 3343 .
939 3337 945 3344 .
964 3319 1047 3351 aliqui
1066 3320 1117 3344 EF.

383 3348 407 3383 0)
428 3351 565 3376 inhabitat.
579 3366 597 3370 —
616 3352 765 3378 inhabitans
784 3354 1008 3379 ABCDEFGIKL.

1440 799 1641 847 paratione
1667 797 1804 834 dividet
1829 810 1890 834 me
1920 798 2108 835 Dominus
2135 810 2159 835 a
2181 798 2323 847 populo
2350 809 2430 834 suo.
2459 798 2510 834 Et

1446 864 1521 888 non
1549 851 1650 888 dicat
1674 852 1886 887 eunuchus:
1912 851 2012 888 Ecce
2038 863 2111 901 ego
2139 851 2286 901 lignum
2313 851 2477 889 aridum.

1498 906 1557 941 An
1585 915 1745 941 'reanum
1773 915 1956 952 met-:unum
1980 905 2086 954 quod
2105 905 2277 954 accipere
2304 914 2441 941 usuras
2459 904 2507 942 ab

1446 957 1576 995 alienis
1596 969 1675 994 non
1695 963 1774 993 erat
1793 956 2006 994 secundum
2021 957 2270 995 intentionem
2285 963 2293 978 ²
2312 957 2420 1005 legis;
2441 956 2508 995 secl

1448 1023 1491 1047 ex
1520 1011 1687 1059 quadarn
1716 1009 1979 1059 permissione,
2008 1018 2165 1059 propter
2191 1008 2420 1059 pronitatem
2449 1011 2509 1048 Iu-

1447 1064 1632 1101 daeorum
1661 1063 1711 1100 ad
1744 1062 1962 1108 avaritiam3
1993 1071 2028 1100 et
2054 1071 2097 1100 ut
2123 1064 2243 1112 magis
2278 1063 2439 1112 pacifice
2467 1075 2508 1101 se

1445 1118 1629 1154 haberent
1657 1116 1706 1153 ad
1736 1123 1945 1162 extraneos,
1966 1127 1988 1152 a
2017 1117 2156 1164 quibus
2181 1117 2436 1154 lucrabantur.

1498 1172 1557 1207 An
1581 1181 1753 1213 QUARTUM
1781 1180 1965 1206 chENDUM
1985 1168 2089 1217 quod
2118 1169 2216 1206 circa
2244 1169 2413 1207 civitates
2439 1170 2509 1206 ho-

1446 1223 1559 1261 stium
1589 1224 1778 1271 quaedam
1809 1221 1996 1259 distinctio
2019 1221 2282 1259 adhibebatur.
2304 1223 2507 1270 Quaedam

1446 1276 1548 1314 enim
1578 1283 1683 1313 erant
1711 1282 1893 1322 remotae,
1915 1286 1994 1312 non
2013 1275 2062 1312 de
2091 1285 2252 1312 numero
2281 1275 2429 1312 illarum
2446 1286 2509 1313 ur-

1446 1329 1551 1367 bium
1587 1341 1683 1378 quae
1712 1328 1765 1365 eis
1800 1335 1905 1365 erant
1933 1328 2206 1377 repromissae:
2243 1335 2280 1365 et
2306 1328 2345 1365 in
2371 1328 2509 1373 talibus

1445 1382 1602 1420 urbibus
1623 1381 1843 1431 expugnatis
1863 1381 2135 1418 occidebantur
2163 1380 2334 1429 masculi,
2355 1381 2421 1429 qui
2439 1393 2508 1431 pu·

1444 1444 1653 1484 gnaverant
1672 1442 1803 1471 contra
1821 1435 2008 1483 populum
2028 1435 2118 1481 Dei;
2139 1434 2361 1472 mulieribus
2380 1442 2508 1472 autem

1445 1496 1482 1526 et
1509 1489 1711 1526 infantibus
1738 1488 1975 1537 parcebatur.
2003 1487 2079 1525 Sed
2107 1488 2145 1524 in
2178 1487 2392 1525 civitatibus
2418 1487 2510 1525 vici-

1445 1542 1514 1589 nis,
1540 1554 1638 1590 quae
1668 1549 1774 1578 erant
1802 1541 1854 1578 eis
1883 1541 2157 1590 repromissae,
2185 1552 2322 1578 omnes
2350 1542 2509 1579 manda·

1445 1595 1583 1632 bantur
1601 1594 1772 1642 interfici,
1792 1602 1948 1643 propter
1962 1593 2175 1646 iniquitates
2195 1605 2331 1631 eorum
2349 1593 2508 1643 priores,

1446 1649 1495 1685 ad
1510 1661 1603 1697 quas
1618 1647 1829 1697 puniendas
1840 1647 2032 1684 Dominus
2046 1648 2234 1696 populum
2246 1648 2359 1684 Israel
2375 1647 2509 1696 quasi*

1445 1701 1596 1739 divinae
1613 1700 1771 1738 iustitiae
1788 1707 2030 1737 executorem
2051 1700 2238 1737 mittebat:
2260 1699 2391 1737 dicitur
2406 1700 2507 1738 enim

1445 1756 1554 1792 Deut.
1577 1767 1611 1791 1x
1629 1754 1669 1790 *ε
1703 1754 1800 1795 Quia
1828 1753 1914 1790 illae
1931 1759 2094 1803 egerunt
2109 1753 2232 1801 impie,
2249 1753 2509 1790 introeuntem
2536 1765 2544 1773 ·

1445 1807 1585 1845 deletae
1600 1813 1696 1844 sunt.
1724 1806 1844 1854 Ligna
1863 1813 1991 1843 autern
2011 1806 2200 1843 fructifera
2227 1806 2510 1844 mandabantur

1445 1860 1628 1898 reservari
1649 1867 1804 1909 propter
1821 1859 2018 1896 utilitatem
2039 1859 2157 1908 ipsius
2171 1859 2316 1909 populi,
2333 1859 2442 1897 cuius·
2454 1858 2508 1897 di-

1445 1914 1537 1951 tioni
1558 1913 1688 1950 civitas
1709 1921 1744 1949 et
1765 1912 1844 1949 eius
1864 1912 2091 1950 territorium
2111 1920 2190 1950 erat
2213 1912 2507 1950 subiiciendum.

1499 1969 1557 2003 An
1587 1978 1749 2008 Qum-rum
1777 1977 1962 2003 meramnum
1995 1967 2101 2014 quod
2129 1977 2255 2004 novus
2291 1965 2511 2007 aedificator

1447 2020 1595 2066 domus,
1613 2028 1676 2056 aut
1694 2020 1883 2068 plantator
1901 2018 2048 2066 vineae,
2064 2020 2127 2056 vel
2147 2019 2399 2068 desponsator
2417 2029 2509 2056 uxo-

1445 2073 1507 2120 ris,
1529 2073 1797 2110 excludebatur
1815 2070 1830 2094 λ
1853 2085 1875 2109 a
1898 2072 2045 2121 proelio
2074 2079 2231 2121 propter
2259 2072 2349 2110 duo.
2379 2072 2508 2110 Primo

1445 2126 1614 2176 quidem,
1634 2126 1723 2174 quia
1744 2138 1788 2162 ea
1817 2137 1916 2174 quae
1943 2126 2063 2162 homo
2091 2125 2138 2162 de
2167 2137 2273 2163 novo
2300 2126 2509 2174 habegrvel

1445 2179 1569 2217 statim
1598 2188 1750 2227 paratus
1780 2186 1835 2215 est
1863 2178 1912 2215 ad
1939 2178 2175 2226 habendum,
2199 2178 2321 2227 magis
2347 2179 2446 2216 solet
2460 2180 2509 2216 st-

1445 2245 1563 2279 mare,
1591 2240 1628 2269 et
1653 2245 1723 2281 per
1752 2243 1991 2280 consequens
2028 2243 2174 2269 eorum⁷
2191 2231 2437 2269 amissionem
2466 2232 2508 2269 ti-

1445 2298 1561 2323 mere.
1590 2286 1701 2323 Unde
1736 2285 1932 2334 probabile
1962 2292 2041 2322 erat
2072 2285 2176 2334 quod
2205 2297 2251 2322 ex
2283 2284 2346 2322 tali
2375 2282 2508 2323 amone

1443 2339 1563 2387 magis
1592 2346 1756 2375 mortem
1784 2338 1979 2385 timerent,
2010 2345 2047 2375 et
2074 2338 2128 2375 sic
2154 2338 2278 2375 minus
2307 2338 2423 2375 fortes
2448 2347 2507 2376 ‘es-

1444 2400 1527 2429 sent
1546 2397 1563 2420 μ
1582 2392 1631 2428 acl
1650 2391 1913 2440 pugnandum.
1927 2411 1953 2420 -
1973 2391 2154 2428 Secundo
2174 2391 2274 2440 quia,
2296 2391 2392 2428 sicut
2419 2391 2507 2429 Pni-

1443 2446 1626 2494 losophus
1656 2444 1754 2491 dicit,
1775 2444 1813 2481 in
1842 2446 1873 2481 II
1902 2445 2051 2493 Physic.
2070 2443 2103 2492 ³¹⁸,
2133 2444 2381 2492 infortunium
2404 2445 2503 2482 vide-
2533 2453 2542 2462 ·

1442 2504 1503 2535 tur
1534 2498 1683 2547 quando
1710 2498 1845 2546 aliquis
1880 2498 2157 2546 appropinquat
2185 2497 2237 2534 ad
2261 2497 2416 2546 aliquod
2440 2497 2504 2534 bo-

1442 2564 1532 2588 num
1561 2551 1784 2597 habendum,
1813 2550 1847 2587 si
1865 2555 1997 2599 postea
2025 2550 2250 2599 impediatur
2275 2551 2324 2587 ab
2352 2550 2427 2587 illo.
2456 2551 2505 2588 Et

1441 2604 1528 2642 ideo
1558 2617 1605 2641 ne
1641 2603 1847 2652 propinqui
1875 2610 2116 2640 remanentes
2153 2603 2274 2651 magis
2311 2603 2505 2640 contrista-

1441 2664 1570 2694 rentur
1598 2657 1644 2694 de
1674 2664 1796 2694 morte
1833 2656 1986 2704 talium,
2016 2656 2081 2705 qui
2119 2656 2231 2693 bonis
2262 2656 2331 2693 sibi
2365 2656 2506 2706 paratis

1440 2710 1548 2759 potiti
1577 2722 1655 2746 non
1675 2711 1841 2753 fuerunt;
1872 2717 1908 2747 et
1928 2709 2041 2746 etiam
2061 2710 2239 2758 populus,
2260 2709 2506 2747 considerans

1440 2764 1526 2809 hoc,
1547 2764 1733 2809 horreret3
1762 2763 1982 2800 huiusmodi
2010 2762 2187 2800 homines
2207 2775 2229 2800 a
2249 2763 2382 2800 mortis
2409 2763 2506 2813 peri-

1442 2817 1528 2853 culo
1553 2824 1639 2853 sunt
1658 2816 1880 2865 sequestrati
1899 2828 1968 2865 per
1987 2816 2284 2854 subtractionem
2304 2828 2326 2853 a
2345 2816 2503 2865 proelio.

1494 2871 1553 2906 An
1577 2881 1719 2906 SEXTUM
1738 2881 1923 2907 DICENDUM
1943 2870 2048 2918 quod
2075 2869 2199 2907 timidi
2217 2869 2506 2906 remittebantur

1441 2923 1490 2959 ad
1520 2923 1693 2969 domum,
1714 2935 1791 2959 non
1820 2930 1862 2959 ut
1888 2922 1959 2971 ipsi
1979 2934 2025 2959 ex
2049 2923 2124 2960 hoc
2143 2922 2395 2959 commodum
2416 2934 2505 2960 con·

1442 2983 1708 3024 sequerentur;
1734 2976 1802 3012 sed
1830 2987 1878 3012 ne
1907 2976 2072 3024 populus
2092 2987 2136 3012 ex
2165 2986 2300 3012 eorum
2327 2987 2504 3025 praesen-

1441 3029 1492 3065 tia
1518 3028 1812 3065 incommodum
1833 3036 2143 3077 consequeretur,
2164 3029 2258 3066 dum
2277 3039 2347 3078 per
2370 3038 2503 3066 eorum

1440 3081 1619 3119 timorem
1641 3089 1676 3118 et
1695 3082 1823 3129 sugam
1853 3082 1966 3118 etiam
1996 3082 2057 3119 alii
2084 3082 2132 3120 ad
2160 3082 2374 3120 timendum
2393 3089 2431 3120 et
2447 3082 2505 3120 fu-

1441 3134 1622 3183 giendum
1651 3142 1963 3184 provocarentur.

1495 3248 1514 3283 ι)
1533 3250 1676 3275 secundum
1697 3250 1880 3275 intentionem.
1893 3264 1910 3268 —
1928 3256 1965 3274 ex
1984 3249 2129 3274 intentione
2147 3249 2198 3274 EF.

1494 3285 1520 3319 κ)
1540 3285 1625 3317 quasi.
1638 3299 1656 3304 -
1675 3285 1736 3310 Om.
1755 3285 1808 3310 EF.

1493 3319 1510 3344 λ
1542 3321 1744 3346 excludebatur.
1755 3335 1774 3339 -
1792 3320 2005 3346 excludebantur
2024 3320 2071 3345 Ρα.

1495 3321 1522 3390 μζ
1543 3359 1637 3380 essent.
1650 3370 1667 3375 -
1686 3359 1764 3381 erant
1782 3356 1834 3381 EF.

2533 546 2587 594 sft
2604 552 2747 595 ῑῖἑεξὶῖἒῐί

2533 704 2592 751 :⁸121
2593 710 2663 759 {asp}
2674 704 2703 726 nd
2719 710 2736 726 ι.
