2840 4010
102 523 164 544 ‘Lib.
171 522 188 549 1,
196 527 246 549 cap.
252 526 312 542 xxvi.

118 3307 127 3316 '¹
143 3305 179 3327 cf.
195 3310 258 3326 num.
274 3310 290 3326 ι.

341 171 414 206 330

338 249 464 285 Deum
492 258 571 283 non
598 246 783 293 imputare
812 249 1012 292 peccatum
1038 238 1198 285 homini,
1218 238 1396 286 importat

339 299 531 348 quendam
559 298 737 335 effectum
767 296 805 332 in
823 296 904 343 ipso
935 293 1039 329 cuius
1059 298 1258 340 peccatum
1275 288 1287 310 θ
1317 302 1396 326 non

339 354 555 401 imputatur.
577 350 692 396 Quod
721 348 822 384 enim
851 346 961 383 alicui
985 357 1063 381 non
1082 345 1290 392 imputetur
1309 354 1396 391 pec-

341 413 465 442 catum
494 417 515 440 a
543 405 639 449 Deo,
670 413 715 437 ex
745 400 872 437 divina
900 398 1099 435 dilectione
1127 395 1308 445 procedit.

393 460 451 494 An
469 467 627 493 TERTmM
642 464 823 490 DicENDUM
845 451 961 500 quod,
978 450 1073 486 sicut
1091 448 1323 496 Augustinus
1343 447 1396 485 di-

341 511 405 557 cit,
435 511 473 546 in
500 509 594 545 libro
623 507 668 543 de
694 505 845 553 Nuptiis
876 509 911 540 et
942 504 1106 550 Concup.
1136 501 1173 547 ²⁸,
1202 501 1236 537 si
1261 513 1285 537 a
1307 512 1396 549 pec-

340 569 421 599 cato
441 561 621 604 desistere,
642 560 712 595 hoc
731 563 823 594 esset
840 568 914 593 non
938 557 1076 592 habere
1090 560 1299 603 peccatum,
1319 554 1398 601 suf-

328 617 465 663 ficeret
487 618 526 649 ut
542 614 612 648 hoc
635 616 804 647 moneret
820 610 1036 657 Scriptura.-
1067 623 1085 640 «
1108 607 1192 652 Fili,
1214 606 1396 654 peccasti.-

340 679 412 704 non
429 666 582 702 adiicias
606 664 752 700 iterum.
768 679 786 696 »
808 663 899 699 Non
920 667 1045 698 autem
1064 660 1236 708 sufficit‘,
1251 659 1316 696 sed
1333 660 1398 696 ad-

390 777 414 811 θ)
434 778 569 803 homini...
590 781 738 809 peccatum.
756 791 774 795 —
794 777 921 808 importat
939 776 1053 807 aliquem
1077 775 1184 808 gratiae
1206 773 1326 806 effectum
1344 779 1397 805 per

337 822 412 847 quem
428 817 566 845 peccatum
586 813 629 842 sE,
648 820 700 838 om.
722 812 772 845 pE3
793 819 840 844 pro
859 811 941 840 cuius,
961 811 1005 836 cui
1022 811 1068 835 Pa.

391 850 409 880 ι)
428 849 488 874 Νοη
507 852 596 873 autem
614 848 719 881 sufficit.
733 861 751 866 -
764 847 823 872 Non
843 850 931 871 autem
946 846 995 871 hoc
1006 845 1106 879 sufficit
1119 845 1217 875 ABCL,
1237 843 1296 869 Hoc
1307 846 1397 868 autem

1013 161 1277 209 QUAESTIO
1308 160 1445 206 CX111,
1476 160 1772 197 ARTICULUS
1803 162 1833 196 lI

1450 238 1572 274 ditur.-
1594 253 1614 271 α
1631 239 1681 274 Et
1698 238 1743 274 de
1755 238 1924 286 pristinis
1942 239 2156 289 deprecare,
2176 249 2217 279 ut
2233 244 2299 280 tibi
2317 243 2507 280 remittan-

1450 296 1522 327 tur.
1551 306 1569 324 »
1591 291 1744 327 Transit
1772 290 1873 327 enim
1901 299 2102 340 peccatum
2131 301 2236 342 actu,
2267 303 2304 333 et
2335 302 2507 333 remanet

1451 351 1567 391 reatu,
1583 351 1624 380 ut
1643 356 1756 392 supra
1770 343 1790 365 '¹‘
1810 344 1950 381 dictum
1967 352 2033 382 est.
2050 346 2099 382 Et
2117 345 2204 383 ideo
2225 359 2312 385 cum
2332 348 2466 398 aliquis
2485 361 2507 385 a

1450 404 1607 444 peccato
1635 396 1747 433 unius
1765 395 1846 433 vitii
1865 397 1996 434 transit
2014 403 2030 419 ²
2049 397 2087 434 in
2106 407 2307 446 peccatum
2333 401 2507 438 contrarii

1449 449 1540 497 vitii,
1571 449 1705 486 desinit
1728 449 1884 497 quidem
1910 450 2051 487 habere
2071 459 2199 488 actum
2218 452 2419 500 praeteriti,
2440 453 2508 491 sed

1451 513 1530 538 non
1563 502 1698 539 desinit
1733 503 1874 539 habere
1910 510 2077 540 reatum:
2110 504 2214 540 unde
2250 504 2362 541 simul
2394 505 2510 542 habet

1451 562 1597 591 reatum
1617 556 1812 605 utriusque
1835 556 1991 604 peccati.
2012 557 2103 593 Non
2123 556 2226 594 enim
2250 564 2406 605 peccata
2424 565 2510 594 sunt

1451 607 1521 644 sibi
1551 609 1737 644 contraria
1765 621 1811 645 ex
1838 617 1944 657 parte
1973 609 2182 646 aversionis
2211 622 2233 646 a
2252 611 2349 657 Deo,
2371 621 2415 646 ex
2435 622 2510 659 qua

1451 668 1558 708 parte
1586 668 1786 708 peccatum
1814 670 1960 699 reatum
1989 663 2113 699 habet.

1450 781 1502 832 zon
1517 774 1625 833 {uffiffl
1650 774 1740 803 PEFa,
1765 774 1826 799 Non
1846 778 1936 800 autem
1956 775 2044 801 adhuc
2060 776 2160 808 sufficit
2178 776 2200 805 1,
2220 775 2280 800 Non
2299 779 2389 800 autem
2412 775 2511 809 sufficit

1468 816 1499 834 oc
1541 827 1548 834 .

1503 845 1529 876 κ)
1549 845 1655 870 transit.
1673 859 1691 863 -
1709 844 1818 869 transiit
1836 845 1863 875 Ρ,
1883 853 1935 870 om.
1955 846 1991 877 G;
2011 847 2148 871 transit...
2167 846 2227 871 vitii
2244 854 2297 872 om.
2317 845 2347 871 C.

1010 924 1343 958 Commentaria
1365 921 1616 956 Car-dinalis
1638 924 1837 957 Caietani

368 1028 388 1048 N
412 1016 542 1047 articulo
571 1016 710 1046 secundo
742 1014 935 1056 quaestionis
963 1011 1399 1045 centesimaedecimaetertiae

342 1030 504 1092 Idubium
523 1059 657 1091 occurrit
681 1060 759 1090 circa
775 1059 930 1090 rationem
952 1058 1071 1089 litterae
1087 1057 1195 1099 quoad
1217 1056 1304 1086 illam
1324 1065 1398 1096 pro-

339 1105 547 1146 positionem:
561 1103 705 1144 Effectus
716 1104 843 1135 divinae
854 1103 1031 1134 dilectionis
1043 1103 1074 1132 in
1089 1102 1177 1132 nobis
1188 1102 1243 1141 qui
1251 1110 1315 1140 per
1325 1109 1398 1140 pec-

339 1155 445 1180 catum
463 1149 595 1184 tollitur,
610 1153 655 1178 est
670 1149 792 1188 gratia,
803 1157 866 1187 qua
881 1148 974 1177 homo
989 1147 1024 1181 fit
1039 1147 1159 1186 dignus
1175 1146 1239 1176 vita
1254 1149 1397 1174 aeterna.

338 1194 471 1225 Videtur
494 1202 630 1231 namque
655 1192 741 1231 quod
766 1191 841 1221 haec
865 1190 1041 1230 propositio
1059 1190 1097 1220 sit
1119 1188 1282 1219 manifeste
1307 1187 1396 1217 falsa:

339 1248 413 1268 nam
426 1243 590 1277 peccatum
599 1235 740 1266 luxuriae
751 1244 816 1264 non
829 1234 911 1265 tollit
924 1234 982 1264 nisi
993 1233 1211 1264 rectitudinem
1225 1232 1398 1262 naturalem

339 1292 395 1322 per
409 1291 450 1317 se,
473 1287 506 1310 ut
521 1286 606 1319 patet
621 1279 645 1309 si
663 1289 820 1319 ponemus
837 1278 1002 1309 hominem
1017 1277 1048 1307 in
1065 1277 1152 1318 puris
1169 1275 1376 1307 naturalibus.

394 1325 435 1355 Et
458 1323 670 1354 confirmatur.
689 1323 772 1360 Quia
791 1332 855 1352 non
876 1323 948 1362 plus
971 1322 1053 1353 tollit
1072 1321 1205 1362 privatio
1223 1330 1320 1361 quam
1343 1320 1398 1350 ha-

340 1369 424 1400 bitus
448 1367 616 1407 oppositus
633 1374 740 1407 ponat.
761 1367 822 1397 Sed
846 1366 1052 1407 temperantia
1068 1376 1133 1396 non
1150 1365 1241 1406 ponit
1256 1364 1398 1404 gratiam.

340 1414 423 1453 Ergo
447 1419 611 1453 peccatum
635 1411 767 1442 mortale
791 1411 977 1451 oppositum
1001 1420 1067 1440 non
1090 1410 1174 1440 tollit
1197 1408 1256 1439 nisi
1280 1415 1399 1448 tempe-

339 1457 482 1488 rantiam.

394 1501 430 1532 11.
451 1502 499 1531 Ad
523 1501 585 1531 hoc
618 1499 729 1530 dicitur
759 1499 847 1539 quod
871 1506 1037 1539 peccatum
1067 1498 1200 1528 mortale
1226 1496 1310 1527 tollit
1332 1507 1400 1537 gra-

341 1545 417 1576 tiam
440 1555 506 1575 non
530 1545 652 1581 directe,
671 1544 725 1573 sed
748 1553 784 1573 ex
808 1543 1023 1583 consequenti,
1045 1543 1069 1572 si
1094 1542 1213 1572 invenit
1237 1550 1321 1571 earn:
1346 1548 1400 1572 aut

341 1590 433 1629 ponit
455 1589 499 1619 illi
516 1588 649 1624 obicem,
666 1588 690 1617 si
715 1597 779 1618 non
804 1587 922 1617 invenit
938 1597 1018 1617 eam.
1036 1586 1124 1617 Sicut
1142 1595 1259 1626 negans
1283 1585 1399 1616 animal

341 1641 433 1674 negat
461 1643 498 1663 ex
521 1632 727 1672 consequenti
758 1631 941 1667 hominem,
962 1630 1107 1671 quamvis
1131 1639 1254 1671 ponens
1284 1629 1402 1660 animal

342 1688 407 1708 non
430 1684 530 1717 ponat
553 1677 727 1706 hominem.

396 1721 457 1752 Sed
480 1721 558 1751 haec
580 1719 760 1761 responsio,
785 1719 857 1750 licet
886 1728 958 1749 vera
981 1719 1037 1755 sit,
1061 1718 1266 1759 impertinens
1296 1724 1402 1749 tamen

342 1773 403 1796 est:
420 1765 573 1806 quoniam
597 1775 633 1795 ex
656 1764 718 1794 hoc
741 1763 860 1794 litterae
876 1773 1042 1803 processus
1066 1773 1131 1793 non
1151 1763 1321 1793 salvaretur
1336 1761 1401 1793 effi-

343 1819 408 1840 cax.
431 1808 594 1846 Quoniam
616 1809 656 1839 ad
679 1807 880 1847 negationem
910 1807 1054 1837 animalis
1077 1807 1148 1837 licet
1176 1813 1325 1848 sequatur
1348 1817 1401 1837 ne-

341 1854 426 1894 gatio
441 1853 589 1889 hominis,
606 1859 723 1890 tamen,
738 1857 882 1892 reparato
898 1851 1036 1887 animali,
1053 1857 1231 1891 reparatum
1247 1857 1294 1881 est
1311 1850 1403 1891 quid-

342 1898 420 1938 quid
439 1898 580 1928 ablatum
603 1903 667 1927 erat
683 1906 719 1926 ex
742 1895 908 1935 negatione
932 1895 1085 1926 animalis.
1102 1896 1143 1926 Et
1158 1895 1301 1926 similiter
1323 1901 1404 1926 esset

342 1942 375 1972 in
398 1941 573 1982 proposito,
590 1941 690 1982 quod,
706 1940 777 1971 licet
800 1940 840 1970 ad
863 1939 1073 1980 privationem
1095 1939 1289 1970 rectitudinis
1313 1946 1403 1971 natu-

342 1986 413 2016 ralis
437 1992 585 2026 sequatur
608 1984 733 2025 negatio
757 1983 951 2014 rectitudinis
974 1983 1099 2024 gratiae,
1120 1991 1236 2021 tamen,
1261 1990 1404 2024 reparata

342 2029 526 2060 rectitudine
542 2028 685 2065 naturali,
706 2035 884 2068 reparatum
903 2035 983 2058 esset
999 2027 1156 2069 quidquid
1172 2028 1313 2059 ablatum
1328 2035 1401 2059 erat.

395 2074 436 2104 Et
459 2073 662 2104 confirmatur
684 2072 755 2103 hoc.
778 2072 861 2109 Quia
884 2079 938 2103 aut
961 2078 1008 2102 est
1030 2082 1133 2103 sermo
1157 2072 1196 2103 de
1219 2071 1403 2103 rectitudine

343 2118 476 2148 naturali
492 2118 599 2148 iuncta
615 2117 775 2147 actualiter
790 2116 967 2147 rectitudini
989 2116 1119 2155 gratiae:
1140 2123 1195 2147 aut
1218 2117 1256 2147 de
1279 2116 1403 2147 rectitu-

344 2162 415 2192 dine
427 2162 560 2193 naturali
576 2161 729 2192 absolute.
743 2161 775 2191 Si
791 2161 895 2201 primo
912 2161 1022 2197 m0d0,
1039 2167 1162 2191 constat
1176 2161 1265 2201 quod
1281 2161 1342 2191 hoc
1358 2167 1405 2192 est

343 2216 398 2246 per
413 2206 574 2236 accidens:
599 2215 674 2235 nam
697 2205 808 2235 accidit
826 2205 960 2235 naturali
982 2205 1161 2235 rectitudini
1184 2205 1335 2245 coniungi
1351 2215 1403 2236 su-

343 2250 543 2290 pernaturali,
559 2249 639 2280 sicut
659 2249 775 2279 animal
794 2249 927 2280 homini.
945 2248 977 2279 Si
997 2249 1148 2286 secundo,
1166 2255 1289 2280 constat
1303 2249 1403 2290 quod,

343 2301 484 2335 reparata
507 2293 700 2330 rectitudine,
718 2299 926 2324 restauratum
949 2300 996 2324 est
1018 2300 1124 2324 totum
1148 2293 1236 2334 quod
1260 2293 1403 2334 deperdi-

344 2344 414 2368 tum
437 2344 492 2368 est.

400 2381 452 2412 111.
465 2381 644 2412 Dicendum
656 2387 702 2411 est
720 2391 793 2421 ergo
810 2381 908 2421 quod,
925 2381 998 2422 quia
1022 2391 1118 2412 omne
1138 2387 1301 2422 peccatum
1322 2391 1404 2412 mor-

345 2426 404 2456 tale
420 2425 553 2456 includit
567 2425 599 2455 in
616 2435 648 2455 se
668 2425 918 2456 contrarietatem
937 2426 975 2456 ad
991 2426 1160 2462 caritatem,
1178 2434 1214 2457 ut
1231 2425 1264 2455 in
1281 2425 1322 2456 11·
1338 2426 1402 2463 11··,

345 2480 400 2510 qu.
423 2480 509 2506 xxiv,
533 2475 589 2500 art.
614 2469 684 2507 ult„
704 2469 900 2506 habebimus,
921 2469 996 2510 quia
1019 2476 1065 2500 est
1092 2469 1295 2510 transgressio
1318 2469 1403 2512 illius

345 2513 501 2554 praecepti
525 2513 657 2544 caritatis
677 2513 822 2553 negativi,
840 2514 965 2550 scilicet,
982 2514 1073 2545 Nihil
1094 2519 1140 2545 est
1150 2513 1402 2555 praeferendum

346 2559 505 2588 amicitiae
527 2557 671 2595 divinae;
694 2557 766 2588 ideo
790 2567 887 2588 omne
910 2565 1074 2598 peccatum
1102 2559 1254 2595 mortale,
1278 2558 1404 2599 privans

346 2601 530 2633 rectitudine
543 2602 685 2638 naturali,
697 2601 798 2642 privat
812 2601 905 2632 etiarn
918 2602 1102 2632 rectitudine
1113 2602 1238 2642 gratiae.
1256 2603 1300 2633 Ita
1316 2602 1405 2644 quod

346 2656 412 2676 non
436 2646 537 2687 privat
559 2646 744 2676 rectitudine
766 2645 882 2686 gratiae
906 2656 943 2676 ex
965 2647 1181 2687 consequenti,
1202 2646 1283 2677 sicut
1305 2647 1404 2686 priva—

346 2690 391 2720 tio
415 2690 558 2720 animalis
582 2696 628 2720 est
650 2690 784 2730 privatio
801 2689 953 2720 hominis:
974 2691 1028 2720 sed
1047 2691 1148 2730 privat
1163 2700 1199 2721 ea
1222 2690 1404 2722 formaliter.

346 2735 421 2764 Non
444 2734 533 2776 quod
556 2734 688 2774 privatio
713 2733 906 2764 rectitudinis
929 2735 1078 2765 naturalis
1094 2735 1134 2765 sit
1156 2735 1329 2766 formaliter
1343 2735 1405 2775 pri-

347 2778 431 2809 vatio
454 2778 646 2809 rectitudinis
671 2778 929 2818 supernaturalis,
952 2778 1106 2819 quoniam
1129 2779 1319 2819 privationes
1343 2779 1405 2810 dis-

347 2822 534 2862 tinguuntur
548 2832 644 2862 penes
660 2821 804 2853 habitus:
829 2822 884 2853 sed
906 2822 980 2863 quia
999 2823 1109 2854 ambae
1133 2823 1332 2863 privationes,
1349 2823 1405 2854 sci-

348 2866 420 2897 licet
443 2866 606 2907 utriusque
630 2866 838 2903 rectitudinis,
864 2866 897 2896 in
920 2873 1048 2907 peccato
1073 2867 1198 2898 mortali
1222 2866 1406 2898 huiusmodi

349 2910 566 2947 inveniuntur,
590 2910 665 2951 quia
688 2917 797 2941 contra
829 2917 997 2951 utramque
1026 2911 1129 2951 legem
1158 2911 1405 2948 committimus,

350 2954 464 2985 scilicet
478 2961 605 2985 naturae
625 2961 655 2985 et
670 2954 812 2991 caritatis,
825 2955 936 2985 eadem
954 2955 1209 2995 transgressione.
1221 2955 1262 2986 Et
1273 2955 1326 2992 sie,
1343 2955 1407 2986 sive

350 2997 524 3028 inveniatur
553 2998 617 3028 sive
640 3008 705 3029 non
729 2998 762 3029 in
784 2999 839 3029 illo
863 2999 1019 3035 subiecto,
1042 2999 1164 3030 adulter
1185 2999 1409 3039 transgreditur

352 3048 518 3082 utramque
539 3042 659 3082 legem,
682 3053 716 3073 ac
739 3053 795 3083 per
818 3043 880 3074 hoc
898 3043 981 3074 tollit
1003 3043 1134 3083 gratiam
1157 3043 1182 3074 si
1205 3043 1337 3080 invenit,
1353 3051 1408 3074 aut

353 3085 442 3125 ponit
464 3086 509 3116 illi
532 3086 664 3117 obicem.
683 3087 724 3117 Et
746 3087 790 3117 sic
809 3087 964 3118 intellecta
987 3087 1214 3128 propositione,
1233 3087 1339 3119 efficax
1363 3094 1409 3119 est

353 3139 516 3169 processus
535 3130 668 3161 litterae:
690 3141 764 3161 nam
781 3141 817 3161 ex
835 3131 896 3161 hoc
919 3141 1012 3162 sensu
1028 3131 1170 3172 sequitur
1184 3132 1272 3172 quod
1294 3142 1359 3162 non
1373 3131 1408 3163 fit

354 3174 506 3213 reparatio
521 3184 576 3214 per
589 3175 689 3205 solam
701 3175 933 3206 restitutionem
948 3176 1097 3206 naturalis
1113 3175 1320 3213 rectitudinis;
1335 3185 1407 3207 nam

356 3216 435 3247 sicut
458 3218 572 3257 duplex
590 3219 744 3250 rectitudo
764 3226 810 3250 est
829 3220 939 3256 ablata,
960 3220 1120 3260 duplicem
1136 3219 1262 3260 oportet
1278 3220 1407 3251 restitui.

411 3261 463 3291 IV.
481 3262 521 3292 Et
535 3272 591 3302 per
613 3262 674 3293 hoc
689 3270 774 3303 patet
794 3263 957 3302 responsio
981 3265 1020 3294 ad
1039 3264 1174 3304 primam
1197 3264 1409 3295 obiectionem

357 3310 387 3334 et
410 3304 449 3334 ad
472 3306 641 3335 secundam
657 3307 683 3337 *.
709 3307 791 3337 Nam
814 3317 879 3337 non
903 3307 1036 3338 dicimus
1064 3309 1152 3348 quod
1177 3309 1248 3348 plus
1275 3309 1408 3349 privatio

357 3347 446 3378 tollat
468 3358 564 3388 quam
578 3349 701 3380 habitus
725 3351 891 3390 oppositus
908 3359 1014 3391 ponat.
1032 3351 1092 3382 Sed
1110 3352 1252 3389 dicimus,
1270 3359 1300 3383 et
1319 3353 1408 3390 bene,

357 3392 446 3431 quod
474 3392 605 3431 privatio
638 3404 700 3423 una
724 3395 795 3434 plus
827 3394 961 3426 includit
988 3395 1097 3432 aliam,
1122 3406 1219 3437 quam
1242 3397 1410 3437 oppositus

357 3435 481 3466 habitus
497 3435 636 3467 includat
658 3437 755 3467 alium
776 3438 972 3478 oppositum.
989 3439 1110 3469 Malum
1130 3450 1268 3481 namque
1291 3441 1410 3471 morale

357 3479 489 3510 mortale
512 3480 644 3510 includit
666 3481 787 3511 malum
810 3482 995 3522 oppositum
1018 3483 1145 3522 gratiae;
1171 3491 1201 3515 et
1224 3491 1329 3515 tamen
1353 3486 1409 3515 bo-

1452 1021 1532 1041 num
1548 1013 1666 1042 morale
1690 1022 1755 1041 non
1776 1011 1910 1043 includit
1931 1013 2055 1044 bonum
2070 1014 2196 1054 gratiae.
2213 1015 2254 1046 Et
2271 1015 2351 1046 ratio
2367 1021 2415 1046 est
2436 1015 2512 1055 quia

1452 1055 1566 1086 bonum
1591 1057 1757 1096 consurgit
1772 1066 1814 1086 ex
1835 1066 1935 1087 causa
1955 1058 2094 1098 integra,
2112 1059 2232 1090 malum
2252 1065 2358 1091 autem
2383 1069 2424 1090 ex
2445 1060 2511 1090 sin-

1451 1100 1622 1140 gularibus
1644 1100 1817 1141 defectibus
1831 1100 1857 1130 *.
1875 1101 1926 1131 Ad
1948 1101 2242 1141 transgrediendum
2263 1104 2350 1135 enim
2377 1103 2510 1134 caritatis

1453 1151 1670 1185 praeceptum,
1692 1151 1738 1174 sat
1771 1151 1817 1175 est
1847 1145 2019 1184 transgredi
2050 1146 2279 1187 quodcumque
2307 1154 2511 1188 praeceptum

1454 1188 1697 1229 cuiuscumque:
1722 1188 1762 1218 ad
1778 1188 2019 1229 adimplendum
2035 1196 2142 1220 autem
2158 1200 2195 1225 ex
2211 1190 2336 1222 caritate
2351 1190 2409 1234 (sic
2425 1191 2511 1222 enim

1453 1232 1559 1263 solum
1583 1233 1715 1263 caritatis
1739 1233 1862 1263 bonum
1885 1233 2088 1273 participatur
2111 1232 2304 1277 obediendo)
2327 1242 2509 1276 praecepta,

1453 1286 1518 1306 non
1539 1276 1651 1307 sufficit
1674 1277 1902 1318 quodcumque
1921 1285 2125 1317 praeceptum
2143 1277 2285 1318 implere,
2302 1279 2358 1309 sed
2380 1279 2512 1319 exigitur

1453 1320 1557 1351 infusa
1580 1321 1685 1361 gratia,
1707 1327 1742 1351 ut
1764 1327 1849 1361 patet
1873 1331 1909 1351 ex
1929 1321 2018 1352 dictis
2033 1321 2061 1352 *.

1508 1365 1546 1396 V.
1564 1365 1598 1395 In
1613 1365 1819 1405 responsione
1835 1366 1874 1395 ad
1897 1365 2039 1406 primurn
2062 1366 2205 1396 eiusdem
2226 1366 2356 1397 secundi
2379 1366 2512 1404 articuli,

1454 1408 1589 1439 dubium
1613 1409 1746 1440 occurrit
1761 1410 1799 1440 de
1818 1410 2038 1450 propositione
2061 1410 2125 1446 illa,
2145 1410 2259 1441 Gratia
2275 1415 2306 1441 et
2328 1411 2423 1451 culpa
2437 1416 2514 1442 sunt

1453 1455 1596 1493 opposita
1612 1453 1793 1484 immediata
1806 1459 1950 1494 respectu
1962 1455 2099 1486 hominis
2113 1455 2207 1495 lapsi,
2220 1454 2276 1485 sed
2290 1464 2353 1485 non
2367 1460 2511 1495 respectu

1453 1497 1589 1528 hominis
1611 1498 1770 1528 absolute:
1793 1504 1823 1528 et
1839 1499 1878 1528 de
1896 1498 2017 1529 ratione
2033 1498 2110 1535 eim,
2127 1499 2253 1535 scilicet,
2277 1500 2352 1539 quia
2368 1500 2428 1530 hoc
2449 1509 2512 1530 non

1444 1541 1490 1582 fit
1505 1543 1574 1572 sine
1594 1543 1723 1582 speciali
1744 1542 1970 1574 benevolentia.
1986 1543 2118 1574 Videtur
2141 1543 2174 1573 in
2193 1542 2302 1584 primis
2321 1543 2410 1583 quod
2433 1543 2512 1574 ratio

1455 1585 1533 1616 nihil
1555 1587 1674 1622 valeat,
1698 1587 1751 1616 sed
1775 1586 1814 1617 sit
1836 1586 2000 1627 sophisma
2023 1597 2041 1617 a
2069 1586 2196 1628 speciali
2226 1586 2446 1618 benevolentia
2472 1588 2513 1618 ad

1455 1630 1559 1661 talem.
1577 1630 1723 1670 Specialis
1747 1630 1905 1671 siquidem
1927 1631 2148 1662 benevolentia
2161 1631 2202 1661 ad
2223 1631 2390 1662 inimicum
2409 1638 2515 1672 potest

1455 1674 1562 1705 haben'
1577 1675 1684 1715 quoad
1706 1674 1773 1705 tria.
1798 1674 1916 1711 Primo,
1933 1675 2023 1715 quod
2046 1684 2112 1705 non
2128 1675 2280 1706 habeatnr
2298 1674 2437 1717 amplius
2448 1680 2511 1719 pto

1454 1718 1595 1755 inimico,
1611 1718 1755 1759 quamvis
1772 1729 1829 1749 nec
1843 1729 1903 1759 pro
1923 1719 2045 1750 amico:
2065 1719 2244 1759 experimur
2263 1718 2350 1750 enim
2362 1712 2514 1766 inm*

1455 1763 1545 1804 quod
1567 1763 1695 1793 inimico
1718 1763 1921 1799 remittimus,
1946 1764 2065 1804 absque
2089 1773 2127 1794 eo
2151 1763 2241 1804 quod
2263 1762 2399 1795 velimus
2418 1760 2514 1795 illum

1456 1807 1496 1837 ad
1519 1807 1714 1837 consortium
1737 1814 1893 1838 nostrum.
1911 1807 2069 1845 Secundo,
2086 1807 2194 1848 quoad
2213 1806 2515 1843 rectitudinem-nu

1455 1852 1604 1887 turalem,
1631 1861 1711 1891 quae
1733 1861 1789 1891 per
1812 1858 1978 1892 peccatum
2001 1858 2048 1882 est
2070 1851 2189 1882 ablata:
2215 1858 2246 1882 et
2269 1851 2314 1882 sic
2336 1850 2516 1883 restitueret

1456 1895 1621 1926 hominem
1636 1895 1668 1925 in
1692 1902 1809 1926 statum
1824 1895 1992 1936 pristinum
2011 1896 2131 1937 absque
2146 1896 2252 1937 gratia.
2267 1894 2388 1932 Tertio,
2405 1894 2515 1937 quoad

1456 1939 1640 1980 dignitatem
1654 1940 1734 1970 vitae
1750 1946 1910 1970 aeternae:
1927 1946 1958 1971 et·
1973 1940 2035 1971 hoc
2053 1939 2088 1971 fit
2106 1949 2162 1980 per
2180 1939 2322 1979 gratiam.
2340 1936 2433 1970 Unde
2445 1941 2515 1970 Aa:

1457 1990 1540 2020 ctor‚
1565 1994 1602 2014 ex
1631 1984 1757 2024 speciali
1786 1984 2007 2015 benevolentia
2035 1984 2156 2015 inimici
2177 1983 2315 2015 inferens
2345 1983 2516 2024 specialem

1456 2028 1708 2059 benevolentiam
1729 2028 1914 2068 dignitatem
1936 2028 2025 2060 vitae.
2040 2035 2194 2066 aeternae,
2216 2027 2344 2059 erravit:
2367 2037 2442 2061 cum
2462 2027 2517 2061 isti

1457 2071 1584 2103 effectus
1613 2072 1850 2103 benevolentiae
1873 2072 1917 2114 sic
1940 2082 1973 2103 se
2000 2071 2137 2103 habeant
2168 2071 2257 2114 quod
2273 2071 2402 2113 ,primus
2425 2081 2442 2102 a
2465 2069 2516 2111 εξ

1457 2116 1573 2152 cundo,
1590 2123 1620 2147 et
1636 2117 1791 2147 secundus
1806 2126 1823 2146 a
1838 2116 1931 2147 tertio
1948 2116 1988 2147 sit
2003 2115 2194 2157 separabilis,
2212 2115 2308 2147 etiam
2322 2114 2356 2146 i'n
2371 2114 2518 2150 inimico:-

1511 2160 1690 2200 Propositio
1719 2160 1831 2191 deinde
1858 2161 1926 2201 ipsa
1954 2160 2031 2191 falsa
2060 2166 2164 2191 restat.
2188 2159 2353 2197 Quoniam
2383 2168 2420 2190 ex
2447 2157 2518 2201 qu&

1455 2204 1553 2244 gratia
1574 2211 1604 2235 et
1627 2205 1718 2245 culpa
1733 2215 1798 2235 non
1821 2211 1896 2235 sunt
1918 2204 2067 2245 opposita
2085 2204 2268 2235 immediata
2283 2204 2461 2235 secundum
2482 2213 2515 2235 se

1457 2258 1514 2279 nec
1537 2256 1678 2289 respectu
1702 2249 1854 2286 hominis,
1879 2259 1937 2281 nec
1958 2255 2102 2290 respectu
2129 2248 2265 2285 inimici,
2286 2258 2345 2279 nec
2370 2253 2519 2288 respectu

1456 2292 1632 2323 dilectionis
1655 2300 1708 2324 aut
1730 2293 1889 2333 potentiae
1917 2293 2052 2330 divinae;
2074 2293 2217 2334 sequitur
2239 2293 2328 2334 quod
2351 2301 2419 2323 non
2440 2291 2518 2339 sung

1456 2337 1604 2378 opposita
1625 2337 1814 2368 immediata.
2070 2352 2073 2357 ·
2498 2358 2517 2380 2

1511 2381 1563 2411 VI.
1581 2381 1631 2411 Ad
1647 2381 1707 2412 hoc
1726 2381 1870 2418 dubium,
1887 2381 1996 2422 quoad
2011 2388 2193 2422 utrumque,
2210 2379 2324 2412 dicitur
2338 2380 2427 2422 quod
2441 2375 2513 2420 §ra-

1455 2425 1499 2456 tia
1521 2432 1551 2455 et
1566 2425 1659 2465 culpa
1677 2425 1708 2455 in
1724 2426 1853 2456 homine
1869 2426 1959 2466 lapso
1982 2432 2057 2456 sunt
2072 2425 2221 2466 opposita
2238 2416 2522 2460 immediatasndff

1457 2479 1493 2500 ex
1516 2476 1626 2500 natura
1643 2470 1875 2509 oppositorum,
1891 2469 1947 2500 sed
1970 2479 2007 2500 ex
2021 2469 2129 2500 divino
2152 2475 2280 2505 statuto,
2297 2477 2364 2509 quo
2387 2467 2517 2499 orcam:

1455 2513 1500 2544 vit
1522 2523 1687 2554 nunquam
1709 2514 1934 2545 remittendum
1953 2520 2120 2554 peccatum
2143 2512 2203 2543 nisi
2225 2522 2282 2553 per
2303 2513 2426 2543 donum
2448 2521 2514 2553 gra-

1455 2556 1516 2588 tiae
1539 2566 1662 2597 gratum
1690 2558 1840 2589 facientis.
1864 2559 1906 2589 Et
1928 2565 2095 2599 propterea
2118 2567 2200 2598 opus
2222 2563 2271 2588 est
2299 2556 2354 2587 tali
2375 2557 2514 2589 beneito,

1455 2601 1551 2632 lentia
1574 2602 1708 2642 speciali.
1725 2602 1766 2633 Et
1789 2602 1832 2633 sic
1856 2609 1977 2633 cessant
1999 2601 2131 2632 obiecta.

1515 2645 1576 2676 Sed
1602 2646 1677 2676 haec
1704 2646 1832 2683 solutio,
1848 2647 1920 2677 licet
1945 2647 1984 2677 ab
2013 2643 2172 2687 aliquibus
2198 2650 2343 2676 teneatur
2368 2650 2407 2675 ut
2431 2653 2513 2680 vera,

1458 2691 1633 2720 secundum
1649 2691 1823 2721 doctrinam
1839 2690 1986 2721 Auctoris
2010 2700 2076 2721 non
2099 2696 2146 2721 est
2160 2699 2242 2726 vera,
2262 2695 2300 2720 ut
2321 2688 2354 2719 in
2369 2687 2522 2730 sequenti)

1458 2734 1556 2765 dubio
1580 2735 1705 2774 patebit.
1720 2735 1737 2754 *
1753 2735 1844 2766 Unde
1868 2735 1955 2766 aliter
1979 2734 2149 2765 dicendum
2172 2741 2231 2770 est,
2252 2733 2342 2774 quod
2365 2732 2464 2773 gratia
2483 2737 2523 2773 et

1459 2778 1561 2818 culpa,
1577 2778 1649 2809 licet
1664 2779 1807 2810 absolute
1826 2786 1857 2810 et
1871 2785 2015 2819 respectu
2035 2778 2176 2809 hominis
2198 2787 2266 2808 non
2282 2778 2353 2808 sint
2367 2777 2523 2818 opposita.

1458 2822 1653 2859 immediata;
1676 2831 1819 2864 respectu
1849 2830 1955 2854 tamen
1983 2823 2123 2855 hominis
2154 2822 2234 2863 lapsi
2265 2828 2340 2853 sunt
2368 2820 2523 2863 opposita

1458 2866 1639 2897 immediata
1663 2877 1699 2897 ex
1726 2867 1910 2898 habitudine
1938 2874 2151 2898 extremorum
2174 2866 2215 2897 ad
2237 2866 2298 2897 tale
2326 2865 2516 2905 subiectum.

1460 2911 1547 2942 Sicut
1570 2911 1654 2941 enim
1669 2911 1748 2942 inter
1767 2921 1894 2942 caecum
1919 2918 1950 2942 et
1972 2911 2082 2942 videns
2096 2916 2239 2952 respectu
2262 2909 2347 2941 canis
2363 2909 2517 2946 absolute,

1460 2955 1553 2986 datur
1568 2955 1709 2986 medium
1728 2965 1783 2996 per
1797 2955 2038 2995 abnegationem
2049 2979 2056 2992 ‚
2076 2962 2108 2986 et
2125 2961 2268 2996 respectu
2289 2954 2430 2985 eiusdem
2445 2958 2519 2994 post

1460 3009 1584 3030 nonum
1607 3000 1691 3030 diem
1710 3010 1775 3030 non
1799 3000 1891 3030 datur
1913 2999 2056 3030 medium
2072 2998 2172 3042 (canis
2194 2999 2282 3030 enim
2298 3005 2371 3030 ante
2391 3004 2534 3039 nonunt*

1461 3043 1543 3074 diem
1568 3053 1625 3074 nec
1646 3051 1692 3074 est
1714 3053 1824 3075 caecus
1848 3053 1905 3074 nec
1927 3043 2051 3080 videns;
2075 3050 2148 3084 post
2170 3052 2295 3074 nonum
2310 3049 2418 3073 autem
2432 3041 2520 3073 diem

2535 361 2543 369 ”
2569 359 2616 387 Qu.
2641 365 2747 387 mxvii,

2534 389 2576 408 art.
2591 385 2614 408 6.

2636 423 2651 439 κ

2537 1109 2750 1138 ‘many-..Denta

2540 1135 2614 1163 Nom„
2629 1141 2681 1164 etp.
2695 1141 2727 1158 nv.
2737 1147 2750 1153 -

2538 1163 2563 1185 S.
2572 1162 2619 1184 Th.
2628 1163 2681 1184 len.
2690 1168 2759 1195 mr.-

2539 1325 2606 1353 ’Qn-
2616 1330 2663 1354 en,
2673 1329 2715 1348 art.
2725 1331 2751 1352 4.

2542 2739 2553 2750 “
2563 2739 2637 2762 Num.
2646 2743 2690 2761 vm
2702 2743 2755 2767 sqq.

1461 3094 1516 3118 aut
1539 3095 1584 3118 est
1607 3098 1717 3118 caecus
1733 3095 1787 3119 aut
1802 3086 1943 3131 videns);
1966 3087 2010 3119 ita
2031 3088 2112 3119 inter
2130 3087 2263 3129 gratiam
2274 3093 2311 3121 et
2329 3086 2458 3127 culpam
2472 3095 2520 3121 ro·
2567 3115 2581 3128 5,
2627 3114 2676 3126 ,Η
2703 3122 2706 3126 ,
2736 3113 2737 3120 ³

1461 3139 1570 3172 spectu
1594 3132 1732 3162 hominis
1748 3132 1892 3163 absolute
1916 3132 2007 3163 datur
2030 3131 2174 3162 medium
2188 3129 2526 3178 per‘abnegationem'g
2571 3144 2579 3153 >⁴
2607 3140 2656 3153 Ἢ·

1462 3176 1516 3206 sed
1548 3183 1690 3216 respectu
1713 3176 1853 3206 hominis
1883 3176 1963 3217 lapsi
1985 3185 2052 3206 non
2075 3176 2167 3206 datur
2198 3175 2350 3206 mediutm
2377 3172 2419 3206 Et
2440 3167 2519 3205 taffo

1462 3226 1508 3251 est
1526 3220 1600 3261 quia
1623 3220 1723 3251 horno
1746 3221 1853 3261 lapsus
1869 3230 1901 3251 se
1926 3218 2019 3251 habet
2042 3220 2081 3250 ad
2104 3220 2181 3250 haec
2196 3226 2234 3250 ut
2254 3219 2294 3250 ad
2310 3217 2525 3259 privationtffii*

1462 3271 1492 3295 et
1514 3264 1672 3295 habitum:
1698 3265 1851 3305 quoniam
1875 3275 1911 3295 ex
1934 3264 1996 3295 hoc
2019 3265 2116 3305 quod.
2131 3263 2280 3304 peccavit,
2296 3263 2455 3293 subiectus
2474 3266 2521 3292 est

1462 3308 1629 3349 privationi
1645 3309 1838 3339 rectitudinis
1857 3308 1981 3349 gratiae,
1996 3308 2077 3339 idest
2099 3307 2268 3349 privationi
2288 3303 2520 3338 coniunctionis

1464 3353 1503 3383 ad
1526 3353 1632 3383 Deum
1651 3353 1811 3384 obiectum
1835 3352 1986 3389 caritatis;
2010 3352 2086 3393 quia
2109 3361 2146 3383 ex
2161 3349 2276 3384 actuali
2298 3349 2459 3381 aversione
2482 3348 2520 3378 ab

1463 3397 1715 3428 incommutabili
1737 3397 1825 3427 bono
1841 3407 1939 3437 quam
1958 3397 2119 3437 peccando
2140 3394 2259 3431 habuit,
2275 3399 2417 3424 remanet
2431 3392 2525 3433 quasi

1465 3441 1663 3472 habitualiter
1685 3441 1806 3472 aversio
1831 3441 1869 3472 ab
1893 3441 2016 3476 eodem,
2041 3450 2105 3480 qua
2127 3439 2252 3471 obicem
2273 3437 2387 3469 retinet
2409 3443 2440 3468 et
2462 3436 2520 3467 im-

1465 3485 1683 3526 pedimentum
1707 3485 1830 3516 divinae
1853 3484 2020 3515 infusionis
2043 3483 2168 3523 gratiae.
2187 3483 2228 3513 Et
2249 3487 2417 3522 propterea
2438 3490 2522 3521 opus
