2840 4010
84 338 91 346 ¹
107 336 173 358 Vei-s.
190 341 218 363 ¹3·

82 893 108 912 4.

83 1971 262 2000 'Quam-rt.

85 2003 204 2026 quum,
219 2001 261 2020 ιη.
276 2004 287 2020 2

1000 194 1264 241 QUAEsrio
1295 195 1430 240 cvm,
1460 193 1754 230 ARTICULUS
1784 193 1832 230 111

320 273 423 311 tione
456 273 630 322 Apostoli
666 273 840 321 leguntur
877 273 963 310 oleo
992 273 1164 311 infirmos
1199 273 1379 320 ungendo

320 337 484 372 sanasse,
505 333 547 362 ut
573 326 735 364 habetur
753 327 872 364 Marc.
893 337 927 362 vl
947 325 978 362 *.
1001 326 1110 373 Quae
1139 332 1227 362 sunt
1254 337 1379 361 novae

319 377 410 426 legis
438 387 685 417 sacramenta.

373 431 514 469 Rectus
543 439 670 469 autem
698 431 837 480 gratiae
872 443 965 468 usus
994 437 1050 467 est
1075 442 1143 478 per
1175 441 1294 477 opera
1322 442 1381 465 ca-

322 483 450 520 ritatis.
471 485 582 532 Quae
602 484 758 534 quidem
778 483 989 521 secundum
1015 483 1120 531 quod
1144 489 1231 518 sunt
1250 482 1297 518 de
1318 494 1381 518 ne-

321 536 493 574 cessitate
520 537 679 584 virtutis‚
700 537 886 586 pertinent
904 535 953 572 ad
980 542 1182 583 praecepta
1211 535 1380 581 moralia,

322 601 421 638 quae
437 590 551 627 etiam
570 590 610 627 in
627 589 747 628 veteri
761 589 843 636 lege
861 587 1116 624 tradebantur.
1138 587 1248 623 Unde
1263 599 1381 635 quan-

322 650 404 680 tum
424 643 475 680 ad
500 644 592 690 hoc,
612 644 671 680 lex
697 653 802 679 nova
820 652 935 688 super
951 647 1124 676 veterem
1143 640 1284 676 addere
1304 651 1382 676 non

324 695 454 732 debuit
479 695 577 733 circa
592 694 782 732 exteriora
801 693 959 741 agenda.
976 713 999 720 -
1020 692 1296 730 Determinatio
1317 701 1383 729 au-

323 755 400 785 tem
429 748 712 797 praedictorum
745 758 906 794 operum
935 745 973 782 in
1003 746 1136 782 ordine
1162 745 1212 782 ad
1241 746 1382 782 cultum

323 800 408 848 Dei,
427 795 590 850 pertinet
606 799 655 837 ad
673 806 876 848 praecepta
897 798 1186 835 caeremonialia
1202 798 1314 846 legis;
1344 798 1382 835 in

84 861 92 870 ·
109 859 158 887 Qu·
171 865 237 886 ιω,
253 863 295 880 art·
324 853 456 891 ordine
470 865 564 890 vero
579 853 628 890 ad
642 851 872 901 proximum,
889 853 937 889 ad
956 851 1160 897 iudicialia;
1179 858 1222 888 ut
1240 851 1383 900 supra*

325 905 466 943 dictum
499 913 565 942 est.
595 905 644 942 Et
671 904 779 951 ideo,
809 905 899 953 quia
925 904 1017 941 istae
1050 903 1382 941 determinationes

323 970 402 995 non
429 966 516 996 sunt
551 958 763 995 secundum
791 970 831 994 se
861 958 908 994 de
941 957 1162 994 necessitate
1198 956 1383 994 interioris

323 1011 474 1058 gratiae,
496 1011 535 1048 in
561 1021 638 1059 qua
665 1011 722 1047 lex
753 1011 940 1055 consistit;
968 1010 1110 1047 idcirco
1128 1012 1216 1047 'non
1244 1011 1384 1047 cadunt

325 1064 396 1101 sub
424 1070 629 1112 praecepto
658 1075 783 1100 novae
812 1064 916 1111 legis,
937 1063 1004 1100 sed
1028 1063 1288 1112 relinquuntur
1315 1063 1384 1099 hu-

324 1127 441 1155 mano
478 1116 653 1162 arbitri03
686 1116 876 1165 quaedam
914 1116 1071 1165 quidem
1111 1116 1295 1164 quantum
1334 1117 1382 1152 ad

323 1169 495 1207 subditos
511 1198 520 1215 ,
554 1181 651 1218 quae
689 1169 829 1206 scilicet
862 1169 1050 1218 pertinent
1084 1167 1296 1216 singiliatim
1333 1169 1383 1205 ad

322 1233 659 1273 unumquemque;
684 1223 875 1271 quaedam
899 1234 993 1259 vero
1014 1221 1064 1259 ad
1081 1222 1270 1270 praelatos
1289 1228 1383 1258 tem-

321 1274 475 1323 pore-les
499 1276 561 1312 vel
590 1275 812 1325 spirituales,
840 1287 939 1323 quae
963 1274 1104 1312 scilicet
1129 1274 1318 1323 pertinent
1335 1275 1383 1311 ad

323 1327 522 1365 utilitatem
551 1340 812 1365 communem.
969 1331 972 1334 ’

378 1380 442 1417 Sic
466 1380 580 1428 igitur
604 1382 663 1418 lex
691 1393 795 1418 nova
822 1381 924 1417 nulla
953 1380 1024 1418 alia
1057 1380 1241 1419 exteriora
1267 1392 1384 1429 opera

326 1432 579 1471 determinare
600 1433 731 1471 debuit
753 1433 1022 1482 praecipiendo
1049 1434 1112 1470 vel
1129 1433 1382 1482 prohibendo,

324 1485 396 1526 nisi
416 1493 676 1533 sacramenta,
697 1493 733 1524 et
751 1486 911 1523 moralia
938 1494 1140 1536 praecepta
1157 1487 1256 1535 quae
1276 1486 1324 1523 de
1343 1499 1384 1523 se

323 1538 512 1586 pertinent
529 1539 578 1576 ad
597 1539 783 1576 rationem
799 1539 957 1586 virtutis,
977 1547 1070 1587 puta
1087 1551 1166 1577 non
1185 1551 1266 1576 esse
1286 1539 1385 1576 occi-

324 1590 510 1639 dendum,
539 1602 618 1629 non
647 1604 730 1629 esse
759 1592 978 1638 furandum,
1000 1600 1036 1629 et
1053 1592 1127 1629 alia
1152 1591 1382 1629 huiusmodi.

351 1681 354 1683 ,
376 1646 438 1682 An
465 1655 602 1682 patmum
630 1657 728 1682 ERGO
757 1657 940 1682 mCENDUM
969 1645 1074 1693 quod
1102 1657 1148 1682 ea
1172 1657 1269 1693 quae
1298 1653 1385 1682 sunt

324 1696 428 1744 fidei,
450 1704 537 1735 sunt
564 1709 678 1746 supra
697 1698 883 1735 rationem
907 1699 1134 1735 humanam:
1152 1698 1257 1735 unde
1282 1698 1320 1735 in
1341 1711 1384 1735 ea

324 1762 409 1789 non·
423 1762 628 1799 possumus
645 1751 845 1799 pervenire
865 1751 934 1787 nisi
952 1763 1022 1799 per
1035 1750 1204 1799 gratiam.
1221 1751 1270 1788 Et
1282 1751 1383 1799 ideo,

325 1803 591 1842 abundantiori
619 1804 737 1851 gratia
764 1804 1067 1852 superveniente,
1089 1803 1255 1852 oportuit
1276 1805 1385 1853 plura

325 1856 517 1894 credenda
544 1856 732 1905 explicari.
759 1856 835 1894 Sed
865 1857 912 1894 ad
941 1869 1060 1905 opera
1089 1856 1270 1894 virtutum
1300 1857 1385 1894 diri-

324 1908 450 1956 gimur
476 1921 547 1958 per
573 1909 759 1947 rationem
787 1910 1018 1956 naturalem,
1047 1921 1146 1958 quae
1175 1917 1230 1947 est
1257 1911 1385 1958 regula

273 1978 295 2000 3³
324 1962 516 2010 quaedam
536 1962 764 2012 operationis
783 1963 988 2009 humanae,
1008 1970 1051 1999 ut
1071 1973 1188 2012 supra
1202 1962 1224 1984 ⁸
1242 1963 1384 2000 dictum

290 2013 296 2020 ’
327 2021 394 2053 est.
416 2015 466 2053 Et
493 2015 581 2052 ideo
600 2016 639 2052 in
666 2015 724 2053 his
743 2028 822 2052 non
851 2015 1018 2064 oportuit
1036 2014 1162 2064 aliqua
1183 2024 1386 2066 praecepta

325 2067 407 2107 dari
433 2068 531 2105 ultra
557 2068 716 2106 moralia
744 2069 833 2116 legis
860 2070 1074 2118 praecepta,
1098 2077 1312 2117 quaesunt
1339 2070 1385 2106 de

327 2120 529 2158 dictamine
559 2121 724 2158 rationis.
1000 2124 1002 2127 '
1284 2123 1286 2126 ’

378 2175 436 2211 An
474 2185 668 2212 SECUNDUM
709 2186 893 2211 mCENDUM
926 2174 1030 2222 quod
1067 2173 1106 2211 in
1140 2175 1386 2211 sacramentis

325 2239 452 2276 novae
472 2226 563 2274 legis
581 2228 691 2264 datur
709 2227 839 2274 gratia,
855 2239 954 2276 quae
974 2239 1055 2264 non
1073 2233 1131 2264 est
1143 2226 1219 2264 *nisi
1237 2239 1263 2274 a
1279 2228 1384 2265 Chri-

327 2287 401 2317 sto:
428 2287 464 2316 et
491 2279 578 2318 ideo
608 2280 775 2329 oportuit
802 2280 907 2328 quod
935 2279 984 2316 ab
1012 2280 1094 2329 ipso
1112 2279 1384 2318 institutionem

325 2333 520 2371 haberent.
551 2333 629 2370 Sed
656 2333 695 2370 in
723 2333 837 2370 sacris
865 2345 944 2369 non
969 2333 1082 2370 datur
1097 2332 1223 2382 aliqua
1244 2333 1383 2381 gratia:

325 2393 419 2434 puta
439 2385 480 2424 in
508 2385 792 2423 consecratione
820 2385 949 2435 templi
977 2386 1040 2422 vel
1060 2385 1186 2423 altaris
1208 2387 1271 2423 vel
1295 2387 1386 2423 alio-

326 2450 412 2477 rum
440 2439 672 2486 huiusmodi,
693 2447 758 2476 aut
786 2438 898 2476 etiam
917 2438 956 2475 in
983 2438 1067 2487 ipsa
1094 2438 1306 2476 celebritate
1327 2452 1387 2476 so-

326 2491 574 2529 lemnitatum.
606 2493 654 2529 Et
672 2491 759 2529 ideo
781 2491 878 2538 talia,
909 2492 997 2540 quia
1025 2492 1236 2529 secundum
1263 2492 1387 2542 seipsa

326 2556 406 2583 non
433 2545 622 2594 pertinent
649 2545 699 2582 ad
727 2545 989 2581 necessitatem
1018 2544 1202 2581 interioris
1228 2546 1384 2593 gratiae,

326 2598 518 2634 Dominus
555 2598 731 2634 fidelibus
769 2598 997 2634 instituenda
1032 2597 1180 2646 reliquit
1204 2610 1284 2646 *pro
1318 2611 1386 2635 suo

326 2650 493 2688 arbitrio.

379 2705 439 2740 An
457 2715 618 2740 TERTmM
633 2715 818 2740 »lemnum
837 2703 942 2751 quod
962 2702 1023 2739 illa
1037 2711 1242 2752 praecepta
1252 2704 1385 2741 Domi-

327 2768 399 2793 nus
437 2756 540 2794 dedit
572 2756 767 2804 Apostolis
801 2768 880 2793 non
915 2763 1099 2804 tanquam
1131 2757 1386 2794 caeremonia-

380 2869 406 2903 β)
426 2870 554 2902 accipere.
572 2884 590 2888 -
607 2870 668 2895 Om.
689 2870 740 2895 EF.

2421 192 2495 228 285

1435 272 1488 308 les
1518 271 1796 318 observantias,
1821 271 1888 308 sed
1916 278 2100 318 tanquam
2129 270 2286 307 moralia
2313 270 2490 308 instituta.

1437 325 1485 360 Et
1511 332 1671 372 possunt
1697 323 1849 372 intelligi
1868 323 2075 372 dupliciter.
2096 323 2184 360 Uno
2204 323 2335 370 modo,
2361 335 2495 361 secun-

1437 376 1529 413 dum
1557 377 1823 424 Augustinurn,
1845 377 1882 413 in
1905 376 2000 413 libro
2028 377 2075 413 de
2105 376 2296 413 Consensu
2318 377 2495 425 Evange-

1437 429 1504 465 list.
1539 429 1578 476 ²⁸,
1613 438 1653 466 ut
1689 442 1767 466 non
1804 430 1876 466 sint
1914 436 2135 478 praecepta,
2172 429 2240 466 sed
2283 429 2496 465 concessio·
2522 438 2532 448 ·

1436 493 1515 517 nes.
1544 482 1743 519 Concessit
1777 482 1878 519 enim
1917 482 1971 518 eis
1999 490 2041 518 ut
2067 489 2224 531 possent
2255 493 2412 530 pergere
2445 481 2494 518 ad

1435 534 1726 580 praedicationis
1763 535 1934 572 officium
1972 535 2051 571 sine
2083 547 2176 583 pera
2213 543 2249 571 et
2280 535 2416 571 baculo
2459 542 2495 571 et

1437 586 1516 621 aliis
1553 587 1792 635 huiusmodi,
1822 596 2005 636 tanquam
2046 588 2230 624 habentes
2267 595 2494 636 potestatem

1437 640 1648 675 necessaria
1676 640 1774 676 vitae
1803 640 2013 689 accipiendi
2043 641 2090 677 ab
2119 640 2188 677 illis
2221 640 2359 689 quibus
2386 651 2494 688 prae-

1438 690 1634 728 dicabant:
1655 693 1765 729 'unde
1793 693 1938 730 subdit:
1969 694 2118 742 Dignus
2151 694 2250 730 enim
2279 699 2332 730 est
2363 705 2494 741 opera-

1436 744 1516 780 rius
1530 745 1611 781 cibo
1629 757 1710 781 suo.
1727 746 1819 782 Non
1838 753 1965 782 autem
1983 754 2127 794 peccat,
2148 747 2215 783 sed
2235 753 2491 794 supererogat,

1438 796 1502 844 qui
1530 809 1600 833 sua
1626 805 1762 846 portat,
1783 810 1828 834 ex
1857 798 1993 846 quibus
2016 799 2122 835 vivat
2147 799 2186 835 in
2205 798 2495 847 praedicationis

1438 849 1587 896 officio,
1621 862 1700 887 non
1732 850 1920 899 accipiens
1957 859 2152 899 sumptum
2187 852 2234 888 ab
2267 851 2324 888 his
2356 851 2495 900 quibus

1437 902 1690 950 Evangelium
1718 903 1926 951 praedicat:
1957 903 2052 940 sicut
2079 905 2219 940 Paulus
2247 904 2333 940 fecit
2350 904 2382 941 *,

1491 955 1575 991 Alio
1596 956 1715 992 modo
1735 963 1895 1004 possunt
1917 956 2080 1003 intelligi,
2101 957 2312 993 secundum
2333 957 2493 993 aliorum
2522 943 2553 963 '¹'
2569 943 2582 957 v

1439 1007 1668 1044 Sanctorum
1688 1008 1975 1056 expositionem,
1995 1016 2037 1045 ut
2060 1009 2132 1045 sint
2151 1009 2340 1056 quaedam
2361 1017 2497 1046 statuta

1437 1060 1661 1108 temporalia
1689 1061 1883 1109 Apostolis
1912 1061 1998 1098 data
2026 1074 2096 1110 pro
2124 1062 2187 1098 illo
2216 1069 2389 1110 tempore
2418 1073 2494 1110 quo

1438 1112 1681 1150 mittebantur
1696 1114 1744 1150 ad
1758 1114 2056 1162 praedicandum
2072 1114 2109 1151 in
2126 1116 2266 1152 Iudaea
2285 1122 2370 1151 ante
2392 1114 2496 1150 Chri-

1438 1165 1483 1202 sti
1518 1166 1750 1214 passionem.
1786 1167 2007 1214 Indigebant
2035 1167 2138 1204 enim
2166 1167 2358 1216 discipuli,
2389 1167 2496 1215 quasi

1438 1219 1564 1255 adhuc
1590 1220 1740 1268 parvuli
1767 1221 1838 1256 sub
1869 1220 2005 1257 Christi
2033 1232 2122 1257 cura
2156 1220 2371 1267 existentes,
2402 1219 2497 1256 acci-

1438 1283 1528 1319 pere
1554 1270 1569 1301 β
1596 1272 1722 1321 aliqua
1754 1273 1931 1321 specialia
1962 1273 2127 1310 instituta
2155 1286 2177 1310 a
2206 1273 2373 1320 Christo,
2403 1272 2498 1309 sicut

1440 1331 1475 1360 et
1503 1325 1660 1372 quilibet
1692 1326 1832 1362 subditi
1859 1338 1882 1362 a
1910 1326 1987 1362 suis
2008 1326 2200 1375 praelatis:
2231 1334 2267 1362 et
2294 1325 2498 1374 praecipue

1439 1377 1525 1425 quia
1555 1386 1660 1415 erant
1686 1379 1868 1427 paulatim
1901 1379 2128 1416 exercitandi
2155 1387 2197 1415 ut
2228 1378 2497 1427 temporalium

1438 1430 1726 1468 sollicitudinem
1755 1431 1993 1478 abdicarent,
2013 1444 2082 1480 per
2109 1432 2213 1480 quod
2243 1432 2498 1468 reddebantur

1438 1483 1566 1520 idonei
1595 1484 1644 1521 ad
1671 1485 1746 1521 hoc
1775 1485 1877 1532 quod
1906 1484 2158 1532 Evangelium
2187 1497 2255 1533 per
2279 1484 2497 1521 universum

1439 1537 1573 1573 orbem
1590 1537 1864 1585 praedicarent.
1885 1538 1969 1573 Nec
1989 1545 2044 1574 est
2061 1538 2202 1574 mirum
2223 1537 2263 1584 si,
2284 1537 2410 1574 adhuc
2430 1537 2498 1573 du-

1439 1597 1544 1625 rante
1579 1597 1677 1627 statu
1703 1590 1842 1627 veteris
1874 1590 1982 1638 legis,
2014 1598 2049 1626 et
2081 1590 2255 1627 nondum
2291 1590 2498 1638 perfectam

1438 1641 1649 1679 libertatem
1679 1642 1837 1692 Spiritus
1857 1643 2080 1690 consecutis,
2110 1643 2300 1691 quosdam
2320 1642 2498 1679 determi-

1439 1702 1547 1731 natos
1577 1696 1715 1732 modos
1734 1695 1889 1732 vivendi
1918 1696 2084 1732 instituit.
2115 1696 2224 1742 Quae
2253 1695 2408 1744 quidem
2428 1702 2500 1732 sta-

1439 1754 1528 1794 tuta,
1557 1748 1780 1786 imminente
1807 1748 1996 1797 passione,
2027 1749 2208 1797 removit,
2237 1756 2419 1797 tanquam
2446 1747 2498 1785 di-

1439 1801 1590 1849 scipulis
1618 1801 1694 1838 iam
1721 1813 1790 1850 per
1819 1813 1863 1838 ea
1891 1802 2118 1839 sufficienter
2145 1801 2362 1838 exercitatis.
2387 1800 2498 1838 Unde

1440 1855 1531 1890 Luc.
1553 1866 1625 1891 xxn
1648 1854 1668 1876 *
1696 1854 1805 1892 dixit:
1839 1854 1998 1896 Quando
2031 1855 2118 1891 misi
2142 1867 2209 1891 vos
2239 1856 2318 1891 sine
2348 1854 2498 1891 sacculo
2524 1863 2533 1873 ³

1440 1913 1474 1943 et
1494 1919 1591 1955 pera
1628 1913 1664 1944 et
1693 1908 1973 1954 calceamentis,
2003 1909 2184 1956 numquid
2210 1908 2352 1956 aliquid
2384 1907 2503 1952 defuit

1439 1960 1574 1997 vobis?
1591 1961 1643 1997 At
1661 1961 1715 1997 illi
1731 1961 1928 1997 dixerunt:
1955 1961 2075 1998 Nihil.
2097 1961 2207 1998 Dixit
2222 1972 2316 2010 ergo
2336 1960 2408 1996 eis:
2427 1960 2501 1996 Sed

1441 2025 1541 2050 nunc
1559 2014 1624 2061 qui
1635 2014 1746 2050 habet
1757 2014 1961 2060 sacculum,
1976 2014 2098 2058 tollat‚·
2115 2014 2285 2051 similiter
2302 2019 2338 2049 et
2348 2025 2497 2061 peram.

1442 2067 1521 2102 Iam
1552 2066 1652 2103 enim
1680 2066 1904 2105 imminebat
1929 2074 2080 2115 tempus
2099 2067 2286 2115 perfectae
2305 2065 2497 2111 libertatis,

1440 2127 1481 2155 ut
1509 2119 1669 2157 totaliter
1696 2131 1768 2156 suo
1791 2119 2068 2157 dimitterentur
2085 2119 2238 2157 arbitrio
2262 2119 2300 2155 in
2324 2119 2381 2155 his
2401 2130 2499 2167 quae

1441 2173 1654 2210 secundum
1683 2185 1723 2209 se
1752 2184 1831 2209 non
1858 2172 2047 2220 pertinent
2074 2172 2124 2210 ad
2143 2171 2405 2209 necessitatem
2425 2171 2500 2208 vir-

1440 2233 1537 2262 tutis.

1494 2281 1552 2315 AD
1571 2289 1744 2320 QUARTUM
1764 2290 1947 2315 mesanum
1967 2278 2072 2327 quod
2090 2277 2279 2315 iudicialia
2299 2277 2422 2322 etiam,
2444 2289 2501 2313 se—

1441 2331 1607 2368 cundum
1634 2343 1675 2368 se
1704 2331 1957 2378 considerata,
1985 2338 2178 2368 nonsunt
2205 2331 2252 2367 de
2282 2329 2501 2367 necessitate

1440 2384 1585 2420 virtutis
1610 2392 1795 2433 quantum
1825 2384 1873 2421 ad
1902 2384 2014 2420 talem
2039 2377 2411 2429 determinationem,
2433 2382 2500 2419 sed

1441 2438 1564 2474 solum
1582 2445 1768 2486 quantum
1791 2437 1842 2474 ad
1861 2449 2108 2474 communem
2122 2437 2308 2473 rationem
2329 2434 2498 2473 iustitiae.

1442 2491 1490 2527 Et
1509 2490 1596 2527 ideo
1617 2489 1804 2527 iudicialia
1822 2498 2025 2538 praecepta
2053 2490 2199 2538 reliquit
2217 2489 2408 2526 Dominus
2428 2488 2501 2524 dis-

1441 2544 1623 2592 ponenda
1654 2543 1712 2581 his
1745 2543 1809 2592 qui
1843 2555 1974 2580 curam
2007 2543 2168 2580 aliorum
2203 2549 2307 2579 erant
2338 2540 2501 2578 habituri

1441 2597 1503 2633 vel
1532 2596 1762 2644 spiritualem
1788 2597 1851 2632 vel
1879 2597 2143 2644 temporalem.
2178 2595 2256 2632 Sed
2283 2594 2381 2631 circa
2405 2593 2499 2631 iudi-

1444 2649 1549 2703 cialia
1568 2657 1771 2698 praecepta
1793 2648 1931 2686 veteris
1950 2649 2041 2696 legis
2061 2649 2251 2697 quaedam
2274 2646 2498 2695 explanavit,

1442 2710 1596 2751 propter
1622 2703 1769 2740 malum
1797 2702 2027 2739 intellectum
2049 2702 2353 2747 Pharisaeorum,
2378 2707 2419 2737 ut
2446 2700 2501 2736 in-

1442 2756 1497 2792 fra
1517 2756 1536 2777 *
1566 2755 1721 2792 dicetur.

1129 3006 1445 3050 ARTICULUS
1473 3008 1702 3049 TERTIUS

472 3098 629 3130 UTRUM
652 3090 880 3131 LEX'NovA
903 3098 1109 3130 HOMINEM
1133 3098 1263 3131 ctacA
1287 3099 1545 3132 mTERmREs
1569 3099 1711 3131 ACTUS
1734 3099 2044 3130 surmciENTER
2068 3098 2363 3129 ORDINAVERIT

357 3238 362 3245 1
385 3206 426 3245 5⁵
449 3210 515 3249 fg<
542 3199 564 3224 ι)
583 3196 743 3223 Tannum
762 3197 815 3223 slc
836 3197 1074 3224 paocem’run.
1102 3186 1262 3224 Videtur
1284 3187 1390 3236 quod
1445 3200 1533 3225 nem
1573 3187 1764 3234 adulterii,
1798 3194 1834 3223 et
1871 3187 1969 3223 circa
2003 3186 2300 3235 prohibitionem
2338 3185 2502 3236 periurii.

462 3249 483 3267 *nl

468 3270 477 3287 Χ
509 3281 513 3285 .

410 3309 468 3337 ν,
480 3277 510 3333 '²6
525 3289 530 3293 ’
544 3293 682 3330 cienter
696 3292 892 3330 hominem
909 3292 1150 3329 ordinaverit.
1173 3293 1270 3330 Sunt
1288 3292 1390 3330 enirn

387 3322 483 3380 §affl
499 3336 531 3379 X<
545 3345 679 3382 decem
721 3352 923 3394 praecepta
965 3345 1135 3393 decalogi
1177 3346 1389 3383 ordinantia

331 3397 529 3434 hominem
557 3398 607 3435 ad
626 3399 754 3435 Deum
784 3405 820 3434 et
843 3397 1073 3447 proximum.
1105 3398 1182 3435 Sed
1201 3398 1391 3435 Dominus

332 3450 458 3500 solum
475 3451 572 3488 circa
587 3451 656 3488 tria
671 3451 820 3488 illorum
837 3451 976 3500 aliquid
997 3451 1233 3499 adimplevit:
1255 3451 1392 3488 scilicet

333 3502 432 3540 circa
455 3504 753 3552 prohibitionem
773 3503 978 3552 homicidii,
1001 3510 1036 3540 et
1056 3503 1153 3541 circa
1173 3503 1390 3553 prohibitio-

484 3238 511 3281 ’ἢ
543 3239 641 3276 circa
670 3239 865 3276 interiores
893 3246 998 3276 actus
1030 3240 1089 3276 lex
1116 3252 1219 3278 nova
1246 3240 1389 3278 insuffi-
1445 3242 1546 3288 Ergo
1561 3239 1711 3277 videtur
1725 3229 1830 3288 qu<3d
1843 3239 2114 3280 insufficienter
2128 3239 2327 3276 hominem
2352 3239 2504 3276 ordina-

1442 3293 1550 3339 verit,
1572 3292 1882 3340 adimpletionem
1903 3292 2062 3329 aliorum
2082 3300 2374 3342 praeceptorum
2394 3304 2504 3341 prae-

1443 3345 1664 3382 termittens.

1501 3410 1535 3435 2.
1553 3399 1784 3445 Pam-ream,
1801 3397 1991 3435 Dominus
2005 3398 2094 3435 nihil
2110 3398 2300 3436 ordinavit
2318 3398 2356 3435 in
2376 3399 2504 3435 Evan-

1447 3451 1543 3499 gelio
1579 3451 1626 3488 de
1660 3451 1895 3488 iudicialibus
1928 3451 2138 3501 praeceptis
2172 3451 2241 3489 nisi
2271 3452 2367 3489 circa
2397 3462 2506 3499 repu-

1448 3503 1553 3540 dium
1582 3504 1725 3552 uxoris,
1756 3512 1792 3541 et
1821 3504 1916 3541 circa
1945 3516 2111 3553 poenam
2140 3504 2308 3552 talionis,
2338 3512 2373 3541 et
2408 3503 2504 3540 circa

2543 911 2551 931 1
2578 910 2594 931 d
2606 910 2654 932 Cor
2662 927 2670 937 ,
2681 916 2723 937 cap

2584 943 2628 958 ers.
2642 943 2658 962 4
2672 943 2723 964 sqq.

2550 1862 2616 1883 Vei-s.
2631 1867 2655 1890 35
2669 1867 2706 1889 sq.

2528 2758 2537 2767 '
2548 2758 2597 2777 Art.
2611 2762 2667 2784 seq.y
2680 2756 2707 2777 ad
2718 2761 2739 2776 2.
