2840 4010
0 2099 5 2114 v
0 2043 3 2061 -v
0 2021 2 2029 —
0 1913 7 2010 -vn-r<
0 1870 6 1894 v*
0 1715 11 1861 1——v·.*vc-„

87 1061 100 1071 ”
114 1060 180 1083 Vm.
195 1067 219 1089 9.

997 115 1263 162 QUAESTIO
1293 116 1378 164 CII,
1408 116 1704 154 ARTICULUS
1735 117 1784 163 11,
1815 118 1862 153 III

2406 96 2411 101 ι
2434 125 2509 161 229

1095 234 1410 277 ARTICULUS
1441 234 1739 277 SECUNDUS

633 328 787 359 UTRUM
811 327 1065 358 PRAECEPTA
1090 325 1446 357 CAEREMONIALIA
1469 321 1676 359 HABEANT
1700 327 1876 358 CAUSAM
1901 327 2200 363 LITTERALEM,

1077 394 1079 396 .
1133 369 1218 400 VEL
1242 369 1492 400 FIGURALEM
1514 370 1702 402 TANTUM

1217 446 1261 470 Ad
1278 446 1365 476 Rom„
1385 454 1442 479 cap.
1461 455 1495 478 ιν,
1515 448 1572 472 lect.
1591 456 1618 473 ιι.

363 545 385 575 2.

361 549 429 588 ,avj-‚⁵
446 549 503 581 *αις

359 574 514 641 ᾐώέᾲῗῦ

541 589 743 632 praecepta
777 577 1068 617 caeremonialia
1108 590 1186 615 non
1222 578 1388 614 habeant

367 641 397 680 Q]
411 653 470 683 v»,
542 646 696 672 causam
711 632 919 677 litteralem,
931 631 998 668 sed
1013 631 1211 679 figuralem
1227 637 1385 667 tantum.

350 666 372 695 1³
389 665 485 722 ζ’·-ῐῧ
507 678 533 725 'a
542 689 642 725 Inter
649 691 851 735 praecepta
862 685 963 721 enim
981 683 1270 721 caeremonialia
1279 695 1387 732 prae-

332 734 480 789 cipuast
507 747 614 777 erant
641 737 888 784 circumcisio,
910 744 946 774 et
973 737 1183 774 immolatio
1210 735 1295 784 agni
1321 748 1388 785 pa-

330 792 478 830 schalis.
499 792 573 830 Sed
600 795 806 840 utrumque
835 790 994 827 istorum
1022 803 1101 827 non
1123 790 1289 827 habebat
1315 788 1386 825 nisi

331 856 485 882 causam
498 845 716 894 figuralem:
736 843 824 892 quia
838 844 1216 892 utrumque'istorum
1233 841 1361 878 datum
1372 841 1387 872 β

331 905 387 935 est
412 898 452 935 in
469 898 631 946 signum.
652 896 796 934 Dicitur
814 897 916 933 enim
941 897 1032 934 Gen.
1053 908 1125 934 xvix
1143 895 1183 932 *z
1217 895 1385 933 Circum-

329 949 455 988 cidetztr
481 962 635 988 carnem
658 950 850 999 praeputii
875 951 1003 996 vestri,
1031 955 1072 987 ut
1095 949 1144 987 sit
1169 950 1206 986 in
1233 948 1384 998 signum

317 1002 491 1052 foederis
507 1004 681 1041 interme
699 1009 735 1042 et
751 1015 828 1040 vos.
851 1003 900 1040 Et
920 1004 967 1040 de
987 1001 1238 1040 celebratione
1262 1001 1385 1038 Phase

329 1055 465 1094 dicitur
490 1057 615 1094 Exod.
636 1068 696 1093 xm
715 1056 755 1093 *ε
783 1056 870 1093 Erit
890 1057 999 1105 quasi
1022 1056 1174 1107 signum
1202 1055 1239 1093 in
1269 1065 1385 1093 manu

327 1114 404 1154 tua,
424 1114 460 1145 et
471 1110 585 1159 quasi
601 1115 885 1147 monumentum
913 1115 999 1146 ante
1017 1109 1144 1146 oculos
1169 1113 1261 1144 tuos.
1282 1108 1384 1155 Ergo

309 1162 448 1203 ,multo
477 1163 597 1211 magis
625 1162 697 1199 alia
724 1162 1014 1211 caeremonialia
1041 1173 1125 1199 non‘
1147 1161 1289 1198 habent
1316 1160 1386 1197 nisi

178 1218 181 1225 ¹
251 1210 266 1215 ”
327 1225 486 1265 causam
500 1216 722 1264 figuralem.

86 1385 99 1396 ·
113 1383 161 1412 Qu.
176 1389 207 1412 ci,
222 1388 264 1407 m.
277 1390 299 1407 2.

324 1266 419 1305 ‘'''‘2.‘
437 1270 671 1316 PRAETEREA,
688 1267 844 1305 effectus
862 1267 1170 1318 proportionatur
1188 1278 1278 1304 suae
1299 1279 1385 1303 cau-

327 1332 404 1358 sae-⁶
426 1322 503 1359 Sed
531 1322 661 1359 omnia
690 1320 988 1364 caeremonialia
1014 1329 1100 1358 sunt
1125 1320 1314 1367 figuralia,
1343 1328 1385 1357 ut

326 1385 442 1423 supra
466 1374 489 1397 '⁸
516 1374 656 1412 dictum
693 1381 758 1411 est.
785 1374 887 1421 Ergo
916 1386 994 1411 non
1027 1374 1168 1411 habent
1195 1372 1264 1410 nisi
1297 1385 1383 1410 cau-

325 1438 409 1464 sam
435 1426 646 1476 figuralem.

380 1479 416 1518 3.
435 1479 670 1526 paim-emm,
690 1479 781 1517 illud
811 1480 915 1528 quod
945 1480 992 1517 de
1012 1493 1052 1517 se
1081 1487 1140 1517 est
1162 1478 1383 1517 indifferens

323 1539 450 1570 utrum
479 1533 532 1570 sic
558 1534 622 1570 vel
649 1545 728 1570 non
763 1533 814 1569 sic
843 1533 928 1580 fiat,
956 1545 1034 1570 non
1059 1533 1214 1571 videtur
1240 1533 1382 1571 habere

322 1586 489 1637 aliquam
512 1586 709 1623 litteralem
738 1598 904 1623 causam.
927 1587 1003 1624 Sed
1022 1586 1212 1635 quaedam
1241 1594 1326 1624 sunt
1344 1587 1381 1624 in

213 1641 221 1651 ‘
262 1632 291 1644 '⁷
321 1638 535 1688 praeceptis
573 1639 912 1676 caeremonialibus
954 1652 1053 1688 quae
1091 1650 1170 1678 non
1204 1639 1383 1677 videntur

267 1729 272 1732 .
322 1690 475 1730 differre
502 1699 631 1730 utrum
660 1691 713 1729 sic
730 1692 792 1729 vel
821 1693 874 1729 sic
891 1693 1003 1730 fiant:
1030 1694 1128 1730 sicut
1154 1701 1209 1730 est
1237 1693 1284 1730 de
1312 1706 1380 1731 nu-

78 2017 93 2030 *
105 2016 175 2040 'Ven-
189 2022 217 2040 ιι.

322 1757 432 1783 mero
453 1745 675 1782 animalium
697 1745 995 1791 offerendorum,
1013 1754 1050 1783 et
1068 1746 1148 1783 aliis
1161 1746 1381 1784 huiusmodi

322 1798 609 1852 particularibus
638 1798 935 1836 circumstantiis.
958 1799 1061 1848 Ergo
1088 1807 1288 1849 praecepta
1315 1813 1381 1837 ve-

321 1850 409 1888 teris
435 1851 527 1899 legis
555 1863 635 1889 non
661 1851 804 1888 habent
831 1852 1016 1889 rationem
1044 1852 1249 1890 litteralem.

323 1920 326 1923 ·
377 1905 452 1942 SED
481 1916 638 1951 CONTRA,
667 1904 762 1941 sicut
789 1913 992 1954 praecepta
1021 1905 1309 1944 caeremonialia
1336 1907 1380 1944 fi-

321 1957 508 2005 gurabant
525 1957 732 2005 Christum,
753 1957 803 1995 ita
823 1958 936 1995 etiam
955 1958 1133 1997 historiae
1147 1960 1291 1997 Veteris
1305 1961 1381 1997 Te-

321 2010 518 2047 stamenti:
544 2010 678 2048 dieitur
697 2011 798 2048 enim
820 2012 834 2048 I
854 2011 906 2048 ad
927 2012 1016 2049 Cor.
1035 2025 1059 2050 x
1076 2012 1108 2060 ²¹³,
1129 2012 1232 2063 quod
1251 2014 1380 2050 omnia

255 2063 257 2069 ’
320 2063 358 2100 in
376 2063 555 2114 figuram
573 2063 841 2113 contingebant
866 2064 948 2102 illis.
970 2065 1046 2102 Sed
1065 2065 1102 2103 in
1125 2065 1288 2103 historiis
1306 2067 1380 2103 Ve-

79 2335 90 2345 '
103 2334 156 2357 Art.
172 2334 277 2363 praeced.

80 3414 88 3424 ⁴
95 3413 155 3435 Vide
162 3413 246 3436 librum
252 3413 292 3436 Le·

79 3440 120 3461 vit.
132 3440 229 3468 passim.

321 2117 410 2154 teris
437 2116 691 2163 Testamenti,
727 2125 878 2166 praeter
909 2118 1139 2156 intellectum
1175 2119 1378 2168 mysticum

320 2182 389 2207 seu
406 2170 618 2218 figuralem,
641 2177 696 2207 est
716 2170 828 2207 etiam
851 2170 1060 2209 intellectus
1080 2171 1255 2210 litteralis.
1277 2173 1378 2221 Ergo

321 2222 434 2260 etiam
457 2230 660 2271 praecepta
686 2223 989 2271 caeremonialia,
1008 2233 1159 2274 praeter
1185 2236 1317 2263 causas
1335 2226 1379 2263 fi-

321 2276 481 2324 gurales,
502 2276 696 2313 habebant
724 2276 836 2314 etiam
865 2289 998 2315 causas
1024 2278 1210 2316 litterales.

373 2329 599 2381 RasPONDEo
618 2341 803 2368 DICENDUM
822 2330 939 2378 quod,
960 2330 1056 2368 sicut
1074 2343 1188 2381 supra
1201 2331 1222 2354 ⁸
1237 2331 1379 2369 dictum

320 2389 387 2428 est,
405 2381 499 2419 ratio
519 2394 655 2419 eorum
671 2394 770 2430 quae
790 2383 941 2420 suntad
955 2384 1087 2432 finem,
1103 2392 1253 2433 oportet
1273 2385 1377 2435 quod

319 2434 448 2472 a·fine
476 2443 659 2472 sumatur.
691 2435 792 2473 Finis
821 2444 948 2473 autem
978 2445 1267 2486 praeceptorum
1297 2451 1379 2475 cae-

318 2487 585 2525 remonialium
621 2496 676 2526 est
708 2489 867 2538 duplex:
895 2490 1168 2528 ordinabantur
1197 2491 1299 2528 enim
1332 2493 1378 2529 ad

319 2541 461 2578 cultum
489 2540 560 2578 Dei
589 2553 659 2590 pro
688 2549 861 2591 tempore
890 2542 964 2589 illo,
996 2551 1032 2580 et
1058 2544 1108 2580 ad
1135 2544 1378 2592 figurandum

320 2593 536 2640 Christum
572 2594 668 2631 sicut
702 2595 816 2633 etiam
857 2595 975 2633 verba
1016 2597 1289 2645 prophetarum
1326 2597 1380 2634 sic

319 2645 571 2695 respiciebant
597 2659 778 2695 praesens
805 2655 968 2697 tempus,
995 2651 1098 2698 quod
1128 2650 1239 2687 etiam
1267 2651 1308 2688 in
1335 2651 1378 2687 fi-

319 2708 453 2746 guram
473 2699 585 2736 futuri
605 2700 837 2749 dicebantur,
854 2709 896 2738 ut
915 2702 1174 2751 Hieronymus
1199 2703 1297 2746 dicit,
1317 2716 1378 2740 su-

372 2803 401 2836 α)
414 2804 572 2836 praecipua.
589 2818 609 2824 -
622 2805 767 2838 praecipue
785 2806 826 2831 vel
840 2806 1003 2839 praecipuae
1021 2807 1134 2834 codices.
1179 2798 1186 2803 X

373 2837 398 2872 β)
417 2839 520 2865 datum.
537 2853 556 2859 -
573 2840 672 2866 dictum
692 2841 892 2875 ABCDGILpH.

484 557 493 563 ,.
541 542 564 567 ι)
579 540 768 567 SECUNDUM
782 539 836 565 stc
850 536 1088 563 Paocmirua.
1105 524 1266 561 Videtur
1284 524 1387 573 quod
1436 536 1509 571 per
1533 525 1624 562 Osee
1642 526 1672 563 ³⁸.
1696 527 1758 563 Sic
1778 527 1887 575 igitur
1915 527 2078 565 rationes
2097 536 2391 577 praeceptorum
2421 539 2504 564 cae·
2534 534 2611 563 ‘Car-
2626 541 2744 564 .‚vem.3.

1443 578 1707 615 remonialium
1722 580 1859 616 veteris
1875 581 1964 628 legis
1985 581 2181 629 dupliciter
2196 581 2314 630 accipi
2332 588 2502 629 possunt.

1443 629 1529 666 Uno
1558 632 1689 677 modo,
1717 644 1761 668 ex
1791 633 1933 669 ratione
1955 634 2075 670 cultus
2103 634 2220 671 divini
2241 634 2305 683 qui
2335 641 2413 671 erat
2430 645 2502 682 pro

1441 689 1614 731 tempore
1643 684 1704 720 illo
1735 686 2009 722 observandus.
2032 687 2081 723 Et
2105 687 2268 724 rationes
2296 687 2388 723 istae
2416 694 2504 723 sunt

1441 735 1633 773 litterales:
1654 737 1735 774 sive
1754 738 1965 786 pertineant
1984 739 2031 776 ad
2047 739 2246 776 vitandum
2266 740 2501 777 idololatriae

1442 789 1600 835 cultum;
1626 790 1706 827 sive
1735 791 1783 827 ad
1812 793 2106 828 rememoranda
2135 793 2260 840 aliqua
2288 792 2360 829 Dei
2388 793 2502 830 bene-

1440 841 1547 887 ficia;
1569 842 1648 878 sive
1669 844 1717 879 ad
1737 843 2002 880 insinuandam
2023 846 2281 881 excellentiam
2310 845 2501 892 divinam;

1440 894 1502 930 vel
1532 895 1644 931 etiam
1671 896 1718 933 ad
1748 896 2020 943 designandam
2052 897 2337 945 dispositionem
2363 898 2501 935 mentis

1440 958 1538 994 quae
1557 955 1647 984 tunc
1666 949 1927 996 requirebatur
1945 949 1982 986 in
2002 950 2211 986 colentibus
2230 951 2369 987 Deum.
2381 951 2500 988 -Alio

1440 999 1559 1036 modo
1588 1009 1750 1048 possunt
1783 1014 1917 1038 eorum
1956 1002 2119 1039 rationes
2152 1003 2332 1050 assignari
2369 1015 2500 1040 secun-

1441 1053 1533 1089 dum
1562 1055 1667 1102 quod
1695 1055 1916 1091 ordinantur
1943 1056 1992 1092 ad
2020 1056 2263 1104 figurandum
2293 1056 2498 1093 Christum.

1440 1106 1488 1142 Et
1507 1106 1560 1142 sic
1587 1107 1729 1143 habent
1749 1107 1913 1145 rationes
1937 1109 2114 1156 figurales
2135 1116 2172 1146 et
2194 1108 2392 1157 mysticas:
2419 1109 2499 1146 sive

1440 1159 1671 1208 accipiantur
1705 1173 1750 1196 ex
1787 1161 1869 1209 ipso
1905 1161 2055 1198 Christo
2093 1170 2129 1198 et
2165 1161 2355 1208 Ecclesia,
2394 1163 2498 1210 quod

1439 1213 1600 1260 pertinet
1636 1214 1684 1250 ad
1722 1214 1960 1261 allegoriam;
1999 1215 2080 1251 sive
2117 1214 2166 1251 ad
2202 1227 2330 1251 mores
2366 1215 2499 1264 populi

1440 1265 1660 1314 Christiani,
1694 1267 1798 1314 quod
1832 1267 1996 1316 pertinet
2029 1267 2078 1304 ad
2110 1268 2381 1312 moralitatem;
2415 1268 2497 1305 sive

1439 1319 1487 1355 ad
1516 1326 1655 1356 statum
1687 1316 1833 1356 futurae
1862 1320 2022 1368 gloriae,
2055 1328 2169 1368 prout
2197 1320 2234 1357 in
2263 1333 2348 1357 eam
2383 1321 2497 1358 intro-

1439 1371 1614 1408 ducimur
1640 1385 1708 1421 per
1736 1373 1942 1421 Christum,
1969 1374 2073 1422 quod
2101 1373 2262 1422 pertinet
2285 1374 2334 1410 ad
2357 1386 2496 1422 anago-

1437 1437 1548 1472 giam.
1612 1473 1614 1475 Ι

1490 1479 1548 1514 An
1577 1490 1714 1515 PRIMUM
1742 1490 1842 1516 ERGO
1871 1491 2055 1516 DICENDUM
2089 1480 2206 1527 quod,
2236 1479 2331 1516 sicut
2357 1480 2497 1516 intelle—

1438 1538 1518 1567 ctus
1546 1532 1827 1580 metaphoricae
1850 1532 2051 1569 locutionis
2078 1531 2117 1568 in
2138 1532 2338 1580 Scripturis
2368 1540 2423 1569 est
2442 1532 2496 1569 lit-

1437 1584 1574 1630 teralis,
1595 1585 1684 1633 quia
1703 1586 1822 1622 verba
1850 1585 1899 1622 ad
1922 1586 1997 1621 hoc
2019 1585 2262 1633 proferuntur
2288 1593 2329 1622 ut
2356 1586 2430 1623 hoc
2450 1586 2496 1623 si-

1435 1637 1631 1685 gnificent;
1651 1638 1701 1674 ita
1721 1638 1834 1675 etiam
1855 1638 2146 1686 significationes
2167 1639 2494 1676 caeremoniarum

1434 1691 1525 1738 legis
1558 1703 1656 1739 quae
1691 1699 1778 1728 sunt
1815 1692 2180 1728 commemorativae
2219 1692 2495 1729 beneficiorum

1435 1744 1506 1780 Dei
1533 1751 1689 1793 propter
1715 1756 1814 1793 quae
1842 1744 2007 1781 instituta
2034 1752 2132 1791 sunt,
2155 1745 2217 1781 vel
2237 1745 2397 1782 aliorum
2426 1746 2495 1781 hu·
2553 1771 2556 1775 -

1434 1797 1599 1834 iusmodi
1633 1809 1731 1846 quae
1761 1797 1809 1834 ad
1837 1797 1943 1834 illurn
1972 1805 2108 1834 statum
2138 1798 2387 1846 pertinebant,
2416 1810 2495 1834 non

1434 1851 1704 1887 transcendunt
1718 1850 1892 1887 ordinem
1908 1850 2120 1887 litteralium
2137 1863 2345 1887 causarum.
2358 1851 2495 1888 Unde'!

1434 1905 1539 1952 quod
1575 1903 1786 1951 assignetur
1818 1916 1932 1940 causa
1961 1903 2222 1940 celebrationis
2249 1905 2374 1941 Phase
2407 1904 2495 1953 quia

1436 1965 1490 1993 est
1518 1957 1667 2004 signum
1687 1957 1916 1994 liberationis
1945 1969 1989 1993 ex
2009 1959 2203 2006 Aegypto,
2234 1964 2270 1994 et
2296 1958 2401 2006 quod
2426 1957 2494 1994 cir-

1435 2010 1616 2047 cumcisio
1635 2018 1690 2047 est
1709 2010 1858 2058 signum
1878 2010 1978 2058 pacti
1997 2011 2100 2058 quod
2125 2012 2231 2047 Deus
2250 2010 2382 2047 habuit
2405 2023 2493 2048 cum

1434 2064 1640 2110 Abraham,
1660 2064 1820 2111 pertinet
1847 2064 1897 2100 ad
1925 2075 2080 2100 causam
2109 2064 2315 2100 litteralem.

1486 2119 1544 2153 AD
1573 2128 1763 2154 SECUNDUM
1793 2128 1977 2154 mmmmm
2012 2116 2118 2165 quod
2145 2117 2239 2153 ratio
2273 2117 2332 2153 illa
2360 2129 2493 2165 proce-

1435 2170 1550 2216 deret,
1572 2170 1602 2206 si
1631 2170 1921 2206 caeremonialia
1947 2175 2150 2218 praece'pm
2171 2178 2295 2207 essent
2322 2171 2408 2207 data
2434 2183 2505 2207 so--

1433 2224 1512 2259 lum
1533 2223 1580 2259 ad
1601 2223 1844 2270 figurandum
1872 2223 2054 2270 futurum,
2075 2235 2155 2260 non
2173 2230 2300 2260 autem
2319 2223 2368 2260 ad
2387 2236 2494 2272 prae-

1434 2276 1635 2313 sentialiter
1663 2278 1791 2312 Dfflm
1820 2276 2037 2313 colendum.

1487 2331 1545 2366 AD
1570 2341 1729 2366 τεκτιυΜ
1749 2341 1932 2366 mCENDuM
1952 2329 2068 2378 quod,
2090 2329 2185 2365 sicut
2203 2329 2241 2366 in
2261 2329 2406 2377 legibus
2425 2330 2493 2366 hu-

1433 2383 1556 2419 manis
1585 2383 1729 2419 dictum
1769 2390 1822 2419 est
1849 2382 1870 2404 ²⁵²
1907 2383 2012 2430 quod
2044 2382 2097 2420 in‘
2116 2382 2321 2419 universali
2352 2383 2495 2419 habent
2520 2396 2529 2442 ξ
2571 2401 2585 2416 u
2611 2401 2625 2416 x
2642 2401 2663 2416 vr
2688 2401 2713 2416 ar

1434 2436 1640 2482 rationem,
1671 2448 1749 2472 non
1785 2443 1915 2472 autem
1949 2443 2134 2484 quantum
2169 2436 2218 2472 ad
2250 2435 2494 2484 particulares
2531 2438 2536 2448 ³

1435 2489 1683 2535 conditiones,
1703 2489 1770 2525 sed
1799 2489 1895 2525 haec
1923 2496 2010 2525 sunt
2038 2501 2083 2525 ex
2118 2488 2270 2525 arbitrio
2300 2489 2494 2525 instituen-

1433 2543 1547 2588 tium3
1578 2542 1627 2578 ita
1647 2542 1760 2578 etiam
1786 2542 1927 2578 multae
1946 2541 2188 2590 particulares
2217 2542 2494 2578 determinatio-

1434 2608 1500 2632 nes
1529 2595 1567 2632 in
1596 2594 1846 2632 caeremoniis
1873 2595 2012 2632 veteris
2040 2595 2131 2642 legis
2155 2607 2232 2631 non
2261 2595 2402 2631 habent
2429 2594 2493 2631 ali-

1434 2662 1549 2702 quam
1575 2661 1729 2685 causam
1749 2648 1957 2694 litteralem,
1979 2649 2047 2685 sed
2067 2649 2187 2684 solam
2213 2648 2430 2695 figuralem;
2455 2647 2493 2683 in

1434 2702 1630 2739 communi
1658 2714 1754 2739 vero
1781 2701 1923 2738 habent
1951 2701 2062 2738 etiam
2098 2713 2251 2738 causam
2282 2701 2491 2737 litteralem.

1486 2809 1512 2841 γ)
1529 2808 1641 2832 Unde.-
1654 2811 1760 2839 oportet
1774 2807 1870 2832 addunt
1880 2807 1918 2832 Pa
1923 2814 1931 2838 ;
1945 2807 2051 2831 eaedem
2062 2815 2108 2839 pro
2123 2806 2193 2839 quia,
2207 2806 2278 2838 quod
2283 2813 2292 2835 ;
2307 2813 2354 2838 pro
2363 2806 2494 2838 pertinet,

1432 2844 1504 2876 quod
1517 2843 1636 2876 pertinet
1655 2843 1684 2868 P.

1123 2979 1439 3029 ARTICULUS
1467 2979 1695 3021 TERTIUS
2102 2974 2114 2992 χ

691 3069 846 3100 UTRUM
869 3070 1014 3101 POSSIT
1038 3071 1260 3102 ASSIGNARI
1285 3072 1559 3104 CONVENIENS
1583 3072 1717 3102 RATIO
1743 3071 2121 3103 CAEREMONIARUM

1037 3114 1156 3152 QUAE
1179 3116 1238 3146 AD
1261 3115 1501 3148 SACRIFICIA
1524 3116 1771 3147 PERTINENT

927 3191 957 3216 In
976 3192 1075 3219 Psa1m.
1094 3200 1179 3224 xxxin
1199 3194 1230 3218 In
1251 3194 1357 3225 Isaiam,
1378 3203 1433 3227 cap.
1451 3202 1474 3225 ις
1496 3194 1525 3219 In
1547 3194 1629 3221 Ioan„
1649 3201 1705 3226 cap.
1723 3201 1740 3223 1,
1760 3194 1817 3218 lect.
1837 3201 1887 3218 xiv,

334 3381 337 3384 .
349 3328 389 3385 ᾗ

419 3395 453 3424 ζ
474 3377 856 3420 r‘caeremoniarum
884 3390 982 3426 quae
1011 3378 1059 3415 ad
1088 3377 1270 3415 sacrificia
1293 3391 1376 3427 per-

345 3288 359 3329 ,g
380 3291 413 3331 ᾖ
436 3303 465 3320 „s
529 3284 551 3309 1)
571 3283 731 3309 marium
758 3284 812 3309 Slc
835 3283 1074 3309 PROCEDITUR.
1094 3272 1252 3309 Videtur
1271 3274 1377 3321 quod
1432 3274 1660 3319 ferebantur,
1682 3280 1769 3309 sunt
1796 3273 1857 3310 illa
1885 3285 1983 3322 quae
2011 3281 2099 3310 sunt
2117 3274 2330 3311 necessaria
2359 3275 2407 3312 ad
2431 3287 2493 3311 su-

375 3335 398 3356 5¹

501 3341 506 3356 τ
530 3338 607 3362 non
644 3325 764 3374 possit
801 3324 1033 3362 conveniens
1066 3325 1160 3362 ratio
1198 3326 1376 3374 assignari
1432 3326 1671 3363 stentandam
1686 3326 1896 3362 humanam
1915 3327 2052 3363 vitam:
2074 3326 2169 3363 sicut
2187 3327 2364 3364 animalia
2379 3340 2493 3376 quae-

1433 3379 1543 3425 dam,
1573 3386 1610 3415 et
1642 3391 1760 3427 panes
1788 3378 1955 3427 quidam.
1993 3379 2070 3416 Sed
2101 3379 2164 3416 tali
2193 3388 2491 3418 sustentamento

351 3382 371 3425 R
393 3394 415 3410 ³
491 3421 493 3423 ,

336 3407 353 3483 1-
374 3406 433 3457 ζ’·
484 3423 647 3469 &tinent
660 3431 690 3468 ⁸⁸.
712 3433 769 3468 Ea
786 3431 886 3468 enim
906 3443 1004 3480 quae
1024 3431 1061 3468 in
1081 3431 1306 3468 sacrificium
1323 3432 1377 3468 of-
1432 3433 1537 3468 Deus
1565 3444 1643 3469 non
1673 3431 1832 3480 indiget;
1857 3433 2070 3470 secundum
2090 3432 2179 3470 illud
2199 3434 2340 3470 Psalmi
2359 3446 2442 3470 XLIX
2456 3433 2491 3470 *z
2521 3446 2529 3454 ·
2544 3445 2610 3467 νει-ε.
2628 3451 2659 3473 ¹3·

2075 3490 2099 3524 N
