2840 4010
333 185 404 219 114

326 252 487 283 vulnerata
518 260 547 284 et
573 253 697 283 infirma
726 254 900 284 secundum
929 259 1073 282 naturam
1106 251 1256 282 donatam
1287 250 1385 290 gratia

326 295 460 326 iustitiae
484 297 653 336 originalis.
675 303 677 305 '

382 339 422 369 Et
445 339 523 370 scito
547 341 634 380 quod
658 341 733 370 haec
752 340 890 375 vulnera,
908 346 943 368 ut
958 338 1010 374 sic,
1029 345 1102 368 sunt
1118 337 1242 374 credita,
1260 338 1340 368 sicut
1355 345 1385 368 et

327 390 491 422 peccatum
516 384 675 423 originale.
701 384 882 414 Secundum
907 392 1045 422 namque
1062 388 1207 412 naturam
1230 381 1383 418 absolute,

327 426 579 466 imperfectiones
599 428 754 466 quaedam
777 433 850 456 sunt
873 435 910 455 ex
926 425 1105 455 necessitate
1129 425 1286 461 materiae,
1311 425 1385 466 quia

328 470 443 501 scilicet
466 471 641 509 composita
665 478 710 500 est
734 480 770 499 ex
785 469 961 504 contrariis;
980 475 1014 499 ut
1028 469 1061 499 in
1078 469 1120 499 IV
1138 469 1258 500 Contra
1277 469 1381 506 Gent„

328 523 394 553 cap.
411 524 466 549 ιιι,
492 521 584 553 patet.

382 558 433 587 IV.
459 557 494 586 In
518 557 631 586 eodem
660 556 790 586 articulo
819 556 910 587 tertio
939 556 1133 596 quaestionis
1161 556 1386 596 octogesimae-

327 600 468 640 quintae‚
493 600 626 629 dubium
651 600 786 630 occurrit
808 601 974 640 quomodo
1001 600 1131 631 vulnera
1155 600 1205 631 hic
1228 607 1388 640 ponantur

90 647 299 674 ·Qu.1.xxx11‚art.
327 643 452 674 effectus
470 643 596 683 peccati,
623 653 696 673 cum
720 644 863 683 superius
878 643 896 662 ’κ
920 644 1039 674 dictum
1064 645 1103 675 sit
1127 644 1215 685 quod
1239 644 1386 684 concupi-

89 680 109 701 3'
326 687 457 722 scentia,
483 697 563 727 quae
586 687 736 727 importat
756 687 832 718 haec
855 688 998 724 vulnera,
1024 695 1070 718 est
1092 689 1198 729 ipsum
1222 695 1386 728 peccatum

326 731 488 770 originale:
514 731 591 760 nihil
615 731 699 761 enim
723 731 772 761 sui
795 731 894 772 ipsius
918 731 1055 763 effectus.

969 174 1233 220 QUAESTIO
1263 173 1456 219 LXXXV,
1487 173 1781 209 ARTICULUS
1811 174 1862 209 IV

1493 251 1544 280 Ad
1559 250 1621 280 hoc
1638 249 1751 280 dicitur
1765 250 1939 289 dupliciter.
1954 251 2075 286 Primo„
2091 250 2179 291 quod
2193 250 2270 282 haec
2285 250 2416 281 vulnera
2433 256 2499 279 non

1438 301 1608 325 tractantur
1637 301 1672 324 ut
1699 299 1773 324 sunt
1797 294 1915 333 peccati
1943 294 2117 333 originalis,
2141 295 2196 324 sed
2218 295 2252 324 in
2275 293 2440 325 communi
2464 299 2500 322 ut

1439 345 1512 368 sunt
1536 337 1664 378 peccati.
1690 337 1824 368 Constat
1847 344 1954 367 autem
1977 347 2013 367 ea
2035 347 2102 368 non
2125 347 2192 368 esse
2209 337 2278 377 ipsa
2291 345 2427 378 peccata,
2445 336 2499 367 sed

1439 381 1575 412 effeetus.

1495 425 1651 460 Secundo,
1670 425 1758 465 quod
1774 424 1868 454 etiarn
1884 431 1920 454 ut
1936 430 2009 454 sunt
2027 424 2145 463 peccati
2161 423 2329 463 originalis,
2346 434 2419 454 cum
2433 433 2499 454 ma-

1438 469 1585 500 terialiter
1613 475 1643 499 et
1671 479 1707 499 ex
1737 467 1942 508 consequenti
1970 467 2002 497 in
2026 473 2155 507 peccato
2183 467 2327 506 originali
2350 467 2500 507 concupi-

1439 513 1556 543 scentia
1579 523 1611 543 se
1635 513 1761 548 habeat,
1786 519 1821 542 ut
1843 512 1876 542 in
1900 521 1954 552 qn.
1971 521 2100 547 Lxxxnr,
2128 517 2183 541 art.
2203 520 2232 546 2,
2257 511 2297 541 ad
2318 520 2354 549 4,
2379 511 2500 542 dictum

1441 564 1501 592 est;
1527 563 1558 587 et
1579 556 1835 596 concupiscentia
1857 556 2008 596 importet
2030 555 2134 595 primo
2159 554 2350 594 pronitatem
2368 554 2408 584 ad
2426 564 2500 594 pro-

1440 600 1520 641 pria,
1545 601 1674 630 vulnera
1704 607 1810 631 autem
1841 599 2078 630 destitutionem
2103 609 2120 628 a
2142 599 2228 628 bono
2256 597 2394 634 virtutis;
2427 605 2501 629 sunt

1441 643 1566 674 effectus
1582 643 1700 684 peccati
1715 644 1873 684 originalis
1898 643 2070 674 formaliter
2087 649 2116 672 et
2135 640 2346 682 principaliter
2370 640 2498 682 sumpti.

1441 687 1487 717 Ex
1517 686 1691 726 privatione
1722 697 1860 727 namque
1890 687 2025 718 iustitiae
2054 686 2214 726 originalis
2246 684 2500 724 concupiscentia

1442 732 1609 761 subsecuta
1631 738 1678 761 est
1699 730 1732 760 in
1755 731 1905 770 potentiis
1924 731 2056 766 animae,
2082 739 2156 760 cum
2175 729 2367 759 vulneribus.

1102 892 1418 934 ARTICULUS
1449 891 1721 943 QUARTUS

639 994 791 1024 UTRUM
815 994 1019 1024 PRIVATIO
1043 993 1168 1029 MODI,
1193 992 1354 1023 SPECIEI
1378 993 1435 1023 ET
1459 992 1645 1028 ORDINIS,
1671 992 1737 1022 SIT
1761 991 1983 1022 EFFECTUS
2006 991 2191 1022 PECCATI

1163 1080 1205 1104 De
1229 1079 1334 1108 Virtut„
1355 1087 1399 1111 qu.
1418 1087 1440 1108 ι,
1460 1084 1506 1104 art.
1525 1078 1549 1110 8,
1570 1079 1601 1103 ad
1625 1086 1664 1104 12.

394 1195 406 1202 .
446 1202 461 1215 ‚.
476 1193 489 1219 ς
521 1180 561 1204 D
582 1179 756 1210 QUARTUM
776 1179 828 1203 sm
846 1179 1084 1204 paocssmrua.
1105 1167 1263 1204 Videtur
1282 1167 1385 1216 quod

355 1217 361 1230 ¹
377 1218 403 1239 ·’
467 1220 699 1268 privatio
719 1220 836 1266 modi,
859 1220 997 1268 speciei
1015 1228 1050 1256 et
1069 1220 1222 1266 ordinis,
1244 1232 1323 1257 non
1342 1219 1387 1257 sit

405 1288 458 1307 *Vs
512 1305 514 1308 .

327 1379 420 1414 haec
447 1377 519 1414 tria
547 1390 691 1428 magna
718 1384 814 1424 sunt,
845 1390 1028 1428 magnum
1059 1380 1197 1415 bonum
1226 1384 1297 1423 est;
1326 1379 1390 1415 ubi
1430 1379 1590 1426 formae
1608 1390 1735 1414 rerum
1755 1382 1842 1413 sunt
1862 1377 1958 1413 sicut
1974 1377 2133 1413 numeri.
2164 1377 2213 1413 Et
2234 1388 2276 1413 ex
2296 1376 2371 1412 hoc
2389 1377 2509 1430 habet(
2530 1379 2687 1408 ”bn-³⁸³⁶!-

91 1329 99 1337 ¹
115 1327 172 1355 Cap.
187 1333 220 1349 111.

322 1441 459 1478 parva,
474 1442 664 1478 parvum;
689 1431 753 1467 ubi
770 1431 885 1477 nulla,
907 1431 1062 1468 nullum.
1094 1431 1170 1468 Sed
1188 1439 1386 1480 peccatum

328 1495 407 1519 non
436 1485 603 1520 annullat
630 1485 777 1520 bonum
810 1491 978 1521 naturae.
1018 1486 1120 1532 Ergo
1155 1497 1232 1520 non
1265 1484 1390 1533 privat

329 1536 504 1583 modum,
534 1537 700 1585 speeiem
730 1544 766 1573 et
794 1537 980 1574 ordinem.

384 1601 418 1625 2.
448 1590 688 1636 PRAETEREA,
719 1589 808 1626 nihil
838 1598 893 1626 est
921 1602 1034 1626 causa
1063 1589 1121 1626 sui
1149 1589 1276 1638 ipsius.
1313 1590 1388 1627 Sed

189 1649 205 1665 α
330 1642 454 1690 ipsum
481 1647 498 1663 ‘²
525 1651 724 1690 peccatum
762 1650 816 1679 est
847 1643 1009 1690 privatio
1045 1643 1167 1688 modi,
1196 1642 1332 1690 speciei
1357 1648 1394 1679 et

329 1695 481 1740 ordinis,
510 1702 551 1731 ut
579 1695 812 1742 Augustinus
841 1695 946 1742 dicit,
976 1696 1013 1732 in
1041 1695 1136 1732 libro
1165 1696 1210 1732 de
1237 1696 1390 1732 Natura

91 1753 301 1801 &532232251510
329 1748 430 1783 Boni
441 1747 471 1783 ²³².
493 1748 595 1795 Ergo
614 1748 776 1796 privatio
797 1749 914 1795 modi,
933 1748 1072 1797 speciei
1092 1756 1127 1785 et
1142 1748 1295 1796 ordinis,
1313 1761 1391 1785 non

165 1796 170 1806 ’
330 1808 386 1836 est
414 1799 568 1836 effectus
597 1801 753 1848 peccati.

385 1854 418 1890 3.
441 1854 673 1900 PRAETEREA,
695 1853 845 1890 diversa
867 1861 1022 1902 peccata
1052 1853 1222 1891 diversos
1250 1855 1391 1891 habent

331 1905 498 1942 effectus.
532 1906 610 1942 Sed
638 1907 794 1953 modus,
824 1906 969 1955 species
1002 1914 1038 1943 et
1066 1908 1172 1953 ordo,
1203 1919 1292 1944 cum
1320 1907 1392 1944 sint

330 1959 520 2006 quaedam
551 1959 711 2006 diversa,
733 1959 901 1996 diversas
921 1959 1152 2007 privationes
1176 1961 1317 1997 habere
1336 1960 1391 1997 vi-

331 2012 477 2048 dentur.
507 2012 609 2059 Ergo
632 2024 702 2060 per
720 2012 869 2050 diversa
887 2020 1043 2061 peccata
1061 2013 1270 2061 privantur.
1300 2013 1392 2050 Non

332 2076 420 2112 ergo
443 2072 498 2101 est
527 2064 681 2102 effectus
712 2065 909 2102 cuiuslibet
927 2065 1073 2114 peccati
1091 2065 1253 2114 privatio
1274 2065 1390 2113 modi,

332 2117 471 2165 speciei
500 2125 536 2154 et
564 2117 716 2155 ordinis.

387 2171 460 2206 SED
489 2182 634 2207 CONTRA
660 2182 726 2207 EST
754 2171 859 2219 quod
887 2178 1087 2219 peccatum
1117 2179 1172 2208 est
1199 2172 1237 2208 in
1265 2171 1393 2208 anima

333 2223 427 2259 sicut
454 2223 654 2260 infirmitas
674 2224 710 2260 in
732 2235 908 2272 corpore;
939 2224 1151 2260 secundum
1180 2223 1272 2269 illud
1291 2225 1393 2261 Psal-

334 2276 386 2312 mi
405 2288 439 2312 Vl
454 2276 489 2312 *ε
510 2277 697 2313 Miserere
724 2277 809 2322 mei,
829 2277 1004 2322 Domine,
1024 2277 1202 2325 quoniam
1222 2278 1394 2325 infirmus

333 2341 428 2366 sum.
464 2329 541 2365 Sed
568 2329 767 2366 infirmitas
795 2329 919 2377 privat
947 2329 1130 2376 modum,
1160 2330 1327 2378 speciem
1359 2338 1394 2368 et

335 2382 507 2419 ordinem
541 2382 658 2430 ipsius
696 2382 875 2430 corporis.
910 2383 1012 2430 Ergo
1045 2390 1245 2430 peccatum
1272 2383 1395 2432 privat

334 2436 506 2480 modurn,
537 2435 702 2482 speciem
734 2443 769 2471 et
797 2435 970 2471 ordinem
1001 2435 1163 2472 animae.

388 2488 612 2524 RESPONDEO
633 2499 816 2524 DICENDUM
836 2488 954 2536 quod,
975 2488 1069 2525 sicut
1087 2488 1124 2525 in
1142 2488 1274 2526 Primo
1292 2488 1313 2510 '¹‘
1341 2487 1394 2525 di-

336 2547 438 2577 ctum
469 2548 534 2586 est,
566 2540 716 2587 modus,
747 2541 892 2589 species
918 2548 953 2576 et
982 2541 1077 2578 ordo
1113 2548 1397 2590 consequuntur

334 2593 641 2642 unumquodque
670 2594 816 2630 bonum
838 2601 1006 2630 creatum
1025 2594 1249 2642 inquantum
1267 2594 1395 2632 huius-

336 2646 454 2693 modi,
486 2653 522 2683 et
549 2646 661 2682 etiam
690 2647 994 2694 unumquodque
1023 2659 1102 2683 ens.
1138 2647 1266 2683 Omne
1293 2647 1396 2684 enim

337 2712 419 2736 esse
439 2707 476 2736 et
494 2699 640 2745 bonum
667 2699 926 2736 consideratur
945 2711 1014 2747 per
1033 2699 1198 2747 aliquam
1218 2699 1395 2744 formam,

95 2285 103 2293 ·
119 2283 185 2304 Vers.
201 2288 221 2310 3.

95 2490 105 2499 '⁸
123 2489 169 2516 Qu.
184 2496 205 2515 v,
221 2493 262 2510 art.
278 2495 298 2516 5.

392 2827 418 2858 α)
439 2827 533 2858 ipsum.
551 2841 571 2844 —
590 2826 650 2851 Om.
670 2826 716 2851 Pa.

1440 1167 1652 1203 secundum
1681 1179 1797 1215 quam
1827 1166 1986 1203 sumitur
2014 1165 2171 1214 species.
2205 1165 2347 1203 Forma
2375 1173 2501 1203 autem

1440 1219 1736 1267 uniuscuiusque
1757 1219 1821 1266 rei,
1847 1218 2134 1267 qualiscumque
2155 1218 2210 1265 sit,
2231 1218 2311 1255 sive
2330 1219 2502 1262 subStan-

1441 1272 1534 1309 tialis
1550 1272 1628 1308 sive
1645 1271 1894 1317 accidentalis,
1913 1278 1966 1308 est
1984 1272 2196 1308 secundum
2217 1271 2502 1319 aliquammen-

495 1317 577 1362 kin
610 1325 704 1361 libro
724 1326 783 1362 de
814 1326 968 1363 Natura
1001 1326 1102 1362 Boni
1122 1326 1157 1372 *,
1187 1326 1291 1374 quod
1326 1326 1389 1362 ubi
1442 1337 1591 1361 suram:
1621 1325 1723 1361 unde
1745 1333 1781 1360 et
1799 1324 1837 1360 in
1852 1325 1939 1360 VIII
1959 1325 2176 1372 Metaphys.
2196 1323 2218 1345 ’¹‘
2245 1323 2378 1360 dieitur
2397 1324 2503 1371 quod

1443 1431 1603 1467 modum
1641 1430 1855 1479 quendam,
1891 1428 1954 1478 qui
1990 1441 2212 1466 mensuram
2249 1428 2410 1477 respicit.
2442 1429 2504 1469 Ex

1443 1483 1566 1520 forma
1580 1495 1674 1520 vero
1694 1495 1762 1519 sua
1781 1482 2086 1530 unumquodque
2107 1482 2300 1519 ordinatur
2319 1481 2369 1518 ad
2388 1481 2502 1519 aliud.

1498 1536 1560 1572 Sic
1580 1536 1688 1584 igitur
1707 1535 1918 1572 secundum
1942 1535 2114 1572 diversos
2133 1536 2271 1582 gradus
2300 1535 2502 1582 bonorum,

1444 1597 1530 1625 sunt
1559 1588 1695 1626 diversi
1719 1588 1857 1636 gradus
1886 1587 2005 1635 modi,
2026 1587 2166 1636 speciei
2194 1595 2230 1624 et
2253 1586 2407 1624 ordinis,
2436 1587 2506 1624 Est

1445 1653 1534 1689 ergo
1570 1642 1764 1690 quoddam
1794 1642 1940 1677 bonum
1969 1641 2161 1689 pertinens
2190 1640 2239 1677 ad
2266 1640 2388 1688 ipsam
2417 1641 2504 1677 sub-

1445 1694 1620 1731 stantiam
1641 1702 1807 1740 naturae,
1830 1693 1934 1742 quod
1953 1694 2069 1730 habet
2089 1705 2201 1730 suum
2229 1693 2400 1739 modum,
2421 1705 2505 1742 spe—

1446 1747 1543 1783 ciem
1565 1754 1600 1783 et
1619 1747 1807 1784 ordinem:
1837 1754 1873 1783 et
1899 1746 1989 1784 illud
2010 1758 2081 1783 nec
2108 1745 2278 1795 privatur
2305 1758 2376 1782 nec
2399 1745 2506 1782 dimi-

1445 1799 1572 1836 nuitur
1589 1812 1658 1848 per
1676 1807 1888 1848 peceatum.
1919 1800 1987 1836 Est
2007 1799 2119 1836 etiarn
2139 1799 2338 1847 quoddam
2358 1799 2504 1835 bonum

1445 1853 1622 1890 naturalis
1650 1852 1912 1898 inclinationis,
1943 1860 1979 1889 et
2005 1852 2080 1888 hoc
2109 1852 2221 1888 etiam
2250 1852 2366 1888 habet
2391 1863 2514 1894 suum,

1447 1906 1618 1952 modum,
1650 1905 1820 1954 speciem
1846 1913 1882 1941 et
1909 1904 2105 1942 ordinem:
2136 1912 2173 1941 et
2195 1905 2269 1941 hoc
2289 1903 2508 1954 diminuitur

1444 1971 1515 2007 per
1532 1966 1744 2007 peccatum,
1773 1965 1816 1994 ut
1843 1958 1985 1994 dictum
2011 1965 2066 1994 est
2083 1957 2114 2005 ²¹³,
2145 1957 2213 1994 sed
2240 1969 2318 1994 non
2345 1954 2508 2008 totaliter

1445 2011 1585 2048 tollitur
1604 2010 1628 2047 β.
1660 2011 1728 2048 Est
1756 2010 1869 2047 etiam
1895 2010 2093 2060 quoddam
2121 2010 2269 2048 bonum
2296 2009 2442 2048 virtutis
2470 2011 2508 2047 et

1446 2064 1597 2112 gratiae,
1618 2065 1721 2112 quod
1743 2063 1855 2100 etiam
1874 2064 1991 2100 habet
2013 2075 2125 2100 suurn
2143 2063 2317 2111 modum,
2338 2061 2513 2111 speeiem.

1448 2125 1484 2154 et
1503 2117 1699 2154 ordinem:
1730 2124 1766 2153 et
1783 2117 1859 2153 hoc
1882 2116 2043 2153 totaliter
2061 2115 2202 2152 tollitur
2218 2128 2288 2165 per
2305 2123 2514 2165 peccatum>

1446 2171 1616 2206 mortale.
1656 2171 1724 2206 Est
1757 2169 1870 2206 etiam
1907 2169 2105 2217 quoddam
2135 2170 2282 2206 bonum
2315 2169 2420 2217 quod
2454 2174 2511 2219 est

1447 2223 1528 2271 ipse
1548 2230 1651 2259 actus
1672 2222 1877 2268 ordinatus,
1899 2222 2005 2270 quod
2025 2222 2136 2258 etiam
2156 2222 2272 2258 habet
2291 2233 2405 2259 suum
2424 2232 2510 2258 mo-·

1449 2277 1553 2322 dum,
1584 2275 1749 2324 speciem
1780 2282 1815 2312 et
1843 2275 2031 2312 ordinem:
2062 2282 2099 2311 et
2122 2274 2234 2312 huius
2261 2274 2423 2324 privatio
2454 2281 2513 2323 est

1449 2328 1690 2367 essentialiter
1708 2328 1833 2376 ipsum
1853 2335 2065 2376 peccatum.
2092 2328 2141 2364 Et
2160 2327 2212 2364 sic
2230 2335 2334 2376 patet
2351 2326 2510 2376 qualiter

1448 2389 1647 2430 peccatum
1668 2388 1705 2417 et
1725 2389 1780 2418 est
1798 2380 1958 2430 privatio
1985 2380 2104 2427 modi,
2131 2380 2272 2429 speciei
2292 2387 2330 2417 et
2348 2379 2506 2425 ordinis3

1450 2442 1486 2471 et
1513 2434 1636 2482 privat
1666 2434 1729 2470 vel
1763 2433 1938 2471 diminuit
1971 2433 2152 2481 modum,
2186 2433 2353 2482 speciem
2387 2440 2424 2469 et
2450 2442 2510 2469 or-

1449 2487 1590 2525 dinem.

1503 2539 1613 2577 Unde
1642 2547 1744 2588 patet
1772 2538 1968 2588 responsio
1998 2539 2047 2576 ad
2076 2539 2152 2576 duo
2180 2538 2313 2587 prima.

1503 2595 1562 2629 An
1586 2604 1744 2629 TERT1UM
1778 2603 1961 2629 DICENDUM
1989 2592 2092 2640 quod
2121 2591 2274 2638 modus,
2302 2590 2448 2640 species
2473 2598 2511 2628 et

1446 2646 1547 2688 ,ordo
1586 2658 1627 2681 se
1664 2652 1970 2692 consequuntur,
2009 2645 2103 2681 sicut
2135 2656 2181 2681 ex
2215 2644 2322 2681 dictis
2344 2644 2364 2666 '¹‘
2396 2650 2510 2692 patet.

1450 2699 1562 2735 Unde
1592 2698 1703 2734 simul
1732 2697 1926 2745 privantur
1954 2705 1991 2734 et
2018 2697 2290 2734 diminuuntur.

1512 2823 1536 2858 β)
1557 2825 1669 2850 tollitur.
1685 2838 1705 2844 -—
1719 2807 1775 2856 per.
1785 2828 1924 2857 peccatum
1945 2825 2057 2850 mortale
2075 2825 2173 2850 addunt
2191 2824 2242 2851 EF.

1015 2905 1346 2938 Commentaria·
1369 2905 1620 2938 Cardinalis
1642 2905 1842 2938 Caietani

370 3003 389 3022 N
413 2993 544 3023 articulo
568 3000 680 3033 quarto
706 2992 846 3023 eiusdem
876 2993 1069 3033 quaestionis
1095 2992 1401 3033 octogesimaequin-

344 3005 434 3072 itae,
452 3043 527 3067 nota
550 3037 626 3067 duo.
650 3036 804 3072 Primum,
828 3037 917 3078 quod
941 3047 1015 3067 curn
1038 3037 1071 3067 in
1094 3037 1195 3067 littera
1213 3036 1336 3072 dicitur,
1359 3036 1403 3067 Et

341 3081 435 3111 huius
438 3082 579 3120 prIvatio
593 3087 639 3112 est
655 3081 865 3112 essentialiter
880 3082 982 3121 ipsum
993 3086 1174 3121 peccatum,
1189 3090 1254 3111 non
1268 3080 1403 3111 intendit

343 3133 507 3163 peccatum
531 3125 743 3161 essentialiter,
761 3131 796 3156 ut
811 3125 850 3155 sit
866 3125 1015 3165 privatio:
1039 3125 1102 3156 hoc
1121 3124 1206 3155 enim
1230 3123 1403 3164 superius*

344 3175 388 3198 est
404 3169 619 3208 reprobatum;
645 3176 676 3199 et
691 3169 811 3200 dictum
833 3170 922 3210 quod
937 3176 983 3199 est
998 3176 1085 3199 actus
1102 3168 1251 3209 privatus.
1276 3168 1337 3199 Sed
1353 3168 1402 3198 in-

343 3211 442 3241 tendit
465 3213 561 3252 quod,
587 3223 660 3243 cum
684 3220 850 3253 peccatum
869 3213 969 3253 privet
984 3213 1092 3244 multis
1109 3212 1282 3253 speciebus,
1299 3212 1404 3243 modis

345 3262 375 3285 et
398 3255 570 3292 ordinibus,
595 3257 694 3296 privat
713 3257 756 3287 eis
776 3257 1002 3287 diversimode:
1028 3267 1103 3287 narn
1117 3256 1346 3297 pertinentibus
1365 3256 1404 3286 ad

346 3299 467 3328 bonum
486 3300 610 3339 gratiae,
628 3301 727 3340 privat
747 3301 961 3338 demeritorie;
981 3301 1210 3341 pertinentibus
1226 3301 1266 3331 ad
1281 3301 1404 3331 bonum

346 3342 522 3379 habilitatis,
542 3343 642 3382 privat
666 3344 819 3381 effective;
844 3345 1072 3385 pertinentibus
1095 3346 1135 3375 ad
1158 3346 1281 3376 bonurn
1304 3345 1403 3385 ipsius

105 3129 114 3136 '
131 3127 178 3154 Qu.
193 3133 254 3152 Lxxi,
274 3130 314 3147 art.

105 3153 127 3174 6.
142 3165 152 3169 -
166 3153 202 3174 Cf.
223 3152 315 3174 Comm.

106 3186 169 3200 num.
186 3185 216 3200 tu.

1454 2999 1554 3028 actus,
1579 2993 1681 3032 privat
1707 2991 1890 3023 formaliter.
1915 2991 1959 3022 Ita
1983 2991 2088 3032 quod,
2113 2991 2188 3031 quia
2209 2990 2311 3031 privat
2334 2989 2514 3027 formaliter,

1454 3037 1526 3066 ideo
1542 3036 1663 3066 dictum
1680 3043 1727 3066 est
1739 3036 1828 3076 quod
1844 3043 1890 3066 est
1907 3034 2110 3066 essentialiter
2126 3034 2270 3075 privatio.
2285 3051 2307 3058 -
2322 3034 2391 3071 Vel,
2407 3041 2438 3065 et
2450 3043 2516 3064 me-

1454 3080 1526 3116 lius,
1550 3080 1684 3110 intendit
1702 3080 1790 3120 quod
1809 3086 1985 3120 peccatum,
2001 3086 2037 3110 ut
2052 3085 2098 3110 est
2112 3079 2145 3109 in
2164 3088 2276 3119 genere
2299 3078 2375 3108 mali
2397 3077 2516 3117 simpli-

1456 3124 1539 3160 citer,
1565 3130 1611 3154 est
1634 3123 1835 3155 essentialiter
1857 3123 1990 3164 privatio
2015 3123 2114 3160 modi,
2132 3123 2247 3163 speciei
2262 3129 2293 3153 et
2311 3122 2431 3153 ordinis
2445 3130 2516 3162 pet-

1456 3168 1626 3199 tinentium
1648 3168 1687 3198 ad
1710 3169 1834 3198 bonum
1858 3167 1992 3198 ordinati
2016 3174 2113 3198 actus.

1512 3212 1658 3242 Secundo
1682 3219 1758 3242 nota
1780 3212 1869 3252 quod
1892 3221 1959 3242 non
1978 3218 2096 3251 spectat
2117 3211 2156 3241 ad
2171 3210 2319 3242 Auctoris
2341 3209 2516 3240 docuinam

1457 3256 1645 3295 respondere
1670 3255 1843 3286 rationibus
1867 3255 2127 3295 impugnantibus
2149 3261 2315 3295 peccatum
2331 3262 2398 3284 esse
2414 3252 2516 3292 priva—

1458 3300 1578 3331 tionem
1601 3300 1716 3339 gratiae
1740 3306 1794 3330 aut
1817 3299 1894 3330 boni
1918 3306 2056 3330 naturae.
2081 3299 2169 3330 Haec
2191 3298 2277 3328 enim
2293 3295 2516 3336 consequentia

1457 3351 1539 3380 sunt,
1564 3354 1630 3374 non
1654 3343 1837 3374 essentialia.

2530 1327 2606 1375 1323.
2607 1327 2741 1381 libl⁶x5²113¹22

2533 1964 2542 1972 '
2556 1964 2608 1985 Art.
2623 1969 2639 1990 1,
2654 1969 2674 1985 2.

2539 2653 2548 2661 ¹
2562 2650 2589 2672 In
2603 2654 2709 2677 corpore.
