2840 4010
80 1919 91 1929 ¹*
106 1918 173 1940 Vei-s.
188 1924 226 1939 20.

332 154 402 190 130

327 234 476 281 dantur,
511 234 548 271 in
587 235 730 271 malum
760 234 1005 282 spiritualium
1036 233 1133 269 cedit
1161 238 1183 268 ε.
1206 232 1316 269 Unde
1346 232 1383 268 in

88 290 96 299 ’
112 289 177 311 Vers.
194 289 216 311 6.

319 340 464 387 perhia.

378 436 399 466 s]
419 436 496 460 cedit.
515 450 532 454 —
550 436 646 460 cedunt
666 434 862 462 ABCDHIKLa,
883 433 955 458 cadit
975 433 1006 457 G.

935 155 1199 202 QUAESTIO
1230 143 1777 201 Lxxxv11‚'ART1CULus
1805 160 1891 197 vni

1491 235 1549 270 AD
1569 245 1728 272 TERTmM
1749 247 1931 274 DICENDUM
1952 241 2056 287 quod
2072 241 2243 279 Christus
2258 254 2424 291 poenam
2442 255 2502 279 su-

326 287 477 323 Psalmo
509 300 601 324 Lxxu
632 287 865 324 concluditur
893 286 927 322 *ι
957 286 1046 322 Ideo
1076 285 1191 321 tenuit
1226 297 1288 322 eos
1323 297 1383 322 su·
1439 286 1566 323 stinuit
1593 287 1878 326 satisfactoriam
1908 303 1986 328 non
2014 305 2083 340 pro
2113 294 2210 341 suis,
2240 295 2308 332 sed
2333 307 2402 344 pro
2433 308 2500 332 no-

1440 339 1522 376 stris
1551 340 1724 388 peccatis.

1101 553 1417 596 ARTicuLus
1447 534 1719 598 OCTAVUS

824 631 979 662 UTRUM
1002 631 1174 670 AL‘IQUIS
1197 632 1419 664 PUNIATUR
1442 634 1527 665 PRO
1551 634 1754 666 PECCATO
1778 636 1991 667 ALTERIUS

588 697 619 721 11·
639 697 691 728 11⁰,
711 705 755 730 qu.
775 705 844 726 cvm.
863 703 910 722 art.

929 705 954 729 4,
975 698 1006 722 ad
1029 705 1054 729 1;
1074 698 1095 722 11
1114 698 1198 724 Sent..
1218 699 1276 723 dist.
1295 706 1380 730 xxxin,
1401 707 1446 732 qu.
1461 707 1478 730 1,
1498 706 1544 724 art.
1559 707 1587 730 2;
1607 700 1649 731 IV,
1670 701 1727 726 dist.
1746 709 1812 733 αντ,
1832 710 1875 735 qu.
1895 710 1921 732 11,
1941 708 1987 728 art.
2009 710 2031 733 2,
2052 704 2098 736 qu*
2115 711 2138 734 2,
2158 703 2189 728 ad
2210 703 2223 728 3
2230 711 2237 734 ;

464 733 505 757 De
523 733 606 761 Malo,
627 740 671 765 qu.
687 740 720 763 ιν,
740 738 785 757 art.
805 732 830 763 8,
850 733 889 758 ad.
910 732 934 762 6,
954 741 978 766 7,
998 732 1022 763 8,
1042 741 1066 767 9,
1090 740 1128 763 12,
1153 733 1196 764 15;
1217 741 1260 766 qu.
1279 742 1303 765 v,
1323 739 1370 759 art.
1389 742 1420 766 4;
1442 735 1538 765 Quodl.
1557 735 1610 765 ΧΠ,
1630 743 1674 768 qu.
1693 743 1742 765 xvr,
1762 742 1809 762 art.
1832 745 1852 768 1,
1872 738 1903 762 ad
1927 745 1954 768 1;
1975 738 2004 762 In
2025 739 2108 767 Ioan„
2129 746 2184 771 cap.
2203 746 2236 770 lx,
2256 739 2315 764 lech
2333 745 2352 764 x.

360 848 383 857 A·
531 816 553 840 D
580 815 751 841 ocrAvuM
771 816 824 840 sm
848 815 1087 841 paoesmrun.
1104 804 1263 841 Videtur
1279 805 1382 853 quod

363 855 397 878 ‘'·‘
465 857 508 907 ἢ
532 856 664 905 aliquis
683 857 861 905 puniatur
877 869 946 906 pro
962 865 1119 905 peccato
1141 857 1301 895 alterius.
1318 857 1383 894 Di-

358 947 362 958 ,
384 950 387 955 ¹
508 909 625 948 citur
653 910 755 947 enim
778 910 906 947 Exodi
931 922 980 946 xx
998 910 1033 946 *z
1062 911 1148 960 Ego
1175 922 1259 947 sum
1279 912 1383 947 Deus

378 977 391 991 κ
491 956 677 1011 &zelotem
711 963 864 1000 visitans
897 963 1126 1010 iniquitatem
1153 968 1310 1011 patrum
1344 964 1380 1000 in

309 1015 416 1062 filios
436 1015 472 1052 in
501 1016 648 1053 tertiam
668 1022 704 1052 et
723 1022 898 1064 quartam
926 1016 1220 1065 generationem,
1240 1017 1296 1053 his
1319 1017 1385 1065 qui

321 1069 480 1105 oderunt
505 1081 576 1106 me.
606 1070 656 1105 Et
684 1070 817 1106 Matth.
842 1081 926 1105 xxm
950 1068 971 1090 ²⁸⁶
1000 1068 1150 1106 dicitur:
1187 1070 1235 1106 Ut
1259 1070 1386 1106 veniat

319 1133 432 1169 super
450 1132 516 1158 vos
536 1123 658 1159 omnis
684 1123 841 1171 sanguis
864 1122 980 1158 iustus
1007 1122 1073 1171 qui
1089 1121 1228 1171 effusus
1248 1127 1303 1159 est
1322 1135 1382 1159 su-

314 1186 386 1222 per
413 1180 566 1211 terram.
1373 1175 1376 1178 ’

375 1239 409 1263 2.
440 1228 671 1274 PRAETEREA,
702 1227 837 1263 iustitia
865 1228 1034 1264 humana
1063 1227 1254 1264 derivatur
1283 1241 1304 1266 a
1327 1229 1383 1266 iu-

321 1280 416 1316 stitia
445 1279 584 1316 divina.
616 1281 692 1318 Sed
722 1279 934 1316 secundum
962 1279 1141 1317 iustitiam
1170 1281 1380 1319 humanam

319 1332 524 1380 aliquando
545 1332 610 1369 filii
629 1332 837 1381 puniuntur
855 1345 924 1381 pro
945 1333 1182 1381 parentibus:
1203 1334 1298 1371 sicut
1316 1347 1381 1384 pa-

320 1393 371 1422 tet
399 1385 436 1422 in
465 1386 622 1423 crimine
650 1387 774 1423 laesae
803 1386 1020 1423 maiestatis.
1050 1387 1153 1434 Ergo
1183 1387 1296 1424 etiam
1325 1401 1382 1425 se-

84 915 93 925 *
109 914 175 935 Vers.
190 919 209 940 5.

84 1070 91 1077 ·
108 1068 174 1090 Vers.
189 1074 220 1097 35.

321 1439 487 1476 cundum
509 1438 678 1476 divinam
701 1439 890 1486 iustitiam,
911 1451 1009 1476 unus
1029 1439 1183 1488 punitur
1204 1452 1275 1489 pro
1295 1453 1381 1490 pec-

321 1499 403 1529 cato
433 1492 595 1529 alterius.

376 1546 409 1582 3.
431 1546 663 1592 PRAETEREA,
690 1545 720 1582 si
750 1545 894 1582 dicatur
921 1545 1020 1582 filius
1049 1557 1128 1582 non
1155 1546 1280 1594 puniri
1310 1559 1379 1595 pro

319 1606 476 1646 peccato
492 1598 618 1647 patris,
635 1598 703 1635 sed
717 1611 788 1647 pro
803 1605 959 1647 peccato
975 1599 1141 1647 proprio,
1155 1598 1379 1647 inquantum

319 1651 484 1688 imitatur
511 1651 693 1688 malitiam
712 1659 926 1700 paternam:
952 1663 1030 1688 non
1050 1652 1169 1700 magis
1187 1652 1262 1689 hoc
1283 1653 1380 1690 dice-

320 1712 422 1741 retur
442 1705 488 1741 de
508 1705 592 1741 filiis
612 1717 729 1753 quam
750 1705 797 1741 de
817 1705 1015 1751 extraneis,
1040 1704 1105 1754 qui
1125 1705 1236 1742 simili
1253 1718 1380 1755 poena

319 1758 526 1806 puniuntur
563 1757 621 1794 his
659 1770 824 1806 quorum
861 1766 1016 1806 peccata
1047 1758 1249 1796 imitantur.
1288 1760 1380 1796 Non

321 1823 409 1859 ergo
438 1810 588 1848 videtur
607 1811 710 1859 quod
730 1810 797 1847 filii
819 1822 890 1859 pro
910 1810 1073 1859 peccatis
1093 1811 1255 1860 propriis
1274 1817 1292 1834 α
1311 1824 1380 1862 pu-

320 1864 482 1911 niantur,
513 1864 579 1901 sed
607 1876 678 1912 pro
707 1863 871 1912 peccatis
898 1871 1112 1912 parentum.

373 1918 448 1954 SED
469 1929 615 1955 CONTRA
633 1929 699 1954 EST
714 1917 819 1964 quod
839 1916 974 1954 dicitur
992 1917 1130 1955 Ezech.
1152 1929 1237 1954 xvin
1258 1917 1295 1956 *ε
1316 1918 1378 1956 Fi-

321 1970 391 2007 lius
418 1983 492 2008 non
516 1971 685 2019 portabit
709 1970 938 2018 iniquitatem
965 1971 1094 2017 patris.

374 2024 599 2061 Responosso
641 2035 825 2060 mei-:Nouia
863 2023 989 2070 quod,
1019 2023 1048 2060 si
1091 2024 1295 2072 loquamur
1331 2023 1386 2062 de

320 2089 446 2125 poena
482 2076 746 2123 satisfactoria,
777 2088 875 2125 quae
911 2076 1124 2113 voluntarie
1157 2076 1378 2124 assumitur,

321 2130 501 2178 contingit
527 2129 632 2179 quod
664 2142 763 2167 unus
791 2136 916 2178 portet
943 2141 1110 2178 poenam
1139 2130 1302 2177 alterius,
1326 2129 1380 2167 in-

83 2188 157 2209 ·Art·
174 2187 278 2215 praeced·
321 2180 506 2232 quantum
535 2191 622 2220 sunt
650 2182 939 2231 quodammodo
973 2194 1106 2229 unum,
1136 2182 1231 2220 sicut
1257 2182 1332 2220 iam
1360 2182 1380 2205 *

322 2237 463 2274 dictum
491 2244 556 2273 est.
577 2257 601 2264 -
623 2236 663 2272 Si
692 2243 819 2273 autem
847 2237 1052 2284 loquamur
1079 2236 1126 2273 de
1154 2248 1282 2284 poena
1308 2248 1378 2285 pro

264 2315 268 2319 -
321 2297 478 2338 peccato
507 2289 658 2336 inflicta,
679 2289 904 2338 inquantum
931 2289 1046 2326 habet
1073 2289 1261 2326 rationem
1289 2301 1380 2338 poe-

322 2355 405 2390 nae,
427 2343 480 2380 sic
508 2343 632 2379 solum
661 2342 920 2391 unusquisque
949 2354 1019 2391 pro
1040 2349 1197 2391 peccato
1221 2354 1291 2379 suo
1310 2355 1379 2391 pu-

86 2398 94 2406 '
109 2396 136 2418 ¹³·
152 2396 196 2456 ⁶¹⁵3·
322 2396 421 2433 nitur
434 2395 470 2432 *ε
491 2395 580 2443 quia
600 2403 705 2432 actus
728 2395 874 2443 peccati
893 2395 1034 2444 aliquid
1052 2395 1252 2444 personale
1273 2394 1288 2425 β
1311 2402 1377 2433 est.

322 2469 345 2476 —
372 2449 412 2486 Si
439 2456 569 2486 autem
593 2449 798 2496 loquamur
825 2448 873 2486 de
900 2460 1027 2496 poena
1054 2461 1152 2497 quae
1181 2449 1296 2486 habet
1323 2461 1382 2486 ra-

181 2501 198 2526 Ύ
322 2501 465 2539 tionem
493 2501 715 2548 medicinae,
737 2501 791 2538 sic
808 2506 824 2529 Υ
845 2501 1024 2549 contingit
1051 2502 1157 2549 quod
1184 2514 1284 2539 unus
1311 2513 1380 2551 pu-

85 2559 93 2567 '
110 2558 160 2579 *⁶³¹-
176 2557 281 2585 Pfaeoed·
323 2555 423 2592 nitur
454 2567 524 2604 pro
561 2562 719 2603 peccato
753 2554 915 2591 alterius.
944 2555 1096 2591 Dictum
1136 2562 1191 2592 est
1227 2555 1331 2592 enim
1360 2555 1380 2576 ‘³

323 2608 429 2656 quod
458 2607 683 2645 detrimenta
715 2607 969 2655 corporalium
998 2619 1146 2654 rerum,
1176 2609 1239 2645 vel
1267 2607 1380 2645 etiam

321 2661 439 2710 ipsius
459 2661 641 2710 corporis,
658 2668 744 2697 sunt
762 2661 951 2708 quaedam
968 2662 1149 2708 poenales
1169 2660 1380 2698 medicinae

323 2714 517 2751 ordinatae
538 2714 586 2751 ad
606 2715 766 2751 salutem
785 2713 948 2750 animae.
965 2714 1075 2750 Unde
1096 2713 1185 2750 nihil
1205 2714 1383 2763 prohibet

322 2768 457 2804 talibus
476 2767 612 2816 poenis
631 2766 797 2815 aliquem
817 2766 940 2815 puniri
956 2779 1026 2815 pro
1041 2774 1199 2815 peccato
1218 2767 1380 2814 alterius,

322 2821 384 2857 vel
413 2833 435 2857 a
459 2822 544 2858 Deo
563 2821 626 2857 vel
650 2821 698 2857 ab
726 2819 904 2857 homine:
934 2827 1062 2868 utpote
1091 2820 1190 2856 filios
1217 2832 1288 2869 pro
1316 2832 1381 2870 pa-

323 2874 452 2920 tribus,
483 2882 518 2910 et
546 2873 717 2910 subditos
744 2885 814 2921 pro
844 2872 1019 2919 dominis,
1047 2872 1272 2921 inquantum
1297 2880 1384 2910 sunt

324 2927 514 2974 quaedam
535 2939 595 2963 res
615 2938 761 2963 eorum.
787 2926 841 2962 Ita
860 2933 989 2962 tamen
1010 2926 1126 2973 quod,
1148 2926 1177 2962 si
1197 2926 1296 2963 filius
1322 2926 1383 2963 vel

325 2980 494 3017 subditus
515 2988 571 3016 est
598 2979 786 3028 particeps
806 2979 950 3027 culpae,
970 2979 1192 3015 huiusmodi
1215 2978 1385 3027 poenalis

327 3032 492 3070 defectus
503 3033 617 3070 habet
632 3032 816 3074 rationem
828 3043 976 3080 poenae
987 3039 1171 3080 quantum
1181 3031 1229 3068 ad
1239 3039 1384 3069 utrum-

327 3098 412 3132 que,
438 3086 576 3123 scilicet
604 3098 692 3122 eum
712 3083 725 3106 δ
753 3084 820 3133 qui
846 3084 1010 3133 punitur,
1031 3092 1068 3121 et
1096 3097 1184 3122 eum
1207 3097 1277 3133 pro
1307 3097 1384 3133 quo

327 3139 490 3185 punitur.
521 3139 560 3176 Si
587 3151 681 3175 vero
709 3148 789 3175 non
817 3138 863 3174 sit
891 3137 1078 3186 particeps
1102 3139 1246 3186 culpae,
1272 3138 1387 3175 habet

329 3191 512 3228 rationem
532 3204 680 3240 poenae
701 3199 884 3240 quantum
906 3191 955 3227 ad
975 3203 1064 3228 eum
1083 3203 1153 3239 pro
1182 3202 1259 3240 quo
1278 3191 1387 3240 puni-

329 3251 404 3280 tur:
434 3245 617 3291 quantum
637 3256 730 3282 vero
751 3244 801 3281 ad
821 3256 910 3281 eum
931 3244 996 3292 qui
1014 3244 1177 3293 punitur,
1199 3243 1386 3282 rationem

329 3296 538 3333 medicinae
567 3305 725 3343 tanturn,
752 3297 823 3334 nisi
851 3309 919 3346 per
947 3297 1134 3344 accidens,
1160 3297 1387 3346 inquantum

181 1815 196 1830 α

1436 813 1593 854 peccato
1623 806 1774 843 alterius
1802 808 2007 855 consentit3
2038 809 2232 846 ordinatur
2256 808 2358 846 enim
2386 809 2421 848 ei
2449 811 2498 848 ad

1438 860 1584 895 bonum
1613 859 1782 906 animae,
1813 859 1844 896 si
1870 860 2055 908 patienter
2082 861 2272 899 sustineat.

1489 913 1643 948 Poenae
1670 924 1764 949 vero
1794 911 2002 960 spirituales
2030 926 2110 951 non
2137 922 2224 951 sunt
2251 914 2496 952 medicinales

1437 971 1600 1001 tantum:
1632 965 1720 1013 quia
1748 965 1894 1001 bonum
1926 965 2078 1003 animae
2106 979 2184 1004 non
2219 967 2413 1006 ordinatur
2446 969 2495 1005 ad

1437 1017 1538 1054 aliud
1557 1018 1692 1054 melius
1712 1019 1870 1054 bonum.
1892 1017 2002 1055 Unde
2017 1018 2056 1055 in
2074 1019 2184 1056 bonis
2201 1019 2351 1057 animae
2370 1021 2494 1058 nullus

1435 1069 1575 1118 patitur
1590 1070 1857 1107 detrimentum
1873 1070 1954 1107 sine
1970 1071 2081 1120 culpa
2094 1072 2259 1121 propria.
2276 1067 2325 1110 Et
2339 1081 2495 1123 propter

1435 1123 1511 1159 hoc
1540 1123 1652 1160 etiam
1681 1123 1816 1160 talibus
1843 1123 1990 1172 poenis,
2015 1131 2056 1160 ut
2085 1124 2174 1162 dicit
2199 1126 2432 1174 Augustinus
2454 1126 2496 1170 in

1437 1175 1607 1224 Epistola
1625 1177 1676 1213 ad
1691 1177 1844 1213 Avitum
1862 1175 1893 1223 ²³²,
1921 1187 2019 1213 unus
2038 1188 2119 1215 non
2139 1177 2294 1226 punitur
2310 1191 2381 1228 pro
2401 1178 2492 1216 alio:
2522 1187 2566 1235 g
2584 1187 2734 1237 Qum-

1436 1228 1525 1277 quia
1540 1237 1725 1278 quantum
1741 1229 1788 1266 ad
1805 1228 1986 1276 animam,
2005 1228 2105 1266 filius
2124 1241 2204 1266 non
2222 1237 2277 1267 est
2291 1242 2350 1274 res
2363 1232 2492 1280 patris.
2519 1240 2584 1262 lium-
2609 1220 2638 1241 ἀ
2723 1226 2733 1232 ”

1436 1281 1546 1318 Unde
1568 1290 1603 1318 et
1631 1282 1740 1318 huius
1770 1294 1925 1318 causam
1946 1281 2136 1319 Dominus
2165 1282 2371 1332 assignans,
2393 1284 2492 1334 dicit,

1436 1335 1577 1372 Ezech.
1596 1347 1680 1372 xvm
1701 1335 1736 1371 ²⁸:
1763 1335 1899 1372 Omnes
1917 1335 2069 1372 animae
2093 1347 2201 1373 meae
2221 1341 2318 1373 sunt.

1488 1390 1546 1424 An
1570 1400 1707 1424 PRIMUM
1735 1399 1832 1424 ERGO
1857 1389 2176 1437 mCENDUM.quod
2205 1395 2410 1438 utrumque
2438 1389 2493 1433 die

1435 1446 1537 1477 ctum
1562 1441 1711 1478 videtur
1730 1453 1811 1477 esse
1841 1441 2083 1478 referendum
2103 1442 2152 1478 ad
2178 1453 2325 1490 poenas
2344 1449 2492 1492 tempo-

1435 1493 1532 1530 rales
1546 1495 1609 1531 vel
1625 1495 1853 1542 corporales,
1873 1494 2099 1543 inquantum
2113 1494 2180 1532 filii
2199 1502 2285 1532 sunt
2298 1507 2360 1532 res
2379 1507 2493 1544 quae-

1435 1546 1525 1583 dam
1553 1555 1774 1596 parentum,
1805 1554 1842 1584 et
1867 1558 2107 1584 successores
2137 1548 2490 1596 praedecessorum.

1433 1599 1504 1637 Vel
1532 1601 1560 1637 si
1591 1601 1771 1637 referatur
1798 1605 1810 1621 ι
1837 1600 1885 1636 ad
1914 1611 2059 1648 poenas
2085 1600 2308 1649 spirituales,
2333 1602 2409 1639 hoc
2437 1601 2498 1646 diff,
2617 1605 2629 1623 ε
2711 1615 2727 1626 ²

1435 1652 1529 1690 citur
1549 1662 1704 1702 propter
1727 1649 1978 1690 imitationem
2001 1654 2154 1702 culpae:
2174 1653 2276 1692 unde
2293 1654 2332 1692 in
2354 1655 2493 1698 Exodo

1433 1706 1593 1753 additur,
1622 1707 1678 1743 his
1706 1707 1772 1755 qui
1797 1698 1957 1743 odeJunt
1977 1718 2059 1751 me;
2087 1714 2123 1743 et
2149 1706 2190 1744 in
2221 1707 2417 1749 Matthaeo
2437 1708 2495 1751 cli-2

1434 1759 1527 1796 citur
1544 1759 1575 1806 ²⁸,
1595 1760 1645 1796 Et
1670 1771 1737 1796 vos
1764 1759 1911 1807 implete
1937 1771 2153 1798 mensuram
2173 1765 2330 1808 patrum
2352 1766 2497 1804 vestro->1
2518 1770 2528 1780 ·
2542 1769 2598 1792 Loc-
2613 1770 2654 1792 dt·
2668 1775 2728 1792 vers-

1433 1824 1566 1849 rum.-
1582 1812 1682 1849 Dicit
1701 1820 1830 1848 autem
1849 1812 1974 1861 puniri
1991 1821 2148 1862 peecata
2166 1820 2319 1861 patrum
2337 1813 2377 1851 in
2390 1813 2489 1862 filiis,
2515 1801 2550 1825 ³²‘

1433 1865 1522 1914 quia
1549 1865 1627 1912 filii,
1653 1866 1691 1902 in
1709 1865 1873 1914 peccatis
1901 1873 2102 1914 parentum
2131 1866 2269 1914 nutriti,
2288 1867 2491 1916 proniores

1432 1926 1519 1955 sunt
1534 1919 1582 1956 ad
1601 1919 1857 1967 peccandum:
1878 1926 1960 1956 tum
1978 1926 2143 1968 propter,
2156 1919 2495 1966 consuetudinem

1432 1979 1513 2008 tum
1543 1971 1655 2008 etiam
1682 1979 1837 2021 propter
1864 1973 2095 2022 exemplum,
2114 1980 2265 2022 patrum
2294 1973 2402 2022 quasi
2425 1984 2493 2011 au-

1433 2024 1641 2062 ctoritatem
1677 2032 1890 2074 sequentes.
1921 2026 2017 2063 Sunt
2045 2025 2158 2063 etiam
2193 2025 2330 2064 maiori
2364 2037 2502 2080 poena²

1435 2077 1547 2126 digni,
1581 2077 1623 2125 si,
1652 2090 1797 2126 poenas
1825 2086 1977 2127 patrum
2005 2078 2196 2126 videntes,
2227 2080 2384 2117 correcti
2411 2092 2499 2121 non,

1433 2138 1530 2168 sunt.
1545 2152 1568 2158 -
1586 2131 1676 2168 Ideo
1705 2139 1832 2168 autern
1852 2131 2007 2179 addidit,
2027 2132 2066 2169 in
2085 2133 2232 2169 tertiam
2255 2138 2292 2170 et
2316 2138 2491 2182 quartam
2838 2162 2840 2165 .

1432 2184 1730 2234 generationem,
1761 2184 1850 2234 quia
1877 2193 2023 2222 tantum
2057 2193 2342 2223 consueverunt
2366 2185 2499 2228 homin
2628 2207 2630 2212 ·
2825 2191 2840 2236 ἐ,

1433 2249 1501 2275 nes
1527 2237 1671 2284 vivere,
1691 2246 1732 2274 ut
1759 2237 1907 2275 tertiam
1927 2237 1938 2263 ζ
1959 2245 1995 2275 et
2014 2246 2190 2287 quartam
2206 2239 2503 2287 generationem,
2618 2235 2633 2265 ζ
2838 2253 2840 2258 ·

1432 2290 1608 2336 videant;
1629 2298 1666 2327 et
1693 2291 1746 2327 sic
1766 2299 1900 2328 mutuo
1929 2291 2060 2330 videre
2078 2299 2240 2341 possunt
2267 2300 2302 2331 et
2320 2291 2388 2331 filii
2404 2304 2502 2342 pessvs

1434 2350 1516 2380 cata
1542 2351 1693 2392 patrum
1722 2345 1770 2381 ad
1797 2344 2037 2393 imitandum,
2059 2353 2096 2383 et
2122 2353 2248 2394 patres
2270 2342 2421 2395 poenas
2448 2345 2500 2388 fivj

1433 2396 1569 2433 liorum
1598 2398 1647 2434 ad
1676 2398 1894 2435 dolendum.

1486 2451 1545 2486 AD
1574 2461 1763 2488 SECUNDUM
1783 2461 1967 2488 mensuum
2000 2451 2106 2499 quod
2124 2463 2276 2500 poenae
2300 2451 2386 2489 inae
2406 2445 2503 2490 sunt*

1435 2504 1651 2551 corporales
1689 2512 1724 2540 et
1760 2505 1990 2553 temporales
2026 2516 2121 2552 quas
2149 2504 2288 2544 iustitia
2323 2504 2492 2545 humana

1433 2556 1499 2593 uni
1524 2567 1594 2604 pro
1623 2564 1779 2605 peccato
1804 2557 1954 2594 alterius
1976 2556 2120 2604 infligit.
2142 2557 2192 2594 Et
2218 2564 2305 2595 sunt
2323 2557 2493 2598 remedia

1434 2609 1637 2658 quaedam,
1653 2610 1714 2646 vel
1730 2609 1955 2657 medicinae,
1972 2617 2104 2649 contra
2123 2610 2252 2659 culpas
2271 2618 2492 2659 sequentes:

1433 2669 1475 2699 ut
1502 2663 1564 2698 vel
1592 2662 1661 2711 ipsi
1685 2662 1750 2712 qui
1777 2663 1997 2711 puniuntur,
2018 2663 2080 2700 vel
2108 2662 2180 2711 alii,
2201 2663 2450 2702 cohibeantur
2471 2675 2493 2701 a

1434 2714 1616 2752 similibus
1645 2716 1774 2764 culpis.

1488 2770 1546 2805 AD
1575 2780 1733 2806 TERTIUM
1761 2780 1945 2806 mensuum
1969 2767 2074 2817 quod
2094 2767 2215 2816 magis
2235 2768 2411 2807 dicuntur
2424 2782 2501 2818 put

1436 2820 1506 2858 niri
1524 2833 1594 2870 pro
1618 2821 1782 2869 peccatis
1810 2822 1973 2859 aliorum
1993 2820 2199 2870 propinqui
2227 2833 2345 2869 quam
2374 2829 2501 2864 ext-ra·-

1436 2873 1509 2920 nei,
1525 2881 1607 2910 tum
1627 2874 1715 2922 quia
1734 2886 1860 2922 poena
1879 2874 2183 2923 propinquorum
2203 2874 2501 2923 quodammodo,

1436 2926 1623 2964 redundat
1642 2927 1680 2964 in
1698 2927 1781 2964 illos
1799 2927 1864 2976 qui
1883 2934 2149 2976 peecaverunt,
2169 2935 2211 2964 ut
2231 2927 2373 2967 dietum
2393 2935 2450 2969 est
2462 2928 2494 2975 *,

1437 2980 1662 3028 inquantum
1699 2980 1798 3017 filius
1827 2988 1883 3017 est
1919 2980 2111 3028 quaedam
2140 2993 2200 3017 res
2235 2981 2361 3029 patris.
2391 2982 2496 3023 Tum

1438 3032 1551 3069 etiam
1581 3033 1671 3081 quia
1699 3040 1735 3070 et
1754 3033 1963 3070 domestica
1993 3033 2178 3082 exempla,
2199 3041 2236 3071 et
2263 3033 2497 3075 domesticae

1438 3098 1599 3134 poenae,
1619 3085 1739 3133 magis
1768 3094 1937 3123 movent.
1958 3086 2070 3124 Unde
2095 3086 2250 3134 quando
2275 3086 2410 3136 aliquis
2429 3096 2505 3127 nuo-v

1438 3139 1543 3176 tritus
1577 3146 1631 3175 est
1658 3138 1696 3176 in
1724 3139 1887 3187 peccatis
1915 3146 2131 3188 parentum,
2158 3140 2423 3182 vehementius
2450 3150 2503 3181 efai

1440 3191 1628 3240 sequitur;
1658 3199 1695 3228 et
1714 3192 1743 3229 si
1773 3203 1817 3229 ex
1838 3204 1972 3230 eorum
1993 3192 2126 3241 poenis
2153 3204 2231 3230 non
2260 3200 2316 3231 est
2342 3191 2495 3246 deterri-

1440 3253 1511 3291 tus,
1538 3244 1759 3282 obstinatior
1786 3245 1957 3291 videtur;
1986 3245 2088 3283 unde
2109 3253 2144 3283 et
2162 3245 2190 3273 ‘'2‘
2210 3245 2345 3285 maiori
2361 3254 2496 3297 ‘poena
2620 3252 2637 3275 η

1442 3298 1588 3346 dignus.
2478 3318 2479 3322 ¹

2518 1350 2528 1359 '¹
2544 1348 2650 1377 νει-ιη..

2523 2937 2532 2947 ·
2547 2936 2692 2964 Inoni-pm.

382 3393 409 3424 α)
424 3393 552 3425 propriis.
570 3406 589 3412 -·
607 3393 660 3417 suls
679 3393 729 3417 EF.

383 3427 408 3460 β)
424 3429 574 3460 personale.
592 3441 610 3446 -
625 3435 675 3459 per
694 3435 720 3452 se
735 3429 847 3459 poenale
866 3429 1134 3462 ABCDEFGIKLpH.

382 3464 408 3496 γ)
428 3464 473 3488 sic.
490 3477 509 3482 —
528 3463 588 3487 Orn.
608 3463 654 3487 Pa.

383 3498 407 3530 ὃ)
427 3506 495 3523 eum.
513 3512 531 3517 -
548 3498 584 3522 ad
603 3505 660 3522 eum
681 3498 741 3527 HK,
762 3501 787 3521 et
805 3498 842 3522 ad
860 3505 916 3523 eum
938 3500 979 3529 ΞΒ,
1000 3503 1024 3524 et
1044 3507 1101 3524 eum
1122 3499 1211 3530 ceteri;
1231 3499 1311 3524 altero
1330 3500 1387 3524 loco

330 3534 366 3559 ad
385 3541 443 3559 eum
462 3533 530 3558 Ksss.

2836 3406 2840 3452 -.
2824 3348 2840 3396 ἰῇ..4
2838 3305 2840 3310 .
2838 3259 2840 3277 i-

1495 3395 1516 3426 ε)
1537 3394 1678 3427 referatur.
1696 3408 1715 3412 -
1734 3394 1886 3427 referantur
1905 3394 1952 3418 Pa.

1494 3429 1518 3461 ζ)
1539 3430 1655 3454 tertiam.
1672 3443 1690 3448 -
1709 3429 1734 3453 in
1756 3429 1861 3454 tertiam
1881 3429 2124 3462 ABCDEFGlel-l,
2143 3428 2222 3454 σείσω
2241 3427 2347 3453 tertiam
2363 3427 2393 3453 K.
2411 3441 2430 3447 -
2449 3428 2499 3453 Pro

1437 3468 1557 3497 patrum,
1572 3468 1715 3496 parentum
1735 3464 1780 3489 Pa.

1493 3501 1519 3531 η)
1540 3502 1573 3524 et.
1591 3513 1609 3518 -
1627 3500 1707 3525 etiam
1726 3499 1776 3528 EF.
1795 3502 1821 3523 et
1839 3502 1877 3523 est
1897 3498 1967 3523 Pria.

2836 4003 2840 4010 ,
2838 3983 2840 3987 .
2832 3465 2840 3970 .-..„-A-..i.-.-..—.-.-..——-——⁸„..
