2840 4010
374 164 445 199 322

1067 158 1332 204 QUAESTIO
1364 158 1465 203 CXI,
1495 158 1790 195 ARTICULUS
1819 160 1853 195 V

1155 292 1470 334 ARTICULUS
1502 293 1756 342 QUINTUS

603 397 755 428 UTRUM
780 395 941 426 GRATIA
965 393 1120 424 GRATIS
1145 393 1265 423 DATA
1290 393 1356 423 SIT
1381 393 1561 425 DIGNIOR
1585 395 1710 431 QUAM
1735 394 1897 434 GRATIA
1921 393 2105 424 GRATUM
2129 394 2310 425 FACIENS

407 507 468 552 ’ein‘
491 520 544 542 με(
566 505 605 529 D
625 503 785 534 QUlNTUM
805 502 857 527 su:
882 501 1119 526 PROCEDlTUR.
1145 489 1304 526 Videtur
1324 490 1428 548 quod

399 536 572 609 ³55)
585 545 699 592 gratia
717 543 828 632 gratis
845 543 930 579 data
942 549 990 631 Ξῖ
1011 542 1157 589 dignior
1170 554 1292 600 'quam
1313 543 1429 590 gratia

391 599 394 605 ’
450 612 509 641 *r
556 625 558 630 .
610 604 731 633 ratum
775 607 911 632 aclens.
978 607 1092 631 onum
1120 595 1219 631 enim
1268 596 1360 632 entis
1378 601 1432 632 est

407 576 571 683 infir&
584 610 715 686 rgnelius
742 660 855 697 quam
884 649 1021 684 bonum
1051 607 1430 690 unius,·utgphi10so-

233 720 278 760 u,c
273 714 344 734 n8-
371 703 469 752 phus
499 701 596 749 dicit,
619 702 656 738 in
678 703 688 738 I
709 702 828 738 Ethic.
845 700 864 722 '¹‘
885 700 962 737 Sed
982 700 1097 759 gratia
1116 708 1264 748 gratum
1290 700 1429 738 faciens

372 755 566 792 ordinatur
594 755 719 791 solum
740 754 787 791 ad
808 755 953 790 bonum
974 753 1085 790 unius
1104 753 1286 790 hominis:
1313 754 1430 801 gratia

372 815 499 845 autem
527 808 638 855 gratis
668 807 754 844 data
774 806 967 843 ordinatur
986 807 1034 844 ad
1054 806 1201 843 bonum
1222 818 1429 843 commune

371 861 484 898 totius
499 860 702 906 Ecclesiae,
719 867 888 908 utsupra
902 859 922 880 ’¹‘
941 859 1082 896 dictum
1105 866 1169 895 est.
1192 860 1292 906 Ergo
1313 859 1429 906 gratia

372 913 482 961 gratis
499 913 584 949 data
605 920 659 950 est
675 912 822 960 dignior
836 924 952 961 quam
973 912 1090 959 gratia
1109 919 1255 959 gratum
1276 912 1427 949 faciens.

426 978 460 1002 2.
477 967 710 1013 PRAETEREA‚
730 965 883 1002 maioris
901 965 1048 1002 virtutis
1072 972 1127 1001 est
1156 966 1259 1012 quod
1289 965 1429 1014 aliquid

372 1018 489 1067 possit
517 1031 626 1066 agere
646 1019 684 1056 in
705 1018 817 1064 aliud,
839 1030 955 1067 quam
977 1018 1080 1066 quod
1099 1019 1224 1054 solum
1246 1018 1283 1054 in
1303 1018 1428 1066 seipso

371 1071 604 1120 perficiatur:
625 1072 719 1108 sicut
740 1071 862 1108 maior
878 1078 932 1108 est
948 1071 1093 1107 claritas
1106 1070 1278 1119 corporis
1297 1072 1400 1119 quod
1413 1076 1429 1092 ‘²

372 1132 496 1173 potest
523 1124 636 1161 etiarn
666 1125 737 1161 alia
767 1136 928 1172 corpora
956 1123 1178 1168 illuminare,
1208 1135 1323 1171 quam
1351 1123 1430 1160 eius

373 1177 477 1225 quod
515 1177 563 1214 ita
596 1178 633 1213 in
667 1189 707 1213 se
735 1177 834 1213 lucet
865 1177 971 1224 quod
1003 1175 1076 1212 alia
1107 1176 1317 1212 illuminare
1353 1188 1430 1215 non

372 1237 506 1278 potest.
537 1231 696 1278 Propter
723 1230 827 1277 quod
858 1229 969 1265 etiam
994 1228 1250 1276 Philosophus
1271 1228 1370 1275 dicit,
1391 1228 1429 1265 in

228 1291 235 1306 ¹
261 1291 273 1306 ¹¹
295 1292 313 1313 ι5
335 1298 344 1301 ·
372 1283 406 1319 V
423 1283 542 1319 Ethic.
563 1282 593 1324 ²¹⁶,
624 1282 729 1330 quod
758 1282 893 1318 iustitia
922 1286 976 1317 est
991 1280 1298 1328 praeclarissima
1317 1281 1431 1318 virtu-

133 1286 212 1333 gcssssj
229 1301 282 1333 secti
294 1302 323 1334 ns

373 1340 468 1380 tum,
498 1347 565 1383 per
593 1347 708 1384 quam
745 1335 863 1371 homo
899 1341 998 1370 recte
1028 1346 1068 1370 se
1096 1334 1210 1370 habet
1239 1334 1353 1370 etiam
1382 1335 1431 1372 ad

373 1388 476 1424 alios.
514 1388 591 1425 Sed
618 1400 686 1436 per
713 1387 869 1435 gratiam
898 1394 1045 1434 gratum
1082 1386 1282 1423 facientem
1311 1388 1431 1424 horno

372 1440 565 1489 perficitur
591 1441 630 1477 in
658 1440 800 1488 seipso:
822 1452 890 1488 per
908 1439 1065 1487 gratiam
1088 1446 1214 1476 autem
1235 1440 1348 1487 gratis
1369 1441 1432 1477 da-

373 1501 450 1530 tam
465 1494 582 1530 horno
599 1501 777 1542 operatur
792 1494 840 1530 ad
854 1492 1127 1542 perfectionem
1142 1492 1313 1529 aliorum.
1331 1494 1433 1541 Ergo

374 1546 490 1594 gratia
518 1547 629 1594 gratis
658 1547 744 1584 data
765 1553 819 1582 est
838 1545 986 1593 dignior
1006 1557 1121 1594 quam
1141 1545 1257 1593 gratia
1286 1553 1433 1593 gratum

373 1600 525 1636 faciens.

430 1654 463 1690 3.
485 1654 716 1698 Pmmmm,
738 1652 775 1688 id
795 1651 900 1699 quod
920 1659 975 1688 est
994 1651 1191 1700 proprium
1219 1651 1432 1698 meliorum,

376 1705 525 1753 dignius
546 1712 600 1741 est
620 1717 736 1754 quam
756 1704 793 1741 id
813 1704 917 1753 quod
939 1711 993 1740 est
1014 1715 1220 1740 commune
1241 1704 1432 1741 omnium:

375 1758 469 1795 sicut
498 1757 726 1804 ratiocinari,
756 1757 861 1804 quod
882 1765 937 1794 est
955 1756 1153 1806 proprium
1182 1757 1360 1804 hominis,
1383 1757 1435 1794 di-

375 1811 482 1858 gnius
498 1818 554 1847 est
573 1822 690 1859 quarn
710 1810 860 1857 sentire,
882 1810 986 1858 quod
1007 1817 1062 1846 est
1084 1822 1291 1846 commune
1313 1810 1435 1847 omni-

376 1865 446 1900 bus
478 1863 713 1900 animalibus.
755 1863 831 1900 Sed
864 1863 981 1911 gratia
1017 1870 1165 1910 gratum
1204 1862 1355 1900 faciens‘
1381 1871 1436 1900 est

376 1916 591 1953 communis
611 1916 790 1953 omnibus
810 1916 994 1953 membris
1011 1916 1222 1952 Ecclesiae:
1238 1916 1356 1963 gratia
1369 1929 1435 1953 au·

375 1977 452 2006 tem
481 1969 592 2017 gratis
621 1969 707 2006 data
737 1976 792 2005 est
819 1969 1016 2018 proprium
1047 1968 1192 2005 donum
1219 1968 1434 2016 digniorum

375 2023 638 2059 membrorum
659 2021 861 2058 Ecclesiae.
883 2022 985 2070 Ergo
1005 2021 1122 2069 gratia
1141 2021 1253 2069 gratis
1273 2022 1359 2059 data
1379 2030 1436 2059 est

377 2075 523 2123 dignior
551 2087 666 2123 quam
695 2074 811 2122 gratia
839 2082 988 2122 gratum
1017 2074 1168 2111 faciens.

430 2129 504 2165 SED
529 2139 674 2165 CONTRA
702 2139 767 2164 EST
782 2128 887 2176 quod
910 2128 1128 2176 Apostolus,
1151 2128 1164 2163 I
1185 2128 1236 2164 ad
1258 2128 1344 2165 Cor.
1365 2139 1433 2175 xu,

377 2181 604 2218 enumeratis
633 2180 756 2228 gratiis
785 2180 896 2228 gratis
932 2181 1045 2227 datis,
1082 2180 1209 2217 subdit
1231 2180 1273 2216 *ε
1301 2181 1436 2218 Adhuc

377 2234 673 2271 excellentiorem
709 2234 811 2270 viam
847 2234 952 2270 vobis
990 2234 1228 2270 demonstro:
1267 2241 1303 2270 et
1341 2233 1436 2270 sicut

376 2299 445 2336 per
464 2286 732 2335 subsequentia
760 2294 872 2336 patet,
901 2286 1065 2335 loquitur
1085 2287 1132 2324 de
1153 2285 1316 2334 caritate,
1337 2298 1434 2336 quae

377 2340 538 2389 pertinet
556 2341 604 2377 ad
623 2339 780 2387 gratiam
799 2347 946 2387 gratum
968 2339 1180 2376 facientem.
1197 2340 1298 2387 Ergo
1318 2339 1436 2387 gratia

378 2400 524 2441 gratum
552 2392 693 2429 faciens
722 2393 961 2431 excellentior
990 2399 1044 2429 est
1072 2404 1189 2440 quarn
1218 2392 1336 2439 gratia
1353 2404 1435 2440 gra-

377 2446 422 2483 tis
452 2446 548 2482 data.

432 2500 655 2535 RESPONDEO
689 2509 871 2535 DlCENDUM
906 2498 1010 2546 quod
1038 2509 1291 2546 unaquaeque
1319 2498 1436 2535 virtus

378 2559 481 2588 tanto
516 2550 754 2587 excellentior
782 2558 857 2597 est,
888 2558 1029 2598 quanto
1061 2551 1110 2588 ad
1143 2551 1251 2587 altius
1289 2552 1435 2588 bonum

432 2675 458 2715 α)
478 2674 587 2699 claritas
601 2674 720 2705 corporis
735 2674 813 2706 quod.
827 2687 845 2692 -
859 2674 958 2698 caritas
974 2681 1040 2706 quae
1056 2674 1234 2706 CDEFGpAl,
1248 2675 1358 2699 claritas
1371 2681 1438 2706 quae

380 2714 464 2778 cete&
477 2748 574 2769 aulem.
593 2759 610 2763 —
629 2744 698 2769 enim
719 2745 765 2768 Pa.

1484 490 1688 527 ordinatur.
1711 492 1872 539 Semper
1893 498 2019 526 autem
2038 489 2125 526 finis
2148 490 2275 538 potior
2294 498 2349 528 est
2367 491 2425 528 his
2444 504 2542 539 quae

1484 551 1570 580 sunt
1589 545 1637 580 ad
1657 544 1787 580 finem.
1819 543 1947 580 Gratia
1969 550 2095 579 autem
2116 541 2131 572 β
2156 551 2305 590 gratum
2325 543 2465 580 faciens
2485 557 2544 581 or-

1484 596 1588 633 dinat
1612 597 1809 633 hominem
1838 593 2057 632 immediate
2086 596 2134 632 ad
2164 595 2472 633 coniunctionem
2490 597 2545 634 ul·

1483 649 1563 685 timi
1596 649 1692 684 finis.
1724 649 1875 685 Gratiae
1910 656 2036 686 autem
2075 648 2186 696 gratis
2225 649 2332 685 datae
2370 649 2546 687 ordinant

1483 701 1680 738 hominem
1705 701 1752 737 ad
1783 702 1972 750 quaedam
1993 701 2275 750 praeparatoria
2295 701 2382 738 finis
2399 702 2540 739 ultimi:

1484 754 1579 791 sicut
1606 766 1674 802 per
1701 753 1940 802 prophetiam
1976 762 2011 790 et
2038 754 2220 791 miracula
2253 762 2288 790 et
2317 754 2388 791 alia
2417 755 2544 793 huius-

1485 807 1590 844 modi
1623 806 1798 842 homines
1827 806 2057 844 inducuntur
2085 807 2133 844 ad
2166 808 2240 843 hoc
2274 807 2379 856 quod
2410 807 2544 845 ultimo

1484 859 1550 896 fini
1579 859 1864 906 coniungantur.
1897 860 1944 895 Et
1972 860 2057 896 ideo
2086 860 2203 908 gratia
2231 867 2380 908 gratum
2403 860 2546 898 faciens

1485 920 1540 949 est
1568 913 1686 949 multo
1716 911 1957 948 excellentior
1983 925 2101 960 quam
2130 913 2246 960 gratia
2275 913 2386 960 gratis
2413 913 2513 960 data.

1536 966 1594 1001 AD
1617 977 1750 1001 PRIMUM
1780 976 1878 1001 ERGO
1902 976 2087 1002 DICENDUM
2111 966 2229 1014 quod,
2258 966 2353 1002 sicut
2372 965 2545 1003 Philoso—

1483 1018 1582 1066 phus
1611 1017 1718 1064 dicit,
1749 1017 1785 1053 in
1814 1018 1882 1053 XII
1907 1017 2123 1066 Metaphys.
2145 1018 2176 1065 *‚
2206 1019 2350 1055 bonurn
2381 1019 2546 1056 multitu·
2571 1034 2582 1043 ⁸

1485 1070 1592 1116 dinis,
1622 1071 1716 1106 sicut
1745 1069 1940 1115 exercitus,
1970 1078 2026 1106 est
2054 1071 2203 1119 duplex.
2233 1072 2364 1109 Unum
2389 1071 2543 1120 quidem

1484 1124 1589 1171 quod
1619 1131 1674 1159 est
1700 1123 1737 1159 in
1766 1123 1846 1171 ipsa
1875 1122 2133 1160 multitudine:
2162 1131 2253 1171 puta
2281 1124 2377 1162 ordo
2406 1125 2546 1163 exerci-

1484 1183 1554 1212 tus.
1580 1175 1693 1212 Aliud
1722 1183 1848 1212 autem
1878 1175 1983 1224 quod
2013 1183 2068 1212 est
2096 1183 2311 1224 separatum
2337 1190 2360 1214 a
2378 1178 2544 1215 multitu.-

1486 1229 1594 1275 dine,
1633 1229 1727 1265 sicut
1772 1229 1917 1265 bonum
1954 1228 2080 1265 ducis:
2115 1235 2151 1264 et
2186 1229 2261 1265 hoc
2296 1230 2431 1267 melius
2467 1239 2544 1278 est,

1486 1281 1573 1330 quia
1601 1281 1647 1318 ad
1675 1282 1750 1317 hoc
1779 1281 1891 1318 etiam
1920 1281 2011 1318 illud
2041 1281 2142 1318 aliud
2176 1281 2382 1319 ordinatur.
2417 1283 2546 1321 Gratia

1486 1341 1612 1371 autem
1638 1339 1653 1362 Υ
1681 1334 1792 1381 gratis
1829 1334 1916 1371 data
1949 1333 2146 1371 ordinatur
2177 1334 2226 1371 ad
2261 1335 2407 1373 bonum
2441 1347 2547 1375 eom-s

1486 1397 1601 1423 mune
1629 1387 1819 1423 Ecclesiae
1846 1387 1951 1435 quod
1973 1394 2028 1424 est
2048 1387 2143 1424 ordo
2165 1387 2457 1426 ecclesiasticus:
2475 1389 2548 1429 sed

1487 1440 1604 1488 gratia
1628 1447 1774 1487 gratum
1803 1439 1944 1476 faciens
1973 1439 2169 1477 ordinatur
2196 1440 2245 1478 ad
2274 1441 2420 1479 bonum
2441 1446 2547 1480 com·-¹

1488 1505 1604 1529 mune
1640 1499 1874 1541 separatum,
1905 1494 2008 1541 quod
2042 1500 2097 1530 est
2123 1492 2204 1542 ipse
2233 1493 2351 1531 Deus.
2381 1494 2431 1531 Et
2458 1494 2547 1533 ideo

1488 1546 1604 1593 gratia
1632 1552 1778 1593 gratum
1808 1545 1948 1582 faciens
1977 1553 2032 1582 est
2060 1545 2234 1583 nobilior.
2391 1593 2393 1597 Δ

1546 1600 1604 1635 AD
1637 1610 1825 1635 SECUNDUM
1854 1610 2038 1636 DlCENDUM
2067 1599 2191 1647 quod,
2221 1598 2252 1636 si
2282 1599 2400 1647 gratia
2436 1600 2547 1648 gratis

1490 1651 1576 1688 data
1602 1660 1731 1700 posset
1758 1651 1832 1688 hoc
1860 1663 1971 1699 agere
1999 1652 2037 1688 in
2066 1652 2183 1688 altero
2213 1652 2318 1710 quod
2337 1653 2547 1702 homoper

1488 1704 1645 1752 gratiam
1666 1711 1813 1752 gratum
1834 1704 2033 1741 facientem
2055 1704 2310 1753 consequitur,
2327 1711 2550 1764 sequeretur

1489 1757 1594 1805 quod
1623 1757 1737 1804 gratia
1765 1757 1876 1804 gratis
1906 1757 1992 1795 data
2020 1765 2119 1794 esset
2152 1757 2334 1796 nobilior.
2364 1757 2461 1796 sicut
2481 1771 2551 1798 exe,

1491 1810 1683 1847 cellentior
1711 1818 1767 1847 est
1795 1810 1941 1847 claritas
1960 1803 2050 1848 solis
2070 1810 2313 1848 illuminantis
2333 1823 2448 1862 quam
2468 1823 2551 1851 005»
2588 1823 2590 1825 “

1488 1863 1592 1911 poris
1625 1863 1831 1900 illuminati.
1867 1864 1943 1900 Sed
1975 1875 2044 1912 per
2080 1863 2238 1911 gratiam
2275 1863 2388 1911 gratis
2419 1861 2547 1909 datam

1488 1916 1608 1952 homo
1637 1928 1715 1952 non
1742 1924 1865 1964 potest
1893 1928 2048 1953 causare
2077 1916 2116 1953 in
2144 1916 2218 1953 alio
2238 1915 2552 1957 coniunctionem

1488 1969 1537 2005 ad
1565 1970 1703 2015 Deum,
1733 1981 1850 2017 quam
1878 1969 1959 2018 ipse
1987 1970 2103 2006 habet
2129 1981 2198 2018 per
2225 1969 2381 2017 gratiam
2401 1977 2551 2022 gramm

1491 2021 1707 2067 facientem;
1737 2022 1804 2059 sed
1834 2029 1963 2060 causat
1992 2022 2178 2072 quasdam
2207 2021 2474 2082 dispositiones
2501 2023 2552 2062 ad

1491 2074 1577 2111 hoc.
1607 2075 1655 2111 Et
1683 2075 1769 2111 ideo
1799 2087 1877 2112 non
1907 2083 2056 2124 oportet
2075 2075 2179 2135 quod
2198 2075 2313 2123 gratia
2331 2075 2444 2123 gratis
2463 2075 2552 2116 dati

1493 2127 1539 2164 sit
1568 2128 1826 2165 excellentior:
1857 2128 1953 2166 sicut
1980 2141 2051 2165 nec
2078 2129 2118 2167 in
2151 2128 2236 2176 igne
2265 2129 2367 2169 calor
2394 2129 2554 2169 manif&

1491 2181 1646 2217 stativus
1666 2181 1803 2229 speciei
1824 2181 1903 2217 eius
1923 2179 1936 2202 δ
1940 2194 2047 2230 ‚per
2065 2193 2182 2230 quam
2208 2181 2283 2230 agit
2300 2181 2349 2220 ad
2368 2181 2551 2221 inducet&

1492 2234 1584 2270 dum
1621 2235 1783 2270 calorem
1813 2234 1851 2271 in
1880 2234 1971 2281 alia,
2002 2242 2058 2271 est
2090 2234 2253 2273 nobilior
2280 2246 2398 2284 quam
2424 2235 2554 2275 formt

1490 2286 1740 2323 substantialis
1768 2287 1896 2336 ipsius.

1543 2341 1601 2376 AD
1620 2351 1778 2376 TER-rium
1798 2352 1982 2378 mcennum
2002 2340 2108 2388 quod
2127 2339 2264 2382 sentire
2286 2316 2488 2381 ordinatur
2491 2341 2555 2381 ad

1490 2392 1699 2429 ratiocinari
1723 2393 1816 2429 sicut
1834 2394 1883 2430 ad
1902 2394 2038 2431 finem:
2060 2401 2096 2430 et
2114 2393 2233 2433 ideo*
2261 2393 2474 2432 ratiocinari
2493 2401 2555 2433 osb

1491 2445 1664 2482 nobilius.
1687 2446 1758 2482 Hic
1773 2454 1900 2483 autem
1921 2454 1977 2484 est
1996 2458 2016 2483 e
2037 2456 2245 2484 converso:
2275 2447 2364 2494 quia
2385 2446 2421 2484 id
2441 2446 2555 2494 quod.

1492 2506 1547 2535 est
1566 2498 1775 2547 proprium,
1797 2499 1991 2536 ordinatur
2015 2499 2063 2536 ad
2083 2499 2121 2536 id
2140 2497 2245 2549 quod
2266 2506 2548 2540 estvcommune

1490 2551 1585 2588 sicut
1613 2552 1659 2588 ad
1689 2552 1817 2589 finem.
1847 2552 1958 2590 Unde
1987 2564 2065 2589 non
2094 2559 2149 2589 est
2177 2551 2308 2590 simile.

1544 2675 1569 2707 γ)
1585 2678 1708 2698 autem.-
1719 2675 1803 2707 igitur
1816 2675 2006 2704 ABCDEFGK.
2022 2682 2075 2699 om.
2089 2675 2128 2705 H;
2143 2675 2262 2700 Gratia..
2268 2674 2496 2700 ,ordinaturum
2505 2675 2553 2700 tm

1545 2708 1569 2776 ο)>
1588 2717 1690 2769 {¹1AEss
1706 2711 1769 2770 (ὅτι,
1787 2711 1995 2770 {BCDEGl-lll.

2673 549 2690 583 β
