2840 4010
114 1673 145 1724 1'1,
154 1672 326 1726 fratrae:

116 1731 142 1746 ca
161 1741 166 1746 .
181 1731 227 1746 ΧΧΙ.

123 3049 131 3056 ·
147 3047 213 3069 Vers.
225 3047 247 3068 16
258 3054 292 3075 sq.

355 135 432 171 224

353 204 483 239 Potest
509 209 638 239 tamen
667 201 738 238 diei
769 200 892 249 quod,
923 211 1010 236 cum
1046 198 1144 234 salus
1172 196 1337 233 hominis
1366 196 1412 233 sit

354 267 376 292 a
404 256 502 302 Deo,
522 254 724 303 praecipue
743 253 805 289 illa
823 258 1025 301 praecepta
1047 250 1224 287 videntur
1253 261 1334 286 esse
1354 262 1411 286 sa-

353 308 439 344 lutis
464 309 624 355 regulae,
654 318 751 353 quae
780 304 976 341 hominem
1001 301 1177 340 ordinant
1204 300 1253 339 ad
1271 303 1410 340 Deum.

355 361 404 397 Et
432 360 484 397 sic
508 358 793 396 caeremonialia
827 357 1001 393 dicuntur
1026 360 1037 376 ⁸
1064 365 1161 403 quae
1190 354 1238 391 ad
1268 355 1410 392 cultum

355 413 426 449 Dei
481 412 650 448 ertinent.

398 425 477 501 -Αιξ
487 475 657 506 QUARTUM
678 473 859 498 DICENDUM
889 460 993 508 quod
1013 460 1074 496 illa
1094 459 1188 496 ratio
1218 472 1411 497 caeremo-

408 580 430 612 ε)
450 579 582 604 dicuntur.
599 592 618 597 -
638 578 759 603 ditentur
778 577 961 607 ACDGHIKL,
982 577 1133 602 dicerentur
1151 577 1180 602 B.

1062 118 1327 166 QUAEs‘rto
1358 118 1423 165 ci,
1453 118 1747 156 ARTICULUS
1777 120 1808 156 11

1467 196 1623 234 nialium
1653 203 1708 233 est
1736 198 2027 245 quodammodo
2057 201 2282 249 probabilis,
2311 214 2390 239 non
2419 200 2524 251 quod

1468 262 1512 286 ex
1537 262 1582 286 eo
1604 249 1810 287 dicuntur<
1836 251 2128 299 caeremonialia
2156 253 2246 302 quia
2270 266 2404 292 eorum
2429 253 2522 291 ratio

1463 314 1545 340 >non
1575 309 1631 339 est
1649 301 1868 349 manifesta;
1889 303 1958 340 sed
1983 303 2058 341 hoc
2087 311 2143 341 est
2166 306 2362 353 quoddam
2392 319 2524 344 conse-

1468 368 1598 404 quens.
1621 355 1721 402 Quia
1742 355 1842 392 enim
1861 363 2064 405 praecepta
2084 356 2133 393 ad
2147 358 2300 395 -cultum
2321 359 2394 396 Dei
2413 360 2524 408 perti-

1466 407 1593 445 nentia
1609 415 1760 458 oportet
1774 421 1857 446 esse
1872 408 2054 457 figuralia,
2069 416 2111 446 ut
2127 409 2251 446 infra*
2267 410 2421 459 dicetur,
2436 411 2524 449 inde
2551 420 2563 431 ⁸
2577 420 2627 441 Art·
2643 425 2667 440 se
2685 434 2691 439 ·

1467 469 1523 498 est
1551 462 1655 508 quod
1685 474 1820 498 eorum
1849 462 1942 499 ratio
1972 474 2049 499 non
2080 469 2135 499 est
2163 463 2259 500 adeo
2289 464 2496 502 manifesta.

1518 578 1543 611 ζ)
1562 579 1633 611 quod
1652 586 1689 604 ex
1702 586 1732 604 eo
1752 580 1887 605 dicuntur.
1904 593 1924 599 -
1941 580 2012 612 quod
2032 578 2107 613 (quia
2126 579 2156 614 P)
2176 587 2214 605 ex
2232 587 2262 605 eo
2282 579 2408 606 dicantur
2426 581 2472 606 Pa.

1024 654 1357 689 Commenta-ia.
1379 657 1629 690 cardinalis
1651 657 1851 691 Caietam

384 747 404 766 N
419 735 657 776 quaestionibus
670 734 942 775 centesimaprima
954 741 984 765 et
996 734 1302 766 centesimasecunda
1313 736 1414 767 multa
1467 736 1574 773 nialia;
1600 744 1630 767 et
1653 736 1775 766 aditum
1799 737 1838 766 ad
1861 736 2039 778 Scripturae
2061 738 2300 779 intelligentiam
2323 737 2440 770 habent
2460 748 2527 770 non

357 748 545 810 Iscribenda
569 785 671 810 essent
694 789 752 819 pro
776 785 862 810 textu
878 779 1067 819 Scripturae,
1086 789 1168 820 quae
1184 779 1305 810 biblicis
1321 778 1413 810 relin-

352 834 429 865 quo.
446 824 511 861 Qui
533 823 583 854 hic
607 823 753 863 colligere
777 829 911 864 possunt
934 823 1105 854 summarie
1125 823 1235 854 omnia
1257 833 1414 856 caeremo-

1467 781 1573 811 solum
1595 780 1771 816 litteralem,
1796 781 1850 811 sed
1873 780 2048 821 figuralem.

1119 976 1435 1019 ARTICULUS
1465 977 1762 1020 SECUNDUS

845 1071 1001 1102 UTRUM
1024 1070 1280 1102 PRAECEPTA
1304 1070 1661 1103 CAEREMONIALIA
1684 1071 1781 1102 s1NT
1804 1039 2038 1102 FIGURALIA

1133 1148 1207 1180 Infra,
1227 1156 1270 1181 qu.
1290 1156 1344 1179 cm,
1363 1153 1410 1176 art.
1433 1157 1454 1179 ι,
1475 1149 1504 1180 33
1524 1157 1570 1183 qu.
1588 1157 1638 1180 cxv,
1659 1155 1704 1175 art.
1725 1157 1750 1175 2.

396 1270 414 1285 v„
472 1255 541 1286 ,φρ
562 1249 585 1274 ι)
601 1247 791 1274 SECUNDUM
807 1248 860 1273 διο
879 1247 1119 1273 PROCEDITUR.
1135 1235 1293 1273 Videtur
1306 1237 1413 1284 quod

563 1297 766 1338 praecepta
793 1288 1084 1326 caeremonialia
1112 1301 1191 1326 non
1219 1289 1292 1326 sint
1319 1289 1414 1338 figu-

374 1339 406 1390 ,ζ
451 1338 486 1381 ἦ
549 1337 667 1381 ralia.
689 1342 856 1380 Pertinet
884 1342 986 1379 enim
1015 1341 1064 1379 ad
1092 1341 1264 1380 officium
1293 1342 1415 1381 cuius-

374 1387 387 1399 *
524 1385 655 1433 &libet
683 1395 848 1433 doctoris
880 1402 920 1432 ut
957 1394 1010 1432 sic
1038 1395 1264 1444 pronunciet
1295 1402 1338 1432 ut
1364 1397 1411 1433 de

353 1449 451 1487 facili
479 1448 630 1496 intelligi
653 1448 783 1497 possit,
804 1447 899 1485 sicut
926 1448 1158 1496 Augustinus
1185 1448 1284 1496 dicit,
1304 1448 1343 1486 in
1363 1449 1414 1486 IV

213 1520 300 1540 vn1‚x-
354 1503 400 1540 de
426 1504 556 1540 Doctr.
581 1502 713 1540 Christ.
733 1500 765 1538 ²³.
786 1502 835 1538 Et
861 1501 936 1538 hoc
960 1501 1126 1538 maxime
1153 1501 1304 1539 videtur
1331 1514 1414 1540 esse

354 1555 611 1594 necessarium
632 1554 669 1591 in
689 1554 779 1602 legis
802 1553 962 1591 latione:
987 1554 1076 1602 quia
1094 1561 1297 1603 praecepta
1323 1555 1414 1602 legis

353 1609 498 1658 populo
527 1615 804 1657 proponuntur.
826 1607 936 1644 Unde
965 1607 1023 1643 lex
1043 1607 1157 1644 debet
1184 1619 1265 1644 esse
1294 1607 1414 1646 mani·

354 1663 459 1708 festa,
479 1668 519 1698 ut
540 1661 704 1698 Isidorus
734 1660 822 1697 dicit
844 1659 875 1697 ³⁸.
897 1660 938 1697 Si
965 1660 1074 1707 igitur
1101 1667 1303 1709 praecepta
1331 1672 1415 1698 cae-

354 1714 576 1753 remonialia
606 1713 692 1751 data
719 1720 807 1750 sunt
833 1713 871 1749 in
899 1712 1055 1750 alicuius
1084 1713 1137 1750 rei
1165 1713 1338 1761 figuram,
1357 1714 1413 1752 vi-

354 1770 463 1806 detur
482 1766 794 1804 inconvenienter
813 1766 1009 1803 tradidisse
1030 1771 1047 1787 ‘²
1066 1766 1287 1804 huiusmodi
1306 1779 1414 1815 prae·

355 1828 463 1870 cepta
491 1821 660 1868 Moyses,
682 1831 760 1857 non
789 1831 982 1867 exponens
1012 1819 1103 1867 quid
1131 1820 1346 1867 figurarent.

409 1885 444 1911 2.
461 1874 695 1919 PRAETEREA,
717 1885 763 1909 ea
790 1884 890 1920 quae
909 1872 947 1908 in
976 1873 1118 1909 cultum
1147 1872 1221 1910 Dei
1238 1880 1412 1921 aguntur,

355 1927 519 1964 maxime
552 1926 693 1963 debent
729 1926 967 1962 honestatem
1002 1925 1156 1963 habere.
1185 1926 1263 1963 Sed
1289 1927 1413 1965 facere

355 1980 480 2029 aliqua
499 1979 595 2016 facta
613 1979 664 2016 ad
682 1975 754 2015 alia
774 1977 788 2007 β
808 1979 1139 2026 repraesentanda,
1158 1978 1311 2017 videtur
1329 1991 1413 2016 esse

353 2032 596 2080 theatricum,
626 2032 707 2070 sive
734 2031 948 2080 poeticum:
979 2031 1018 2068 in
1045 2031 1198 2069 theatris
1227 2032 1329 2071 enim
1357 2044 1414 2069 re-

352 2086 690 2135 praesentabantur
725 2084 816 2121 olim
845 2096 914 2132 per
942 2084 1067 2132 aliqua
1104 2097 1202 2134 quae
1230 2085 1282 2123 ibi
1308 2097 1414 2134 gere-

353 2140 501 2185 bantur,
519 2138 709 2187 quaedam
725 2137 886 2174 aliorum
903 2137 1010 2174 facta.
1027 2138 1130 2185 Ergo
1145 2137 1297 2176 videtur
1310 2139 1413 2188 quod

353 2191 574 2229 huiusmodi
602 2203 680 2228 non
701 2190 864 2227 debeant
891 2190 973 2227 fieri
993 2192 1040 2228 ad
1070 2191 1212 2228 cultum
1233 2191 1315 2229 Dei.
1337 2189 1414 2229 Sed

355 2244 646 2282 caeremonialia
673 2243 896 2281 ordinantur
924 2244 972 2280 ad
1003 2244 1145 2281 cultum
1175 2244 1263 2292 Dei,
1291 2244 1414 2283 utsdi-

355 2306 457 2335 ctum
487 2306 543 2334 est
569 2297 599 2335 ³⁸.
621 2298 724 2345 Ergo
754 2296 1044 2334 caeremonialia
1064 2309 1143 2334 non
1172 2297 1313 2336 debent
1331 2307 1414 2336 esse

353 2351 536 2399 figuralia.
1392 2374 1394 2376 v

409 2405 443 2441 3.
464 2405 697 2450 PRAETEREA,
718 2402 950 2450 Augustinus
979 2402 1078 2450 dicit,
1099 2402 1138 2440 in
1163 2402 1357 2443 Enchirid.
1380 2402 1412 2451 *‚

355 2457 460 2505 quod
487 2457 590 2494 Deus
618 2455 787 2492 maxime
814 2455 948 2491 colitur
963 2456 1064 2503 fide,
1089 2467 1154 2504 spe
1186 2462 1221 2493 et
1248 2456 1412 2495 caritate.

355 2511 433 2548 Sed
459 2516 663 2558 praecepta
691 2520 790 2557 quae
810 2508 947 2545 dantur
975 2508 1022 2545 de
1051 2508 1140 2556 fide,
1162 2521 1230 2558 spe
1256 2515 1292 2546 et
1320 2509 1412 2546 cari-

353 2570 440 2609 tate,
461 2575 539 2599 non
560 2569 646 2599 sunt
672 2561 854 2608 figuralia.
877 2562 978 2608 Ergo
998 2569 1202 2610 praecepta
1221 2573 1414 2603 caeremo-

354 2616 464 2654 nialia
492 2627 570 2653 non
599 2614 739 2652 debent
769 2626 850 2651 esse
878 2614 1062 2662 figuralia.

406 2681 443 2715 4.
465 2669 698 2715 Pmnrznm,
719 2667 910 2704 Dominus
931 2667 1029 2713 dicit,
1053 2668 1156 2704 Ioan.
1178 2679 1214 2704 iv
1232 2667 1272 2704 *ε
1298 2667 1414 2716 Spiri-

353 2727 410 2758 tus
437 2727 490 2758 est
515 2723 641 2758 Deus:
669 2726 704 2757 et
730 2732 793 2757 eos
820 2721 887 2768 qui
911 2720 1074 2757 adorant
1099 2732 1197 2767 eum,
1218 2721 1255 2757 in
1283 2721 1413 2769 spiritu

354 2781 389 2811 et
418 2775 573 2811 veritate
609 2775 773 2812 adorare
804 2779 957 2821 oportet.
989 2774 1065 2810 Sed
1093 2774 1215 2821 figura
1253 2785 1333 2811 non
1360 2781 1416 2812 est

354 2828 435 2876 ipsa
453 2827 612 2864 veritas:
642 2827 763 2864 immo
784 2834 914 2863 contra
934 2838 974 2862 se
995 2826 1165 2863 invicem
1182 2825 1412 2865 dividuntur.

354 2881 455 2928 Ergo
473 2880 774 2926 caeremonialia,
787 2891 884 2927 quae
901 2879 1088 2927 pertinent
1102 2881 1151 2917 ad
1171 2880 1313 2917 cultum
1328 2879 1413 2927 Dei,

355 2946 433 2970 non
461 2934 601 2971 debent
629 2945 713 2970 esse
741 2932 924 2980 figuralia.
1113 2956 1116 2959 -

408 2987 482 3023 SED
502 2997 647 3024 CONTRA
666 2998 731 3023 EST
750 2985 856 3034 quod
875 2985 1082 3034 Apostolus
1103 2973 1202 3034 dicit,
1218 2985 1270 3022 ad
1288 2985 1411 3022 Colos.

355 3051 378 3075 11
406 3038 445 3075 *ε
475 3039 599 3076 Nemo
627 3051 694 3076 vos
722 3039 856 3076 iudicet
888 3038 924 3074 in
954 3038 1035 3075 cibo
1056 3043 1124 3075 aut
1149 3038 1187 3075 in
1209 3044 1321 3086 potu,
1349 3043 1416 3076 aut

356 3091 392 3127 in
415 3097 526 3138 parte
544 3093 617 3129 diei
633 3093 727 3140 sesti
744 3097 810 3129 aut
828 3091 1049 3128 neomeniae
1076 3096 1143 3128 aut
1158 3091 1413 3137 sabbatorum,

356 3155 452 3191 quae
478 3151 564 3181 sunt
590 3146 724 3182 umbra
742 3146 982 3193 futurorum.
1156 3157 1160 3161 ·

410 3197 633 3234 Rasaonnao
662 3209 845 3234 DlCENDUM
870 3197 987 3245 quod,
1009 3196 1104 3234 sicut
1127 3196 1204 3234 iam
1223 3196 1243 3219 '¹‘
1271 3196 1414 3234 dictum

322 3245 327 3254 '
357 3256 423 3296 est,
444 3258 646 3297 praecepta
672 3250 961 3287 caeremonialia
986 3249 1161 3286 dicuntur
1189 3262 1288 3299 quae
1316 3249 1416 3287 ordi·

409 3380 435 3411 α)
456 3379 607 3404 tradidisse.
625 3394 642 3397 —
661 3380 808 3404 condidisse
828 3380 877 3404 EF.

410 3414 434 3447 β)
454 3415 516 3439 αΙὶα.
535 3429 553 3432 -
571 3415 660 3446 aliqua
680 3415 771 3439 PEKa.

408 3451 434 3483 γ)
455 3450 565 3481 duplex.
583 3463 601 3468 -—
620 3450 679 3473 Om.
699 3450 791 3478 AssGh
813 3450 899 3475 Est...
922 3450 971 3474 Dei
989 3458 1042 3475 om.
1061 3450 1091 3474 D.

1467 1246 1603 1275 nantur
1622 1238 1671 1275 ad
1692 1238 1835 1274 cultum
1855 1237 1938 1274 Dei.
1960 1238 2028 1274 Est
2056 1245 2185 1275 autem
2204 1238 2345 1287 duplex
2362 1245 2378 1269 ἵ
2400 1241 2527 1280 —culms

1467 1290 1555 1328 Dei:
1571 1290 1735 1337 interior,
1752 1298 1789 1327 et
1803 1290 1974 1327 exterior.
1992 1291 2093 1328 Cum
2110 1291 2212 1328 enim
2227 1292 2348 1330 homo
2363 1291 2409 1331 sit
2422 1304 2528 1333 com-

1466 1344 1612 1392 positus
1632 1356 1677 1380 ex
1696 1343 1822 1380 anima
1851 1350 1887 1380 et
1907 1355 2078 1392 corpore,
2099 1351 2305 1394 utrumque
2330 1345 2444 1384 debet
2461 1356 2528 1396 ap·

1466 1397 1596 1445 plicari
1611 1398 1658 1434 ad
1678 1396 1887 1446 colendum,
1904 1397 2045 1445 Deum,
2061 1405 2104 1434 ut
2123 1397 2262 1441 scilicet
2280 1398 2411 1436 anima
2430 1398 2529 1437 colat

1467 1449 1634 1487 interiori
1663 1450 1775 1495 cultu,
1806 1457 1843 1486 et
1871 1461 2010 1499 corpus
2038 1450 2233 1488 exteriori:
2262 1452 2364 1489 unde
2393 1451 2528 1490 dicitur

1466 1502 1506 1540 in
1524 1503 1677 1540 Psalmo
1698 1513 1828 1539 Lxxxut
1849 1502 1886 1539 *t
1910 1503 1988 1540 Cor
2006 1515 2131 1540 meum
2155 1509 2192 1541 et
2208 1516 2299 1542 caro
2318 1516 2403 1542 mea
2422 1505 2526 1543 exul-
2553 1521 2565 1532 ·

1466 1561 1641 1592 taverunt
1666 1556 1702 1592 in
1733 1556 1857 1592 Deum
1885 1556 2026 1593 vivum.
2056 1557 2105 1593 Et
2132 1556 2228 1602 sicut
2261 1569 2400 1606 corpus
2429 1558 2527 1597 ordi-

1468 1616 1577 1646 natur
1602 1608 1642 1646 in
1670 1610 1796 1645 Deum
1825 1620 1894 1656 per
1921 1609 2108 1656 animam,
2137 1610 2188 1646 ita
2217 1610 2339 1648 cultus
2367 1611 2527 1649 exterior

1467 1661 1662 1699 ordinatur
1689 1661 1736 1698 ad
1765 1661 1982 1698 interiorem
2011 1662 2168 1700 cultum.
2191 1662 2371 1700 Consistit
2397 1671 2527 1702 autem

1467 1714 1620 1752 interior
1653 1715 1773 1751 cultus
1800 1714 1839 1751 in
1866 1715 1942 1752 hoc
1974 1715 2079 1764 quod
2114 1715 2243 1753 anima
2275 1715 2527 1764 coniungatur

1467 1767 1551 1805 Deo
1581 1780 1648 1816 per
1673 1767 1903 1804 intellectum
1933 1775 1970 1804 et
1997 1767 2188 1806 affectum.
2210 1768 2259 1806 Et
2277 1769 2364 1809 ideo
2392 1780 2528 1812 secun-

1468 1820 1560 1858 dum
1581 1821 1685 1869 quod
1713 1820 1973 1858 diversimode
1990 1821 2200 1859 intellectus
2227 1828 2265 1859 et
2287 1821 2447 1861 affectus
2461 1833 2528 1865 eo-

1466 1874 1574 1911 lentis
1607 1875 1734 1910 Deum
1772 1875 1858 1910 Deo
1895 1881 1996 1911 recte
2030 1873 2287 1923 coniungitur,
2308 1874 2526 1915 secundum

1466 1927 1541 1964 hoc
1569 1926 1826 1964 diversimode
1847 1926 2051 1965 exteriores
2070 1935 2177 1965 actus
2195 1927 2363 1969 hominis
2382 1929 2433 1966 ad·
2450 1928 2528 1965 cul-

1466 1987 1548 2016 tum
1577 1979 1648 2016 Dei
1677 1979 1924 2028 applicantur.
2320 2019 2322 2022 ,
2496 1991 2518 2019 ·,

1521 2033 1564 2069 In
1591 2039 1688 2069 statu
1717 2033 1819 2069 enim
1851 2033 1999 2070 futurae
2028 2032 2291 2080 beatitudinis,
2321 2033 2528 2077 intellec-atus

1467 2085 1658 2122 humanus
1693 2085 1814 2133 ipsam
1854 2085 2025 2122 divinam
2062 2086 2260 2123 veritatem
2287 2085 2300 2108 ⁶
2326 2086 2367 2124 in
2403 2085 2528 2136 seipas

1467 2138 1680 2176 intuebitur.
1706 2139 1755 2175 Et
1782 2138 1870 2175 ideo
1899 2139 2061 2176 exterior
2089 2140 2210 2176 cultus
2237 2151 2317 2177 non
2349 2139 2528 2177 consistet

1468 2191 1506 2229 in
1534 2191 1659 2239 aliqua
1685 2191 1818 2239 figura,
1845 2192 1914 2229 secl
1941 2193 2066 2230 solum
2094 2192 2134 2230 in
2161 2192 2273 2232 laude
2306 2192 2400 2240 Dei,
2429 2203 2528 2241 quae

1467 2244 1639 2293 procedit
1676 2256 1721 2280 ex
1762 2244 1930 2282 interiori
1967 2245 2182 2294 cognitione
2222 2252 2261 2283 et
2301 2245 2526 2292 affectionm

1468 2297 1679 2335 secundum
1717 2297 1809 2334 illud
1847 2298 1965 2335 Isaiae
1994 2310 2028 2335 L1
2057 2297 2101 2335 *ι
2134 2295 2324 2337 Gaudium
2359 2304 2398 2335 et
2423 2297 2529 2342 lae&

1467 2350 1518 2388 tia
1556 2350 1764 2387 invenietur
1792 2355 1804 2371 ²
1833 2351 1870 2387 in
1907 2363 1974 2397 ea,
2006 2345 2223 2401 gratiarum
2256 2351 2355 2388 actio
2388 2356 2425 2388 et
2449 2361 2529 2394 vox

1469 2402 1600 2440 laudis.

1522 2457 1564 2492 In
1593 2463 1688 2492 statu
1723 2463 1851 2493 autem
1888 2456 2097 2504 praesentis
2128 2455 2251 2503 vitae,
2280 2467 2359 2493 non
2392 2468 2528 2504 possu-

1469 2520 1555 2546 mus
1594 2508 1762 2546 divinam
1800 2508 1999 2547 veritatem
2035 2508 2074 2547 in
2111 2507 2236 2557 seipsa
2270 2508 2423 2556 intueri,
2458 2509 2526 2546 sed

1469 2569 1619 2610 oportet
1646 2562 1750 2610 quod
1780 2561 1906 2600 radius
1932 2561 2084 2599 divinae
2110 2561 2280 2599 veritatis
2307 2561 2418 2600 nobis
2446 2561 2528 2599 illu·

1470 2621 1593 2651 cescat
1611 2615 1681 2651 sub
1697 2615 1884 2664 aliquibus
1903 2614 2144 2653 sensibilibus
2162 2614 2303 2662 figuris,
2319 2614 2415 2651 sicut
2433 2614 2526 2653 Dio-

1469 2667 1598 2716 nysius
1613 2667 1710 2710 dicit,
1728 2680 1738 2704 1
1754 2680 1835 2716 cap.
1853 2667 1954 2705 Cael.
1964 2668 2092 2704 Hier.:
2114 2667 2372 2705 diversimode
2385 2674 2527 2714 tamen,

1469 2721 1679 2758 secundum
1700 2721 1894 2758 diversum
1914 2728 2053 2758 statum
2073 2720 2296 2768 cognitionis
2319 2721 2526 2763 humanae.

1469 2775 1513 2810 In
1538 2773 1657 2810 veteri
1687 2773 1788 2810 enim
1808 2774 1889 2822 lege
1917 2785 2043 2823 neque
2070 2773 2153 2822 ipsa
2172 2773 2301 2811 divina
2327 2772 2467 2811 veritas
2484 2772 2525 2812 in

1469 2826 1592 2874 seipsa
1620 2826 1819 2863 manifesta
1838 2834 1928 2874 erat,
1954 2837 2079 2875 neque
2101 2826 2214 2863 etiam
2235 2826 2359 2864 adhuc
2386 2837 2526 2875 propa-

1468 2880 1542 2916 lata
1570 2886 1650 2916 erat
1667 2879 1730 2916 via
1759 2879 1807 2916 acl
1835 2879 1910 2916 hoc
1928 2878 2187 2927 perveniendi,
2208 2878 2302 2916 sicut
2320 2879 2528 2928 Apostolus

1469 2931 1568 2979 dicit,
1589 2932 1640 2968 ad
1665 2931 1765 2968 Heb.
1787 2944 1822 2968 1x
1840 2931 1871 2968 ⁵¹³.
1893 2933 1942 2968 Et
1963 2931 2051 2969 ideo
2072 2933 2274 2981 oportebat
2301 2931 2527 2970 exteriorem

1469 2985 1612 3022 cultum
1635 2984 1774 3022 veteris
1802 2984 1892 3032 legis
1921 2997 1999 3022 non
2019 2986 2146 3022 solum
2174 2996 2258 3022 esse
2281 2984 2527 3033 figurativum

1468 3038 1615 3075 futurae
1630 3037 1796 3075 veritatis
1810 3037 2108 3076 manifestandae
2123 3038 2162 3076 in
2176 3037 2313 3088 patria;
2329 3037 2398 3076 sed
2408 3037 2526 3081 etiam

1469 3102 1550 3127 esse
1578 3090 1821 3138 figurativum
1851 3090 2009 3138 Christi,
2040 3091 2103 3139 qui
2133 3098 2189 3128 est
2216 3090 2279 3128 via
2306 3090 2450 3128 ducens
2477 3089 2526 3134 ad

1468 3143 1569 3180 illam
1598 3143 1742 3192 patriae
1768 3143 1975 3182 veritatem.
1997 3144 2075 3181 Sed
2093 3144 2131 3182 in
2160 3150 2258 3181 statu
2276 3154 2404 3181 novae
2421 3141 2524 3190 legis,

1469 3197 1564 3233 haec
1581 3196 1645 3232 via
1664 3196 1740 3233 iam
1761 3204 1816 3233 est
1835 3197 2012 3234 revelata.
2033 3197 2144 3235 Unde
2163 3197 2263 3234 hanc
2280 3193 2525 3245 praefigurari

1470 3261 1549 3286 non
1580 3256 1731 3297 oportet
1768 3249 1863 3299 sicut
1899 3250 2086 3298 futuram,
2125 3249 2193 3287 sed
2231 3246 2527 3291 commemorari

1520 3379 1544 3412 δ)
1569 3380 1687 3405 dIvinam
1707 3380 1854 3405 veritatem.
1871 3393 1891 3399 —
1909 3379 2028 3405 divinam
2051 3379 2176 3404 deitatem
2200 3377 2381 3406 ABCDGHIL,
2401 3371 2525 3403 deitatem

1468 3416 1518 3440 EF.
1538 3430 1555 3434 -
1574 3416 1624 3439 Pro
1642 3416 1735 3447 seipsa,
1755 3415 1840 3447 seipso
1858 3415 2115 3446 ACDEFGHKLpB.

1520 3451 1541 3483 ε)
1562 3451 1718 3475 invenietur.
1737 3464 1755 3470 -
1773 3450 1907 3475 invenitur
1925 3450 1974 3479 Ka,
1995 3449 2162 3474 invenientur
2179 3449 2207 3479 P,
2225 3456 2278 3473 om.
2298 3447 2332 3473 G.

2579 1519 2647 1543 Van.
2660 1526 2685 1550 3.

2554 2308 2564 2318 ·
2579 2307 2646 2330 Vers.
2660 2314 2685 2337 3.

2555 2945 2564 2954 ·
2579 2924 2647 2966 vini
2655 2913 2699 2964 'ss'
