2840 4010
386 151 434 188 86
1042 153 1307 199 QUAESTIO
1337 153 1496 199 LXXX,
1525 154 1819 192 ARTICULUS
1848 157 1899 193 IV

387 229 561 268 diabolus
589 243 667 268 non
696 239 804 280 esset,
832 231 1008 268 homines
1028 231 1212 267 haberent
1230 230 1438 278 appetitum
1494 242 1566 268 vus
1595 231 1751 269 alicuius
1779 233 1844 281 qui
1871 235 1919 271 ab
1949 246 1995 272 eo
2024 245 2235 285 superatur,
2257 238 2324 276 sed
2352 238 2465 276 etiam
2485 238 2550 287 qui

245 288 277 304 α·
387 282 460 319 cibi
476 288 492 304 α
513 291 548 320 et
566 296 820 321 venereorum
841 291 877 320 et
900 283 1089 330 similium,
1119 282 1184 332 qui
1211 290 1341 331 posset
1360 295 1441 320 esse
1495 295 1535 320 se
1564 283 1597 320 ei
1624 284 1836 322 voluntarie
1866 286 2024 324 subiicit.
2053 289 2102 325 Et
2125 290 2200 327 hoc
2219 290 2337 328 modo
2356 291 2400 328 fit
2418 303 2550 328 servus

385 335 619 373 inordinatus
638 336 708 373 nisi
728 336 872 373 ratione
888 335 1132 382 ordinaretur,
1149 335 1254 383 quod
1273 335 1442 373 subiacet
1495 335 1635 374 diaboli
1662 337 1727 385 qui
1755 345 1863 374 motu
1890 339 2045 388 proprio
2072 349 2216 389 peccat.

385 387 503 425 libero
533 388 698 425 arbitrio.
1336 392 1340 401 ¹
1524 404 1531 406 <
1546 391 1604 426 AD
1620 401 1778 428 TERTmM
1793 402 1976 428 mer-:NDUM
1991 393 2097 439 quod
2110 401 2309 441 peccatum
2329 395 2469 433 diaboli
2483 396 2551 433 fuit

438 442 497 477 AD
519 452 655 478 PRIMUM
673 452 770 477 ERoo
789 451 974 476 monimum
998 440 1103 487 quod
1130 440 1332 478 multitudo
1353 441 1440 478 dae-
1493 441 1781 490 irremediabile,
1805 443 1894 492 quia
1921 456 1992 480 nec
2020 444 2145 494 aliquo
2173 455 2396 494 suggerente
2414 461 2549 497 pecca-

385 504 546 529 monum
574 500 628 529 est
656 505 770 529 causa
797 492 972 529 omnium
1003 493 1192 529 malorum
1220 500 1439 531 nostrorum
1493 494 1558 542 vit,
1578 507 1650 532 nec
1667 496 1800 532 habuit
1820 496 1984 544 aliquam
2003 498 2230 546 pronitatem
2249 499 2299 536 ad
2311 501 2549 548 peccandum

146 553 158 565 ⁴
171 553 197 575 1n
212 559 317 581 corpore·
385 545 595 582 secundum
620 544 785 592 primam
814 545 1011 593 originem,
1040 552 1082 582 ut
1110 545 1252 583 dictum
1280 553 1335 583 est
1351 546 1383 583 ³¹⁸.
1494 560 1540 584 ex
1553 548 1796 596 praecedenti
1815 550 2053 600 suggestione
2073 558 2266 588 causatam
2281 550 2296 581 β
2309 551 2341 589 *.
2366 553 2484 599 Quod
2502 555 2550 592 de
2575 584 2587 595 ⁴
2674 549 2690 580 β

437 599 495 634 Ao
515 608 704 634 SECUNDUM
723 609 906 635 DICENDUM
924 597 1032 646 quod
1050 611 1130 636 non
1157 599 1282 636 solum
1301 599 1344 636 fit
1362 611 1438 637 ser·
1492 601 1596 637 nullo
1624 601 1789 638 hominis
1816 610 1973 650 peccato
2002 603 2075 641 dici
2102 611 2237 652 potest.

435 735 462 768 α)
481 735 539 761 cibi.
557 750 576 755 —
593 736 710 762 ciborum
730 737 776 762 Pa.
1463 735 1467 774 Ι
1547 739 1572 772 β)
1591 744 1737 766 causatum.
1754 755 1774 760 -
1790 745 1901 767 causata
1919 743 2124 769 ABCDEGHIL.
