2840 4010
90 334 100 343 '¹
115 331 181 354 ven.
197 337 213 353 1.

81 2858 94 2870 ⁸
105 2858 182 2882 Βοά-
190 2864 242 2887 cap.
251 2865 293 2884 ¹¹3

84 2885 296 2940 ἓῆιᾷῗιραμεη.

217 3334 257 3357 lib.
266 3334 296 3362 11,

86 3367 139 3389 cap.
158 3367 188 3388 x;
206 3361 246 3384 lib.
261 3361 295 3389 V,

87 3392 139 3416 etp.
153 3392 188 3409 ni.

1021 134 1286 180 QUAESTIO
1316 134 1364 182 C,
1392 134 1687 171 ARTICULUS
1715 135 1783 171 VII

326 219 527 263 praecepta
556 211 604 248 de
632 224 710 248 non
731 212 1047 261 concupiscendo,
1069 225 1167 261 quae
1194 212 1382 261 pertinent

326 265 375 303 ad
403 277 479 312 eor,
499 264 634 301 ultimo
662 273 867 314 ponuntur.
1170 272 1177 277 '

325 342 328 343 ν
381 318 455 354 SED
471 328 615 354 CONTRA
629 329 695 354 EST
705 318 808 366 quod
819 318 1026 366 Apostolus
1041 317 1140 362 dicit,
1151 317 1263 352 Rom.
1275 315 1378 351 xn1*:

327 370 437 412 Quae
462 382 487 407 a
514 371 597 407 Deo
624 376 723 418 sunt,
752 371 925 407 ordinata
951 375 1047 407 sunt.
1075 368 1151 405 Sed
1178 375 1380 415 praecepta

326 422 496 471 decalogi
524 430 612 460 sunt
637 423 857 460 immediate
884 423 972 459 data
999 433 1021 458 a
1048 422 1145 466 Deo,
1169 427 1210 455 ut
1237 418 1378 455 dictum

327 483 383 512 est
399 475 430 512 *.
452 476 553 523 Ergo
583 475 872 513 convenientem
900 473 1072 511 ordinem
1101 472 1254 509 habent.

379 528 604 565 Responnso
631 539 815 565 meramnum
842 525 959 574 quod,
980 525 1074 562 sicut
1094 525 1235 561 dictum
1265 530 1322 559 est
1346 524 1376 569 ³¹²,

324 588 528 630 praecepta
556 580 723 628 decalogi
751 580 886 616 dantur
905 578 953 614 de
981 577 1038 614 his
1066 589 1165 625 quae
1193 575 1315 612 statim
1340 575 1378 612 in

324 641 507 683 promptu
534 645 644 670 mens
671 631 837 668 hominis
865 629 1028 678 suscipit.
1049 629 1295 666 Manifestum
1325 635 1380 664 est

325 694 453 724 autem
480 685 586 735 quod
608 690 711 722 tanto
740 682 881 731 aliquid
901 682 1020 730 magis
1047 695 1070 719 a
1090 682 1235 719 ratione
1262 680 1377 717 susci-

324 739 445 789 pitur,
473 745 616 786 quanto
649 735 879 773 contrarium
914 743 969 772 est
1000 735 1150 783 gravius
1188 741 1225 770 et
1257 733 1376 781 magis

324 791 460 828 rationi
491 801 715 839 repugnans.
741 788 984 825 Manifestum
1014 795 1070 824 est
1096 795 1223 824 autem
1251 785 1375 834 quod,

325 855 413 881 cum
447 842 597 880 rationis
631 842 727 878 ordo
755 853 777 877 a
811 841 888 877 fine
921 841 1091 889 incipiat,
1120 839 1286 877 maxime
1323 846 1378 875 est

325 903 456 933 contra
489 894 674 931 rationem
710 901 752 930 ut
779 894 898 930 homo
927 893 1137 930 inordinate
1164 904 1206 929 se
1239 891 1377 928 habeat

324 949 422 986 circa
439 947 570 984 finem.
592 946 694 983 Finis
712 954 841 983 autem
868 947 1059 983 humanae
1076 946 1175 982 vitae
1204 951 1240 981 et
1259 944 1376 980 socie-

323 1000 408 1038 tatis
437 1006 492 1036 est
517 1000 635 1037 Deus.
655 999 706 1036 Et
724 999 811 1036 ideo
839 999 963 1048 primo
986 998 1154 1048 oportuit
1179 1009 1248 1046 per
1270 1008 1376 1045 prae-

323 1059 432 1102 cepta
451 1052 621 1100 decalogi
639 1052 836 1089 hominem
857 1052 1030 1089 ordinare
1050 1051 1099 1088 ad
1122 1051 1267 1088 Deum:
1290 1061 1376 1086 cum

322 1106 404 1143 eius
433 1105 663 1142 contrarium
691 1105 738 1142 sit
764 1105 1040 1153 gravissimum.
1069 1103 1174 1140 Sicut
1200 1102 1312 1139 etiam
1340 1101 1377 1138 in

323 1158 499 1205 exercitu,
521 1158 586 1206 qui
609 1158 804 1195 ordinatur
823 1158 871 1194 ad
891 1157 1028 1194 ducem
1057 1156 1151 1193 sicut
1169 1155 1218 1192 ad
1244 1155 1375 1201 finem,

321 1211 488 1261 primurn
519 1218 574 1247 est
600 1211 704 1259 quod
732 1210 840 1247 miles
869 1209 1052 1247 subdatur
1077 1207 1176 1255 duci,
1201 1215 1238 1244 et
1265 1207 1377 1243 huius

258 1275 267 1277 ⁴
323 1262 553 1301 contrarium
577 1271 633 1300 est
650 1263 936 1310 gravissimum
966 1261 1176 1299 secundum
1199 1271 1294 1298 vero
1323 1267 1378 1296 est

322 1324 366 1354 ut
391 1316 473 1353 aliis
500 1316 752 1353 coordinetur.
1140 1343 1145 1346 κ

377 1370 478 1406 Inter
494 1369 577 1417 ipsa
596 1375 723 1405 autem
744 1380 813 1417 per
831 1380 927 1416 quae
947 1367 1168 1404 ordinamur
1182 1366 1221 1402 in
1235 1367 1375 1412 Deum,

322 1421 490 1471 primum
519 1421 679 1458 occurrit
706 1421 811 1469 quod
838 1422 958 1458 homo
992 1419 1152 1457 fideliter
1179 1418 1212 1455 ei
1241 1418 1377 1455 subda-

323 1482 394 1522 tur,
414 1474 557 1511 nullam
576 1473 900 1522 participationem
931 1485 1017 1510 cum
1037 1471 1196 1509 inimicis
1218 1472 1374 1508 habens.

323 1525 546 1564 Secundum
575 1533 703 1563 autern
732 1533 787 1563 est
815 1526 918 1574 quod
947 1526 980 1562 ei
1000 1524 1248 1563 reverentiam
1277 1524 1378 1561 exhi-

323 1579 422 1616 beat.
443 1579 616 1617 Tertium
645 1586 772 1615 autem
802 1586 857 1615 est
883 1578 988 1628 quod
1017 1578 1130 1615 etiam
1156 1577 1376 1614 famulatum

322 1631 529 1681 impendat.
557 1632 760 1680 Maiusque
786 1639 985 1680 peccatum
1012 1638 1067 1668 est
1093 1631 1130 1668 in
1158 1629 1321 1667 exercitu
1349 1629 1379 1667 si

323 1684 445 1731 miles,
462 1684 662 1722 infideliter
679 1696 807 1732 agens,
824 1696 912 1721 cum
927 1685 1036 1721 hoste
1055 1690 1207 1733 pactum
1227 1683 1376 1730 habeat,

323 1749 442 1786 quam
479 1738 510 1774 si
543 1737 707 1786 aliquam
744 1737 1028 1774 irreverentiam
1061 1736 1172 1773 faciat
1205 1735 1312 1773 duci:
1343 1744 1379 1773 et

323 1790 398 1827 hoc
427 1797 482 1827 est
518 1790 631 1827 etiam
659 1789 811 1838 gravius
843 1802 960 1838 quarn
988 1789 1019 1826 si
1046 1789 1085 1826 in
1113 1789 1239 1838 aliquo
1268 1789 1378 1825 obse-

322 1843 413 1892 quio
443 1842 549 1880 ducis
577 1843 756 1880 deficiens
784 1842 1006 1880 inveniatur.

377 1897 418 1932 In
438 1895 647 1944 praeceptis
661 1902 790 1932 autem
810 1895 1070 1933 ordinantibus
1085 1893 1134 1931 ad
1147 1894 1376 1944 proximum,

323 1949 566 1986 manifestum
595 1955 652 1985 est
679 1948 783 1997 quod
810 1948 931 1996 magis
958 1943 1142 1997 repugnat
1167 1947 1313 1994 rationi,
1343 1955 1379 1984 et

322 2001 474 2050 gravius
501 2008 701 2050 peccatum
729 2007 796 2048 est,
817 2001 847 2037 si
874 2001 993 2037 homo
1022 2011 1100 2037 non
1128 2007 1252 2038 servet
1279 1999 1378 2037 ordi-

322 2066 412 2092 nem
439 2054 611 2092 debitum
637 2053 686 2090 ad
713 2065 895 2103 personas
923 2053 1061 2102 quibus
1089 2053 1208 2101 magis
1236 2060 1292 2090 est
1315 2053 1379 2090 de-

322 2107 431 2144 bitor.
453 2108 502 2144 Et
525 2106 612 2143 ideo
641 2107 737 2144 inter
755 2113 956 2155 praecepta
985 2105 1195 2143 ordinantia
1222 2105 1270 2142 ad
1289 2118 1377 2155 pro-

322 2160 477 2207 ximum,
507 2159 631 2208 primo
659 2159 812 2208 ponitur
838 2166 1083 2208 praeceptum
1110 2158 1302 2207 pertinens
1329 2160 1377 2196 ad

321 2219 509 2261 parentes.
531 2214 630 2249 Inter
649 2212 722 2249 alia
748 2224 842 2249 vero
862 2219 1064 2261 praecepta
1083 2211 1196 2248 etiam
1221 2218 1378 2260 apparet

375 2324 403 2359 α)
418 2325 532 2357 peccati·
549 2339 567 2344 -
586 2325 697 2350 habetur
715 2325 811 2349 addunt
830 2325 876 2350 Ρα.

2414 137 2488 173 213

1437 212 1532 248 ordo
1562 212 1772 250 secundum
1801 212 1974 250 ordinem
2008 213 2199 261 gravitatis
2231 222 2487 263 peccatorum.

1438 265 1601 301 Gravius
1617 273 1672 302 est
1691 265 1804 311 enirn,
1826 273 1862 302 et
1877 266 1996 314 magis
2011 266 2152 310 rationi
2180 279 2385 315 epugnans,
2400 280 2489 316 pec-

1437 328 1521 352 care
1551 329 1666 365 opere
1695 329 1810 366 quam
1831 330 1909 364 ore,
1931 326 1967 355 et
1995 331 2060 356 ore
2089 331 2164 367 qua
2235 320 2350 356 corde
2378 320 2409 357 ³¹⁸.
2440 322 2489 357 Et

1435 368 1530 405 inter
1552 377 1706 417 peccata
1730 370 1865 418 operis,
1886 371 2035 418 gravius
2055 379 2112 408 est
2137 372 2398 419 homicidium,
2419 385 2489 421 per

1435 422 1539 467 quod
1567 422 1705 458 tollitur
1734 422 1809 459 vita
1836 423 2001 460 hominis
2029 424 2105 461 iam
2135 424 2341 471 existentis,
2371 432 2486 473 quam

1435 472 1671 520 adulterium,
1700 487 1769 522 per
1796 476 1898 522 quod
1928 475 2131 525 impeditur
2159 477 2342 514 certitudo
2371 478 2487 526 prolis

1434 525 1660 570 nasciturae3
1692 535 1727 563 et
1746 527 1968 565 adulterium
1988 529 2138 576 gravius
2158 542 2274 578 quam
2293 530 2434 567 furtum
2452 530 2484 579 ²¹⁸,

1434 577 1540 624 quod
1567 578 1728 625 pertinet
1754 580 1803 615 ad
1831 581 1932 616 bona
1961 582 2153 619 exteriora.
2199 585 2201 587 ’

1486 631 1544 665 AD
1560 641 1695 666 PRIMUM
1714 642 1811 667 ERGO
1830 640 2012 670 DICENDUM
2029 634 2144 681 quod,
2160 635 2334 682 quamvis
2353 647 2486 672 secun-

1434 681 1526 717 dum
1544 682 1645 718 viam
1668 694 1799 719 sensus
1818 685 2012 731 proximus
2040 686 2084 722 sit
2102 687 2220 735 magis
2239 695 2350 724 notus
2370 700 2485 736 quam

1433 734 1548 781 Deus,
1569 742 1698 772 tamen
1718 735 1865 772 dilectio
1885 737 1956 773 Dei
1986 745 2040 774 est
2059 739 2151 775 ratio
2172 739 2378 776 dilectionis
2397 752 2485 788 pro·

1432 786 1532 833 ximi,
1553 795 1595 823 ut
1621 787 1716 823 infra
1742 787 1763 809 '⁸‘
1790 789 1942 836 patebit.
1968 791 2016 826 Et
2043 791 2128 826 ideo
2157 800 2358 841 praecepta
2386 794 2485 830 ordi-

1433 839 1560 875 nantia
1587 839 1636 876 ad
1664 841 1802 886 Deum,
1823 841 1973 878 fuerunt
1999 844 2312 890 praeordinanda.

1485 893 1544 927 An
1563 903 1752 929 SECUNDUM
1771 904 1953 930 DICENDUM
1973 895 2088 942 quod,
2105 895 2198 932 sicut
2212 897 2316 932 Deus
2332 905 2386 933 est
2404 897 2486 933 uni-

1432 945 1578 980 versale
1610 945 1837 993 principium
1875 947 2022 983 essendi
2060 947 2257 994 omnibus,
2286 950 2334 985 ita
2372 949 2484 986 etiam

1433 1004 1538 1044 pater
1571 1005 1626 1033 est
1658 997 1884 1046 principium
1914 999 2107 1046 quoddam
2137 1001 2286 1037 essendi
2319 1001 2407 1038 filio.
2438 1003 2486 1038 Et

1433 1049 1520 1085 ideo
1549 1050 1819 1086 convenienter
1845 1058 1932 1099 post
1958 1060 2160 1100 praecepta
2186 1053 2409 1101 pertinentia
2437 1055 2485 1091 ad

1433 1103 1572 1147 Deum,
1588 1102 1741 1150 ponitur
1758 1111 2004 1151 praeceptum
2021 1105 2211 1153 pertinens
2231 1106 2279 1142 ad
2298 1113 2483 1154 parentes.

1487 1155 1597 1191 Ratio
1635 1164 1760 1192 autem
1790 1157 1959 1204 procedit
1994 1157 2148 1205 quando
2186 1159 2413 1195 affirmativa
2450 1160 2495 1196 et'

1433 1208 1607 1255 negativa
1621 1208 1807 1256 pertinent
1821 1209 1869 1245 ad
1888 1209 1989 1246 idem
2005 1222 2123 1257 genus
2143 1211 2279 1259 operis.
2297 1211 2485 1258 Quamvis

1433 1261 1545 1296 etiam
1577 1269 1611 1296 et
1639 1260 1676 1297 in
1704 1261 1778 1297 hoc
1806 1274 1883 1298 non
1911 1262 2048 1298 habeat
2067 1263 2330 1301 omnimodam
2359 1261 2485 1301 effica-

1434 1313 1543 1349 ciam.
1565 1314 1645 1350 Etsi
1669 1314 1770 1350 enim
1789 1313 1826 1350 in
1855 1315 2074 1352 executione
2094 1316 2234 1364 operis,
2250 1317 2353 1365 prius
2376 1317 2484 1354 extir-

1432 1367 1559 1414 panda
1578 1366 1650 1402 sint
1668 1366 1756 1402 vitia
1776 1379 1892 1414 quam
1922 1368 2145 1405 inserendae
2163 1369 2483 1416 virtutesssecun-

1434 1419 1526 1456 dum
1546 1419 1635 1456 illud
1654 1419 1793 1455 Psalmi
1813 1431 1920 1456 xxxm
1939 1419 1978 1466 ²⁸,
2008 1421 2165 1458 Declina
2185 1433 2208 1458 a
2227 1422 2340 1468 malo,
2360 1428 2396 1458 et
2407 1424 2483 1470 fac

1433 1473 1583 1518 bonum,
1613 1479 1650 1508 et
1678 1472 1795 1508 Isaiae
1823 1484 1833 1509 1
1861 1472 1901 1519 ³¹²,
1935 1473 2115 1514 Quiescite
2145 1486 2262 1523 agere
2284 1486 2480 1523 perverse,

1431 1525 1556 1561 discite
1583 1525 1822 1572 benefacere;
1849 1533 1977 1562 tamen
2001 1526 2038 1562 in
2065 1526 2278 1574 cognitione
2303 1527 2404 1576 prior
2427 1534 2483 1565 est

1431 1577 1549 1614 virtus
1578 1589 1692 1625 quam
1722 1585 1937 1626 peccatum,
1965 1580 2053 1627 quia
2075 1584 2157 1627 per'
2174 1586 2314 1616 rectum
2343 1592 2482 1630 cogno-

1430 1631 1545 1667 scitur
1571 1630 1774 1678 obliquum,
1794 1638 1834 1667 ut
1863 1631 1995 1668 dicitur
2013 1631 2050 1668 in
2072 1633 2086 1668 1
2112 1633 2157 1669 de
2183 1633 2323 1670 Anima
2349 1632 2380 1670 ²¹³.
2409 1635 2482 1670 Per

1432 1683 1552 1733 legem
1576 1691 1703 1720 autem
1733 1684 1895 1733 cognitio
1912 1685 2060 1732 peccati
2082 1690 2109 1731 α,
2130 1692 2172 1721 ut
2194 1687 2304 1722 Rom.
2326 1697 2361 1722 111
2381 1685 2401 1708 *
2428 1686 2482 1722 di-

1431 1736 1534 1772 citur.
1552 1737 1601 1772 Et
1619 1736 1829 1773 secundum
1849 1737 1934 1784 hoc,
1950 1745 2193 1786 praeceptum
2213 1738 2481 1775 affirmativum

1432 1789 1623 1826 debuisset
1649 1789 1772 1837 primo
1802 1789 1905 1838 poni.
2286 1824 2289 1827 i

1486 1842 1562 1878 Sed
1582 1854 1659 1878 non
1680 1849 1734 1878 est
1749 1842 1819 1878 ista
1838 1842 1930 1878 ratio
1951 1842 2104 1890 ordinis,
2125 1843 2191 1880 sed
2218 1855 2315 1892 quae
2335 1856 2448 1892 supra
2461 1843 2482 1866 *

1432 1895 1552 1943 posita
1590 1902 1654 1931 est.
1689 1894 1790 1941 Quia
1816 1894 1854 1931 in
1882 1895 2092 1944 praeceptis
2123 1895 2395 1944 pertinentibus
2432 1896 2482 1933 acl

1433 1949 1572 1994 Deum,
1593 1959 1690 1995 quae
1710 1954 1796 1984 sunt
1822 1948 1967 1996 primae
1995 1949 2156 1995 tabulae,
2177 1948 2310 1985 ultimo
2330 1949 2483 1997 ponitur

1431 2008 1674 2049 praeceptum
1705 2000 1989 2048 affirmativum,
2017 2001 2104 2049 quia
2131 2001 2211 2037 eius
2239 2002 2482 2049 transgressio

1432 2053 1620 2090 minorem
1649 2060 1794 2090 reatum
1832 2053 1983 2090 inducit.

1484 2108 1542 2142 AD
1560 2112 1719 2142 TERTHJM
1738 2117 1920 2143 DlCENDUM
1940 2106 2045 2154 quod
2059 2113 2257 2154 peccatum
2279 2107 2400 2144 cordis
2415 2107 2483 2144 etsi

1432 2158 1477 2194 sit
1495 2159 1597 2207 prius
1617 2158 1655 2195 in
1683 2158 1916 2205 executione,
1936 2166 2062 2195 tamen
2092 2159 2171 2195 eius
2190 2159 2392 2207 prohibitio
2415 2172 2484 2208 po-

1432 2211 1563 2248 sterius
1593 2211 1691 2248 cadit
1718 2211 1755 2247 in
1784 2211 1936 2248 ratione.

1097 2477 1413 2521 ARTICULUS
1444 2477 1708 2546 SEPTIMUS

736 2571 891 2601 UTRUM
914 2569 1170 2601 PRAECEPTA
1192 2570 1413 2602 DECALOGI
1438 2570 1778 2602 CONVENIENTER
1801 2570 2070 2601 TRADANTUR

894 2647 928 2672 11·
948 2648 1002 2679 11⁸⁸,
1022 2655 1068 2680 qu.
1087 2655 1163 2678 mn.
1182 2652 1229 2673 art.
1249 2655 1262 2674 2
1282 2655 1353 2681 sqq.;
1375 2648 1406 2672 111
1426 2648 1508 2677 Sent„
1529 2648 1587 2673 dist.
1605 2655 1696 2677 xxxvn,
1715 2652 1761 2672 art.
1782 2654 1805 2677 2,
1825 2653 1873 2680 qu·
1895 2654 1918 2673 1.

350 2760 411 2799 ’ξφ-,ς
433 2762 505 2799 913(
533 2756 555 2781 D
575 2755 753 2780 sep-rmum
773 2755 826 2780 Sic
845 2755 1082 2780 PROCEDITUR.
1098 2743 1257 2781 Videtur
1271 2744 1376 2792 quod

347 2786 500 2857 §.¹1⁴
531 2803 734 2845 praecepta
765 2796 935 2844 decalogi
968 2797 1277 2834 inconvenienter
1303 2805 1376 2834 tra-

339 2840 383 2895 ,s‘
399 2866 457 2890 ν,
468 2834 499 2891 ’ᾖ
514 2846 519 2851 ”
534 2849 670 2886 dantur
695 2847 727 2886 ²⁸.
757 2849 963 2898 Praecepta
1003 2849 1103 2886 enim
1149 2850 1377 2888 affirmativa

377 2878 473 2929 (³²⁴2
489 2893 521 2936 ‘k
531 2901 708 2939 ordinant
735 2902 783 2939 ad
811 2908 915 2939 actus
941 2902 1144 2950 virtutum,
1173 2911 1377 2952 praecepta

322 2961 450 2991 autem
479 2954 652 3002 negativa
688 2954 909 2992 abstrahunt
935 2955 983 2992 ab
1011 2955 1155 2992 actibus
1181 2955 1374 2992 vitiorum.

324 3006 400 3044 Sed
429 3005 527 3044 circa
559 3006 768 3056 quamlibet
795 3007 992 3044 materiam
1029 3015 1276 3056 opponuntur
1307 3008 1378 3045 sibi

322 3059 478 3097 virtutes
498 3066 535 3096 et
551 3059 652 3096 vitia.
673 3059 775 3107 Ergo
795 3059 834 3096 in
861 3059 1027 3108 qualibet
1049 3060 1206 3096 materia
1234 3062 1282 3097 de
1301 3073 1378 3109 qua

323 3112 472 3150 ordinat
498 3119 744 3161 praeceptum
773 3112 964 3160 decalogi,
993 3113 1124 3150 debuit
1150 3112 1242 3161 poni
1269 3125 1375 3162 prae-

324 3173 476 3214 ceptum
497 3165 767 3202 affirmativum
797 3172 833 3201 et
851 3164 1082 3212 negativum.
1103 3165 1376 3203 Inconvenien-

322 3225 380 3255 ter
397 3217 506 3266 igitur
523 3225 717 3266 ponuntur
738 3217 929 3266 quaedam
959 3217 1185 3255 affirmativa
1204 3225 1241 3254 et
1263 3231 1377 3267 quae·

324 3270 414 3309 dam
442 3270 627 3318 negativa.

378 3335 413 3360 2.
434 3324 666 3370 PRAETEREA,
688 3322 854 3360 Isidorus
879 3321 967 3359 dicit
988 3322 1009 3344 *
1036 3322 1142 3370 quod
1169 3323 1292 3360 omnis
1318 3321 1380 3359 lex

323 3376 468 3413 ratione
503 3381 656 3413 constat.
687 3375 764 3412 Sed
802 3374 932 3412 omnia
966 3382 1169 3423 praecepta
1210 3375 1378 3422 decalogi

323 3428 511 3476 pertinent
547 3428 596 3466 ad
624 3429 746 3476 legem
783 3427 963 3465 divinam.
994 3429 1095 3476 Ergo
1124 3427 1162 3464 in
1201 3427 1378 3464 omnibus

1976 2669 1993 2688 N

1432 2744 1561 2781 debuit
1590 2744 1682 2780 ratio
1714 2743 1906 2791 assignari,
1929 2751 1965 2780 et
1993 2756 2070 2780 non
2099 2744 2221 2780 solum
2242 2743 2279 2779 in
2307 2743 2430 2792 primo
2454 2751 2489 2780 et

1431 2797 1538 2833 tertio
1567 2804 1782 2845 praecepto.

1486 2850 1520 2886 3.
1542 2849 1774 2896 PRAETEREA,
1794 2861 1863 2897 per
1889 2848 2171 2885 observantiam
2195 2855 2486 2897 praeceptorum

1432 2910 1598 2939 meretur
1618 2902 1750 2950 aliquis
1778 2901 1945 2950 praemia
1965 2913 1985 2937 a
2005 2902 2101 2937 Deo.
2124 2901 2200 2937 Sed
2228 2900 2379 2938 divinae
2399 2912 2487 2950 pro-

1432 2954 1631 2992 missiones
1660 2962 1747 2991 sunt
1775 2955 1820 2991 de
1848 2953 2026 3003 praemiis
2054 2960 2355 3001 praeceptorum.
2386 2953 2488 3001 Ergo

1431 3007 1634 3056 promissio
1664 3007 1795 3044 debuit
1822 3007 1913 3055 poni
1941 3006 1979 3043 in
2002 3006 2182 3042 omnibus
2209 3005 2431 3055 praeceptis,
2453 3014 2490 3042 et

1433 3073 1511 3097 non
1539 3061 1664 3096 solum
1692 3059 1730 3095 in
1756 3059 1880 3107 primo
1910 3066 1946 3095 et
1972 3065 2117 3106 quarto.

1485 3124 1522 3159 4.
1548 3113 1779 3158 PRAETEREA,
1799 3112 1858 3147 lex
1885 3118 1994 3147 vetus
2015 3111 2146 3147 dieitur
2174 3110 2236 3147 lex
2259 3111 2414 3156 timoris,
2435 3110 2490 3148 in-

1434 3172 1617 3213 quantum
1646 3175 1715 3212 per
1744 3163 2057 3200 comminationes
2093 3175 2306 3212 poenarum
2336 3163 2489 3200 induce-

1434 3219 1498 3254 bat
1526 3217 1575 3254 ad
1603 3216 1886 3253 observationes
1919 3223 2221 3265 praeceptorum.
2250 3215 2326 3253 Sed
2359 3216 2490 3253 omnia

1434 3276 1635 3318 praecepta
1662 3268 1831 3316 decalogi
1864 3269 2049 3317 pertinent
2076 3269 2124 3306 ad
2156 3269 2278 3316 legem
2303 3276 2489 3306 veterem.

1435 3323 1537 3370 Ergo
1558 3322 1595 3358 in
1611 3321 1790 3358 omnibus
1812 3321 1941 3358 debuit
1954 3321 2045 3370 poni
2065 3321 2311 3358 comminatio
2326 3333 2486 3370 poenae,

1436 3382 1471 3411 et
1500 3386 1578 3411 non
1607 3375 1731 3410 solum
1761 3374 1798 3410 in
1825 3374 1949 3422 primo
1980 3382 2015 3410 et
2042 3374 2224 3410 secundo.

1493 3428 1525 3463 5.
1553 3427 1790 3474 PRAETEREA,
1820 3426 1950 3464 omnia
1982 3434 2183 3475 praecepta
2221 3426 2293 3463 Dei
2331 3435 2416 3463 sunt
2453 3427 2490 3462 in

2516 335 2524 344 ·
2540 334 2567 355 D·
2583 340 2636 362 994-

2513 539 2566 561 ·D.
2580 539 2618 566 84.

2510 804 2557 826 ⁶11·
2566 804 2614 831 11⁴⁴,
2622 811 2659 833 qu.
2666 811 2720 832 ειν,

2525 835 2552 852 rt.
2568 837 2588 852 ι·
2621 838 2642 853 ιι.
2658 838 2704 853 xxv

2507 1436 2519 1447 ⁸
2534 1436 2600 1458 Vers.
2616 1442 2652 1465 15.μ

2508 1493 2516 1500 “
2533 1490 2599 1513 Vers.
2614 1490 2637 1511 16
2652 1496 2687 1518 sq.

2507 1643 2587 1692 'sfttz
2595 1649 2655 1691 lael:

2506 1731 2518 1742 ⁶
2532 1731 2598 1752 Vere.
2613 1736 2651 1752 20.

2508 1854 2518 1863 ·
2532 1853 2557 1875 In
2573 1859 2677 1881 corpore.
