2840 4010
87 2113 96 2122 ⁶
112 2112 179 2134 Vers.
191 2112 222 2137 18,
239 2118 271 2140 19.

88 3069 99 3079 “
123 3069 162 3090 Al.
182 3069 298 3096 Sentent„

90 3101 102 3116 c
155 3102 170 3117 x
213 3111 218 3117 .

337 173 386 219 34

335 254 490 290 caverit:
522 254 611 302 quia
638 255 787 292 videtur
814 255 852 291 in
881 255 1047 302 seipsum
1078 254 1197 301 magis
1221 250 1393 302 peccare,

335 313 370 342 et
397 319 466 354 pro
495 314 598 343 tanto
626 307 776 354 gravius
804 314 946 355 peccat,
976 308 1187 343 secundum
1216 307 1305 343 illud
1323 308 1395 343 Ec-

333 358 391 396 cli.
409 371 472 395 xiv
491 359 528 396 *τ
561 360 636 401 Qui
661 360 732 396 sibi
757 371 917 408 nequam
946 365 1009 404 est,
1039 359 1101 395 cui
1127 360 1244 396 bonus
1268 359 1368 397 erit?

387 412 444 448 Ex
473 419 578 460 parte
597 424 691 448 vero
714 411 888 460 proximi,
910 419 1013 448 tanto
1033 412 1184 459 gravius
1203 420 1393 460 peccatur,

334 472 475 512 quanto
494 472 695 512 peccatum
719 465 846 511 plures
866 463 992 510 tangit.
1022 465 1071 502 Et
1090 464 1176 501 ideo
1197 473 1395 514 peccatum

333 517 436 564 quod
456 517 499 553 fit
522 517 560 553 in
589 528 793 564 personam
820 516 1026 564 publicam,
1056 525 1147 566 puta
1175 530 1304 565 regem
1332 520 1393 555 vel

331 569 554 617 principem,
577 569 641 616 qui
660 568 752 616 gerit
770 581 974 616 personam
995 570 1107 607 totius
1134 571 1393 619 multitudinis,

333 629 388 657 est
401 621 551 668 gravius
572 633 688 669 quarn
703 629 903 669 peccatum
921 622 1024 671 quod
1045 624 1290 660 committitur
1306 630 1394 661 6011-

331 681 386 709 tra
405 685 522 710 unam
541 685 748 722 personam
767 674 972 722 privatam:
993 676 1097 712 unde
1113 675 1321 724 specialiter
1341 677 1394 713 di-

332 726 425 762 citur
438 726 562 762 Exod.
571 738 642 762 xxn
655 728 689 763 ἐ
706 727 875 775 Principi
881 728 1015 776 populi
1027 729 1082 765 tui
1094 741 1167 765 non
1183 730 1392 766 maledices.

330 779 379 814 Et
397 778 564 815 similiter
584 779 717 816 iniuria
735 792 833 828 quae
858 781 901 817 fit
929 781 1037 817 alicui
1066 782 1236 817 famosae
1265 793 1395 829 perso-

330 843 413 878 nae,
434 831 585 868 videtur
615 844 695 869 esse
715 833 875 880 gravior,
898 846 942 870 ex
962 834 1036 870 hoc
1055 834 1160 882 quod
1179 834 1217 870 in
1238 834 1394 871 scanda-

329 885 409 921 lum
439 892 475 920 et
502 884 540 921 in
568 885 851 922 turbationem‘
880 886 1132 934 plurimorum
1162 886 1359 923 redundat.

382 939 441 974 AD
470 949 607 975 PRIMUM
636 951 733 975 ERGO
762 951 946 976 DICENDUM
976 939 1081 986 quod
1109 938 1168 974 ille
1195 938 1258 986 qui
1284 939 1393 976 infert

329 989 504 1027 iniuriam
533 991 717 1038 virtuoso,
747 1000 931 1039 quantum
953 999 1008 1028 est
1027 991 1064 1027 in
1085 1003 1136 1038 se,
1159 992 1284 1037 turbat
1304 1004 1391 1034 eum

331 1050 366 1079 et
393 1043 547 1080 interius
569 1052 603 1081 et
623 1045 795 1081 exterius.
827 1045 903 1081 Sed
924 1044 1028 1093 quod
1052 1044 1121 1081 iste
1140 1044 1294 1085 interius
1314 1057 1392 1082 non

329 1097 518 1144 turbetur,
551 1097 729 1144 contingit
758 1110 802 1133 ex
834 1097 912 1133 eius
942 1097 1120 1144 bonitate,
1150 1110 1248 1146 quae
1269 1103 1285 1119 ἰ
1313 1107 1390 1134 11011

331 1148 503 1186 diminuit
530 1157 730 1198 peccatum
760 1149 978 1186 iniuriantis.

995 178 1273 223 *QUAESTIO
1303 177 1480 223 LXXllI,
1509 179 1804 217 ARTICULUS
1833 182 1868 218 X

1502 257 1560 292 AD
1581 267 1770 294 SECUNDUM
1789 269 1973 297 memnon
1993 262 2097 309 quod
2112 269 2386 299 nocumentum
2406 261 2511 311 quod

1450 307 1534 356 quis
1563 308 1633 344 sibi
1661 309 1732 357 ipsi
1760 309 1870 346 infert
1897 310 1935 348 in
1954 312 2011 348 his
2040 325 2138 361 quae
2160 315 2320 351 subsunt
2339 314 2508 352 dominio

1448 361 1625 409 propriae
1645 362 1860 410 voluntatis,
1881 363 1976 400 sicut
1993 363 2031 402 in
2046 366 2160 403 rebus
2179 367 2376 415 possessis,
2395 368 2511 405 habet

1449 413 1575 452 minus
1604 414 1651 451 de
1679 423 1836 462 peccato
1861 428 1979 464 quam
2007 417 2038 454 si
2065 418 2170 455 alteri
2197 419 2392 466 inferatur,
2422 419 2511 468 quia

1448 467 1602 514 propria
1629 468 1824 504 voluntate
1852 469 1928 505 1106
1955 469 2040 516 agit.
2071 470 2149 507 Sed
2176 471 2214 508 in
2237 471 2296 508 his
2315 484 2412 519 quae
2432 484 2511 508 non

1449 519 1663 557 subduntur
1683 519 1854 557 dominio
1873 522 2089 568 voluntatis,
2111 522 2206 560 sicut
2223 531 2311 560 sunt
2328 524 2511 561 naturalia

1450 579 1486 608 et
1514 572 1716 620 spiritualia
1753 573 1872 620 bona,
1903 582 1958 611 est
1985 575 2137 622 gravius
2165 583 2364 624 peccatum
2393 587 2511 622 nocu-

1449 632 1620 662 mentum
1641 626 1710 662 sibi
1729 626 1799 674 ipsi
1817 626 1970 664 inferre:
2000 628 2153 676 gravius
2173 629 2430 677 enimpeccat
2446 629 2511 678 qui

1449 677 1586 714 occidit
1613 678 1800 726 seipsum,
1830 692 1946 728 quam
1976 681 2040 728 qui
2068 681 2204 718 occidit
2231 682 2403 721 alterum.
2433 682 2510 719 Sed

1449 729 1537 776 quia
1558 742 1624 766 res.
1635 731 1940 779 propinquorum
1961 741 2178 770 nostrorum
2199 746 2278 770 non
2297 734 2511 771 subduntur

1447 782 1652 818 voluntatis
1690 791 1840 820 nostrae
1874 785 2067 833 dominio,
2101 799 2180 824 non
2217 786 2389 836 procedit
2409 787 2510 823 ratio

1448 842 1632 882 quantum
1652 835 1700 871 ad
1721 845 1950 873 nocumenta
1970 839 2084 876 rebus
2103 839 2253 876 illorum
2273 838 2384 885 illata,
2406 839 2511 889 quod

1449 886 1545 923 circa
1575 899 1619 924 ea
1645 887 1771 926 minus
1791 897 1990 937 peccetur;
2018 891 2088 928 nisi
2108 893 2205 930 forte
2222 892 2351 940 velint,
2370 892 2435 929 vel
2454 904 2511 929 ra-

1447 947 1527 976 tum
1557 940 1733 977 habeant.

1500 995 1558 1029 AD
1573 1004 1732 1030 ‘ri-:arum
1753 1006 1936 1032 DICENDUM
1952 996 2056 1044 quod
2072 1009 2149 1033 non
2171 1005 2225 1034 est
2244 998 2411 1046 acceptio
2425 1009 2510 1045 per-

1446 1057 1629 1083 sonarum
1659 1046 1689 1083 si
1715 1047 1820 1083 Deus
1841 1048 1992 1095 gravius
2011 1049 2118 1097 punit
2136 1058 2358 1098 peccantem
2380 1058 2510 1087 contra

1449 1098 1730 1136 excellentiores
1751 1112 1956 1148 personas:
1985 1102 2060 1138 hoc
2081 1102 2181 1139 enim
2203 1103 2245 1140 fit
2263 1111 2418 1152 propter
2436 1104 2510 1140 hoc

1447 1151 1552 1199 quod
1579 1152 1654 1188 hoc
1673 1150 1687 1173 λ
1716 1152 1902 1190 redundat
1930 1154 1967 1190 in
1996 1154 2161 1202 plurium
2190 1163 2476 1193 nocumentum.

381 1263 399 1293 ι)
420 1262 607 1287 turbationem.
625 1276 643 1281 -
658 1263 887 1294 perturbationem
909 1264 930 1293 1,
950 1264 1147 1288 tribulationem
1170 1265 1197 1288 Ρ.

381 1298 406 1330 κ)
425 1305 501 1330 quae.
519 1311 537 1316 —
555 1298 626 1330 quod
645 1298 675 1322 Ε.

1280 1368 1298 1375 x

1500 1265 1526 1297 λ)
1546 1265 1603 1290 hoc.
1621 1279 1640 1284 -
1658 1272 1709 1290 non
1730 1266 1776 1299 pE,
1796 1273 1849 1290 om.
1865 1266 1953 1291 BFsE.

1119 1426 1436 1469 ARTICULUS
1467 1426 1718 1470 DECIMUS

678 1519 835 1550 UTRUM
858 1519 1122 1550 MAGNJTUDO
1146 1519 1370 1550 PERSONAE
1394 1519 1636 1552 PEccAN'ris
1660 1521 1898 1552 AGGRAVET
1922 1521 2162 1554 PECCATUM

770 1598 844 1628 Infra,
864 1606 908 1631 qu.
922 1606 1018 1628 Lxxxix,
1039 1604 1087 1624 art.
1101 1598 1129 1629 35
1150 1599 1191 1623 De
1209 1599 1292 1628 Malo,
1313 1607 1358 1632 qu.
1373 1607 1423 1629 vu,
1442 1604 1489 1625 art.
1507 1608 1547 1631 10,
1566 1601 1599 1625 ad
1619 1600 1650 1632 5;
1667 1601 1712 1626 Ad
1731 1601 1822 1630 Hebr„
1842 1608 1898 1634 cap.
1912 1609 1942 1632 x,
1961 1602 2021 1627 lect.
2033 1609 2071 1627 m.
2131 1606 2135 1610 ⁴

378 1698 386 1704 --
457 1703 486 1716 ,μ
1066 1708 1073 1715 .
1337 1692 1359 1715 o

352 1698 518 1789 (515
537 1679 1388 1781 ῗῃὲξὲξῗέἓξξεῖὲἓὲξέζῖἶςὲἓξῖἓὲἓέἒ

344 1779 392 1830 ,Υ
441 1802 456 1837 4
481 1771 668 1832 gravet
695 1793 907 1833 peccatum.
938 1785 1069 1822 Homo
1100 1785 1201 1822 enim
1221 1785 1388 1822 maxime

385 1850 393 1861 ⁸
496 1826 706 1874 redditur
726 1850 886 1886 magnus
916 1850 961 1874 ex
989 1839 1063 1874 hoc
1092 1838 1196 1887 quod
1219 1839 1303 1875 Deo
1325 1838 1389 1876 ad-

325 1891 474 1927 haeret:
506 1891 717 1927 secundum
747 1890 837 1928 illud
860 1891 976 1928 Eccli.
1002 1903 1074 1928 xxv
1092 1891 1127 1928 ²¹³:
1162 1890 1285 1934 Quam
1309 1903 1388 1928 ma-

324 1956 423 1993 gnus
447 1950 500 1980 est
526 1945 591 1992 qui
617 1944 757 1981 invenit
781 1945 1001 1993 sapientiam
1022 1951 1058 1981 et
1074 1944 1290 1981 scientiam!
1318 1945 1392 1982 Sed

326 2009 399 2034 non
421 2003 474 2034 est
490 2009 602 2046 super
621 1997 807 2034 timentem
826 1998 962 2035 Deum.
995 1998 1072 2035 Sed
1093 2005 1235 2047 quanto
1257 1997 1390 2047 aliquis

326 2050 446 2098 magis
480 2051 564 2087 Deo
594 2050 794 2098 adhaeret,
824 2058 928 2088 tanto
961 2051 1087 2088 minus
1121 2051 1327 2100 imputatur
1355 2051 1389 2088 ei

326 2103 464 2152 aliquid
480 2104 527 2141 ad
542 2111 758 2152 peccatum:
782 2103 916 2141 dicitur
932 2105 1038 2141 enim
1050 2105 1082 2141 II
1098 2104 1387 2153 Paralip.xxx*:

325 2157 512 2193 Dominus
545 2158 664 2193 bonus
689 2157 956 2205 propitiabitur
988 2157 1128 2194 cunctis
1146 2158 1221 2206 ‘qui
1248 2158 1284 2194 in
1314 2163 1388 2194 toto

326 2211 438 2247 corde
455 2210 878 2258 requirunt'Dominum
904 2212 1028 2247 Deum
1044 2216 1198 2260 patrum
1218 2222 1387 2256 suorum,

326 2269 361 2299 et
400 2275 474 2300 non
508 2263 752 2311 imputabitur
787 2264 838 2300 eis
875 2264 976 2312 quod
1012 2265 1135 2301 minus
1168 2264 1393 2312 sanctificati

323 2322 419 2353 sunt.
449 2317 551 2364 Ergo
580 2323 781 2365 peccatum
810 2329 888 2354 non
917 2325 1143 2365 aggravatur
1172 2329 1217 2354 ex
1245 2317 1389 2366 magni-

324 2369 453 2406 tudine
483 2381 668 2418 personae
696 2369 898 2418 peccantis.

380 2434 414 2459 2.
449 2424 670 2459 PRAETEREA
684 2452 692 2468 ,
729 2435 803 2459 non
851 2419 905 2460 est
933 2435 1186 2472 personarum
1224 2424 1388 2472 acceptio

324 2476 429 2524 apud
445 2477 580 2522 Deum,
600 2483 641 2512 ut
655 2475 790 2513 dicitur
810 2477 923 2513 Rom.
945 2488 968 2512 11
987 2476 1017 2513 ²⁸.
1048 2477 1149 2525 Ergo
1171 2488 1248 2513 non
1269 2477 1389 2525 magis

324 2528 434 2577 punit
465 2541 535 2577 pro
570 2541 647 2565 uno
679 2536 714 2566 et
747 2529 885 2566 eodem
913 2537 1092 2579 peccato,
1122 2542 1242 2567 unum
1272 2542 1387 2579 quarn

325 2581 453 2618 alium.
484 2583 575 2618 Non
605 2591 694 2630 ergo
716 2590 941 2630 aggravatur
959 2591 1159 2632 peccatum
1179 2595 1224 2620 ex
1245 2583 1388 2632 magni-

324 2635 454 2672 tudine
482 2647 670 2684 personae
698 2635 900 2684 peccantis.

381 2689 415 2725 3.
437 2689 670 2734 PRAETEREA,
691 2689 814 2725 nullus
844 2689 956 2725 debet
977 2701 1020 2726 ex
1041 2689 1146 2725 bono
1175 2689 1389 2727 incommo-

326 2741 418 2778 dum
438 2749 642 2791 reportare.
664 2743 890 2790 Reportaret
909 2750 1050 2787 autem,
1069 2741 1098 2779 si
1119 2742 1156 2779 id
1177 2742 1282 2792 quod
1302 2743 1388 2791 agit,

325 2794 445 2842 magis
479 2794 512 2831 ei
547 2794 796 2843 imputaretur
824 2795 871 2831 ad
902 2796 1065 2844 culpam.
1102 2796 1205 2844 Ergo
1234 2803 1390 2845 propter

326 2847 625 2895 magnitudinem
645 2860 832 2896 personae
851 2849 1042 2896 peccantis
1066 2861 1145 2886 non
1165 2856 1390 2898 aggravatur

326 2908 538 2949 peccatum.

381 2955 454 2991 SED
483 2965 629 2991 CONTRA
656 2965 722 2991 Es’r
749 2954 855 3003 quod
885 2954 1051 2991 Isidorus
1085 2954 1187 3003 dicit,
1217 2955 1255 2992 in
1284 2956 1316 2992 11
1345 2955 1390 2992 de

327 3007 482 3044 Summo
511 3009 619 3044 Bono
639 3006 676 3043 *ε
710 3007 829 3044 Tanto
853 3007 975 3044 maius
995 3009 1234 3056 cognoscitur
1255 3020 1391 3056 pecca·-

328 3066 404 3097 tum
433 3072 522 3106 esse,
552 3066 690 3108 quanto
720 3060 844 3097 maior
872 3061 937 3110 qui
957 3066 1091 3109 peccat
1117 3062 1285 3098 habetur.

382 3115 607 3150 Respommo
640 3125 824 3151 111611ΝοοΜ
861 3114 966 3161 quod
1005 3113 1143 3163 duplex
1173 3122 1229 3151 est
1255 3126 1390 3163 pecca-

329 3173 422 3203 tum.
449 3167 657 3214 Quoddam
674 3171 692 3188 ¹²
712 3179 756 3203 ex
777 3166 1019 3215 subreptione
1039 3166 1282 3216 proveniens,
1303 3179 1390 3216 pro-

329 3226 412 3267 pter
439 3219 695 3256 infirmitatem
724 3221 916 3256 humanae
946 3227 1113 3256 naturae.
1143 3221 1194 3257 Et
1211 3220 1283 3257 tale
1302 3232 1391 3269 pec-

331 3279 455 3308 catum
484 3273 609 3309 minus
638 3273 844 3321 imputatur
873 3273 905 3309 ei
934 3273 998 3321 qui
1028 3281 1084 3310 est
1111 3273 1234 3310 maior
1257 3273 1295 3310 in
1317 3273 1391 3310 vir-

354 1690 419 1740 21¹

346 1763 362 1839 ᾖ.

1444 1680 1602 1718 firmitas
1634 1682 1802 1729 humana
1836 1693 1915 1718 non
1947 1681 2044 1720 sinit.
2069 1703 2092 1710 —
2116 1682 2201 1720 Alia
2228 1696 2322 1721 vero
2353 1686 2511 1734 peccata

1444 1741 1531 1770 sunt
1559 1746 1604 1770 ex
1623 1733 1892 1771 deliberatione
1912 1735 2169 1784 procedentia.
2199 1736 2248 1774 Et
2267 1736 2336 1774 ista
2354 1736 2511 1789 peccata

1444 1793 1547 1823 tanto
1576 1787 1696 1834 magis
1726 1787 1835 1823 alicui
1863 1787 2107 1836 imputantur,
2136 1797 2279 1838 quanto
2299 1790 2423 1831 maior
2442 1790 2513 1837 esft'j,

1498 1840 1546 1876 Et
1565 1840 1638 1876 hoc
1656 1848 1781 1888 potest
1802 1853 1884 1876 esse
1904 1849 2059 1890 propter
2077 1850 2250 1890 quatuor.
2277 1843 2407 1881 Primo
2428 1840 2512 1893 qui-³

1446 1892 1546 1940 dem,
1568 1893 1657 1941 quia
1676 1893 1817 1930 facilius
1835 1901 1997 1942 possunt
2016 1894 2187 1932 resistere
2205 1904 2364 1945 peccato
2391 1897 2515 1942 maio:

1444 1948 1515 1992 res,
1535 1953 1626 1994 puta
1645 1946 1710 1994 qui
1731 1947 1918 1983 excedunt
1936 1947 1974 1984 in
1994 1947 2149 1985 scientia
2170 1955 2206 1985 et
2222 1948 2371 1986 virtute.
2398 1946 2514 1998 Unde,

1444 1998 1633 2038 Dominus
1662 1998 1760 2046 dicit,
1787 2000 1879 2036 Luc.
1895 2011 1944 2037 xn
1963 1999 1995 2048 ²¹²,
2025 2001 2130 2049 quod
2156 2013 2287 2039 servus
2307 2002 2427 2042 sciens'
2444 1999 2510 2046 uos-

1445 2051 1622 2088 luntatem
1641 2052 1784 2088 domini
1805 2053 1875 2099 sui,
1904 2058 1941 2089 et
1966 2066 2041 2090 non
2057 2054 2223 2102 facienS,
2246 2055 2375 2106 plagis
2392 2068 2511 2108 vapu-

1445 2104 1536 2141 labit
1561 2105 1694 2142 multz's.
1720 2126 1744 2132 -
1771 2105 1968 2154 Secundo,
1999 2114 2155 2156 propter
2181 2107 2514 2157 ingratitudinem}

1444 2157 1532 2207 quia
1552 2169 1667 2194 omne
1687 2158 1834 2195 bonum
1855 2170 1932 2207 quo
1953 2159 2038 2207 quis
2066 2160 2340 2209 magnificatur,
2362 2169 2418 2205 est
2435 2159 2509 2209 Dei

1444 2210 1687 2261 beneficium,
1719 2211 1778 2248 cui
1807 2212 1927 2248 homo
1956 2212 1999 2249 fit
2027 2207 2192 2262 ingratus
2219 2215 2430 2265 peccando,
2458 2214 2510 2261 Et

1444 2270 1630 2312 quantum
1659 2263 1708 2301 ad
1735 2265 1830 2311 hoc,
1861 2264 2050 2314 quaelibet
2084 2265 2298 2315 maioritas‚
2329 2267 2443 2307 etiam
2462 2267 2510 2316 „in

1443 2316 1715 2366 temporalibus
1749 2317 1879 2363 bonis,
1908 2325 2107 2366 peccatum
2140 2328 2339 2368 aggravat:
2375 2318 2509 2361 seeun-

1445 2369 1538 2408 dum
1571 2369 1662 2407 illud
1689 2370 1776 2418 Sap.
1797 2382 1832 2407 VI
1852 2370 1892 2407 *z
1921 2371 2091 2409 Potentes
2119 2377 2293 2421 potenter
2323 2378 2510 2413 tormenta

1437 2423 1640 2471 patientur.
1662 2444 1685 2450 —
1706 2422 1853 2470 Tertio,
1883 2432 2039 2473 propter
2065 2425 2268 2474 specialem
2298 2422 2510 2476 repugnari-'-

1443 2475 1534 2512 tiam
1569 2483 1673 2513 actus
1704 2476 1849 2524 peccati
1885 2474 1934 2514 ad
1963 2477 2263 2525 magnitudinem
2296 2491 2506 2528 personae:

1444 2529 1538 2566 sicut
1557 2529 1587 2565 si
1606 2529 1782 2578 princeps
1807 2529 1982 2567 iustitiam
2002 2530 2129 2578 violet,
2151 2531 2216 2580 qui
2234 2532 2390 2582 ponitur
2407 2533 2510 2571 iusti-

1443 2582 1515 2619 tiae
1545 2589 1692 2628 custos,
1723 2589 1759 2618 et
1786 2582 1816 2619 si
1845 2583 2024 2620 sacerdos
2058 2583 2280 2633 fornicetur,
2310 2585 2374 2634 qui
2403 2586 2510 2625 casti-

1443 2643 1559 2672 tatem
1587 2635 1706 2672 vovit.
1727 2656 1750 2663 —
1774 2635 1940 2683 Quarto,
1969 2643 2125 2685 propter
2157 2639 2398 2687 exemplum,
2414 2638 2508 2689 ‘sive

1444 2689 1684 2726 scandalum:
1705 2688 1804 2737 quia,
1825 2696 1867 2726 ut
1881 2688 2087 2737 Gregorius
2108 2689 2196 2727 dicit
2213 2691 2254 2728 in
2272 2692 2462 2730 Pastorali
2475 2693 2508 2742 ’,

1444 2742 1481 2779 in
1501 2741 1715 2790 exemplum
1736 2741 1845 2790 culpa
1863 2743 2099 2779 vehementer
2118 2743 2341 2792 extenditur,
2357 2746 2508 2794 quando

1438 2806 1512 2844 pro
1532 2795 1740 2831 reverentia
1754 2794 1899 2844 gradus
1911 2801 2091 2843 peccator
2105 2796 2325 2834 honoratur.
2345 2797 2408 2835 Ad
2426 2798 2509 2848 plu-

1444 2848 1541 2885 rium
1573 2847 1685 2884 etiam
1715 2847 1887 2884 notitiam
1914 2848 2143 2897 perveniunt
2167 2857 2326 2898 peccata
2351 2862 2509 2900 magno-

1444 2913 1550 2948 rum3
1582 2908 1618 2936 et
1644 2900 1764 2948 magis
1793 2900 1970 2938 homines
2000 2913 2044 2938 ea
2072 2901 2222 2950 indigne
2251 2903 2386 2941 ferunt.

1497 2956 1556 2991 An
1585 2965 1721 2990 PRIMUM
1749 2964 1847 2991 ERGO
1877 2965 2060 2992 111613ΝοοΜ
2093 2955 2198 3003 quod
2217 2956 2420 2995 auctoritas
2447 2956 2509 2997 illa

1444 3006 1611 3056 loquitur
1645 3006 1692 3043 de
1720 3006 1778 3043 his
1811 3019 1909 3055 quae
1938 3019 2008 3056 per
2035 3008 2322 3058 subreptionem
2350 3009 2509 3059 infirmi-

1443 3061 1527 3097 tatis
1555 3060 1748 3097 humanae
1776 3059 2007 3108 negligenter
2035 3069 2206 3109 aguntur.

1497 3115 1556 3150 An
1581 3124 1770 3150 SECUNDUM
1795 3125 1978 3150 DlCENDUM
1999 3114 2105 3162 quod
2133 3116 2240 3152 Deus
2268 3127 2347 3153 non
2374 3114 2509 3165 accipit

1444 3178 1641 3215 personas,
1653 3165 1682 3202 si
1698 3166 1863 3203 maiores
1873 3166 1957 3215 plus
1967 3167 2090 3216 punit:
2103 3167 2191 3217 quia
2206 3168 2377 3217 ipsorum
2387 3167 2508 3206 maio-

1446 3219 1533 3256 ritas
1553 3219 1640 3256 facit
1659 3219 1707 3256 ad
1727 3219 1950 3267 gravitatem
1970 3219 2128 3269 peccati,
2149 3228 2191 3258 ut
2210 3220 2351 3258 dictum
2372 3228 2429 3258 est
2447 3217 2478 3258 *.

1498 3275 1557 3310 AD
1577 3284 1736 3310 TER'HUM
1755 3284 1938 3310 mCENDUM
1967 3273 2073 3322 quod
2100 3274 2220 3311 homo
2249 3285 2409 3321 magnus
2428 3287 2507 3312 non

329 3332 427 3361 tute:
459 3337 504 3360 eo
534 3326 639 3373 quod
663 3326 789 3363 minus
818 3326 968 3374 negligit
988 3326 1208 3364 huiusmodi
1236 3333 1391 3375 peccata
1446 3333 1613 3374 reportat
1641 3325 1934 3363 incommodum
1965 3338 2009 3363 ex
2038 3327 2142 3364 bono
2168 3326 2273 3375 quod
2291 3326 2418 3375 habet,
2439 3327 2508 3365 sed

330 3377 547 3426 reprimere,
569 3391 666 3425 quae
686 3387 814 3416 tamen
835 3379 993 3416 omnino
1015 3379 1274 3428 subterfugere
1294 3377 1308 3409 β
1337 3379 1392 3416 in-

1447 3391 1492 3416 ex
1521 3380 1622 3416 malo
1651 3391 1723 3416 usu
1751 3378 1859 3416 illius.

384 3496 410 3527 α)
433 3496 582 3525 Quoddam.
600 3510 619 3514 -
638 3496 706 3520 enim
727 3497 822 3520 addunt
842 3497 886 3520 Pa.

1501 3496 1526 3529 β)
1545 3497 1738 3530 subterfugere.
1754 3508 1774 3516 ·—
1791 3495 1954 3528 intersugere
1973 3494 2196 3527 ACDGHIKLpB.

2536 2017 2546 2026 '¹
2561 1999 2629 2038 Vere.
2642 2002 2680 2044 47.

2535 2389 2546 2400 ²
2561 2388 2629 2412 Vere.
2645 2394 2666 2416 7.

2535 2701 2545 2710 ·
2555 2700 2616 2723 Pan.
2630 2699 2649 2730 1,
2664 2705 2748 2728 etp-u.

2534 3227 2543 3236 ·
2558 3226 2583 3248 ln
2598 3231 2707 3254 corpore.
