2840 4010
117 801 127 810 ⁶
137 799 190 821 Lib.
200 799 218 825 1,
230 805 250 820 c.
264 805 302 819 xxi

115 1041 327 1095 ἕωῖἑξόᾞὲρῆ

116 1707 125 1716 ·
140 1704 207 1726 νετε.
221 1711 242 1726 2.

115 1810 126 1821 ⁸
141 1810 224 1831 Ordin.

115 2020 126 2031 ⁸
141 2019 208 2042 Vers.
223 2019 255 2042 16.

116 2343 124 2352 ·
139 2340 205 2363 Vers.
221 2347 243 2369 9.

115 2607 124 2616 ·
134 2607 185 2628 Art.
193 2612 217 2633 2;
228 2612 266 2634 qu.
277 2612 323 2632 cnr,

114 2636 155 2654 art.
170 2639 191 2660 5.

115 2771 123 2779 ·
138 2768 205 2792 Vers.
219 2776 236 2791 1.

112 3081 122 3090 '
138 3080 190 3102 Art.
205 3086 221 3107 1,
235 3087 255 3109 3,
269 3088 292 3107 4.

357 131 431 167 350
1021 126 1287 174 QUAESTIO
1317 126 1454 173 CXIV,

356 211 475 247 homo
503 210 619 246 habet
637 209 955 258 impedimentum
975 205 1220 255 promerendi
1241 205 1410 262 gratiam,

357 262 524 299 scilicet
517 275 643 311 ipsum
671 269 922 310 peccatumff-
939 261 1149 306 Postquam
1178 265 1306 294 autern
1335 256 1412 293 iarn

358 315 492 362 aliquis
519 315 633 352 habet
660 314 829 361 gratiam,
859 324 937 348 non
965 318 1089 360 potest
1116 310 1232 358 gratia
1251 309 1328 346 iam
1347 310 1412 346 ha-

357 367 434 404 bita
462 368 531 404 sub
552 367 686 404 merito
708 366 861 402 cadere:
883 364 971 423 quia
991 375 1137 400 merces
1157 370 1212 399 est
1230 362 1413 399 terminus

359 421 495 469 operis,
515 419 631 466 gratia
650 431 744 456 vero
766 425 820 454 est
847 416 1073 466 principium
1104 415 1303 452 cuiuslibet
1322 415 1413 452 boni

358 472 482 520 operis
509 472 547 508 in
575 472 701 518 nobis,
730 478 771 506 ut
798 482 912 518 supra
935 469 954 490 ’¹‘
983 468 1126 505 dictum
1155 476 1221 505 est.
1252 467 1292 504 Si
1319 480 1413 505 vero

358 525 480 561 aliud
489 524 633 560 donum
662 523 863 581 gratuitum
900 522 1032 570 aliquis
1060 528 1250 557 mereatur
1276 520 1414 557 virtute

357 576 495 624 gratiae
524 575 804 624 praecedentis,
833 575 909 611 iam
939 587 1018 611 non
1048 573 1114 610 erit
1140 573 1274 622 prima.
1303 574 1414 611 Unde

357 629 600 665 manifestum
629 636 684 664 est
717 629 820 675 quod
858 628 981 664 nullus
1017 634 1143 675 potest
1178 626 1250 663 sibi
1279 627 1415 663 mereri

355 681 518 730 primam
546 681 716 728 gratiam.

408 736 467 770 An
496 745 634 770 ramum
662 744 760 770 ERGO
781 744 964 769 mCENDuM
988 731 1105 780 quod,
1127 731 1223 768 sicut
1241 731 1416 779 Augusti-

304 804 327 819 ιι.
356 799 427 823 nus
448 786 535 823 dicit
555 786 593 822 in
613 786 708 822 libro
728 787 893 822 Retract.
909 785 940 832 ²¹⁸,
964 785 1044 833 ipse
1060 784 1264 832 aliquando
1284 784 1323 821 in
1341 785 1416 821 hoc

355 839 423 876 fuit
451 839 643 888 deceptus,
674 838 779 888 quod
808 838 963 876 credidit
990 837 1137 874 initium
1158 837 1248 874 fidei
1268 849 1351 874 esse
1372 849 1416 874 ex

354 891 479 939 nobis,
509 892 576 929 sed
606 891 978 928 consummationem
1007 890 1119 928 nobis
1139 891 1218 927 dari
1249 902 1294 927 ex
1308 891 1414 927 Deo:

355 945 460 993 quod
487 945 567 993 ipse
595 944 738 982 ibidem
768 952 951 981 retractat.
978 945 1027 980 Et
1054 944 1102 981 ad
1130 944 1232 980 hunc
1260 955 1415 980 sensum

353 998 504 1035 videtur
519 997 708 1046 pertinere
723 997 826 1046 quod
835 999 937 1045 fides
956 997 1252 1044 iustificationem
1271 1008 1416 1032 merea—

354 1056 425 1087 tur.
449 1051 525 1087 Sed
541 1051 570 1087 si
587 1062 863 1099 supponamus,
881 1050 975 1087 sicut
993 1050 1082 1087 fidei
1102 1049 1241 1086 veritas
1259 1049 1375 1086 habet
1383 1048 1415 1096 ³⁸,

1484 126 1780 163 ARTICULUS
1809 126 1859 162 VI

1467 205 1572 263 quod
1599 204 1747 241 initium
1776 203 1868 241 fidei
1887 203 1934 241 sit
1952 203 1991 241 in
2015 204 2126 242 nobis
2145 207 2285 252 aDeo;
2315 206 2391 243 iam
2413 205 2525 242 etiam

1465 258 1546 306 ipse
1576 265 1679 294 actus
1707 256 1797 293 fidei
1828 256 2071 305 consequitur
2097 257 2261 306 primam
2288 259 2460 306 gratiam,
2491 266 2527 295 et

1466 310 1516 346 ita
1535 322 1614 347 non
1633 317 1757 358 potest
1777 322 1858 346 esse
1878 310 2094 346 meritorius
2111 309 2258 358 primae
2277 312 2428 358 gratiae.
2453 312 2527 348 Per

1466 363 1583 400 fidem
1614 363 1723 410 igitur
1750 362 1971 399 iustificatur
1997 363 2136 410 homo,
2165 374 2244 400 non
2271 363 2381 411 quasi
2405 364 2526 400 homo

1468 416 1658 452 credendo
1679 422 1870 452 mereatur
1889 415 2214 452 iustificationem:
2235 415 2303 452 sed
2317 415 2418 464 quia,
2435 416 2527 453 dum

1466 468 1697 515 iustificatur‚
1720 468 1850 514 credit;
1873 481 1919 504 eo
1946 468 2050 516 quod
2069 475 2197 504 motus
2215 467 2307 505 fidei
2330 467 2530 516 requiritur

1468 522 1516 558 ad
1536 521 1840 558 iustificationem
1861 521 1980 570 impii,
1999 528 2042 558 ut
2059 533 2175 569 supra
2188 520 2208 542 ²⁸
2228 520 2370 557 dictum
2390 527 2456 558 est.

1521 576 1580 611 AD
1600 585 1790 611 SECUNDUM
1810 586 1994 611 melerinum
2015 574 2119 622 quod
2139 575 2246 610 Deus
2265 586 2344 610 non
2364 573 2429 610 dat
2446 585 2528 621 gra-

1467 627 1559 663 tiam
1587 626 1657 663 nisi
1687 626 1818 673 dignis.
1839 627 1931 664 Non
1954 634 2081 664 tamen
2108 626 2160 663 ita
2179 626 2284 675 quod
2306 626 2410 675 prius
2429 626 2530 674 digni

1468 679 1624 716 fuerint:
1655 679 1721 715 sed
1749 679 1838 726 quia
1866 680 1946 728 ipse
1974 692 2042 728 per
2069 679 2226 728 gratiam
2257 691 2324 716 eos
2357 678 2446 716 facit
2476 679 2531 716 di-

1468 744 1575 780 gnos,
1598 732 1663 780 qui
1674 731 1774 768 solus
1787 737 1911 779 potest
1915 733 2053 781 facere
2071 733 2253 770 mundum
2272 732 2319 768 de
2337 732 2529 769 immundo

1469 790 1686 833 conceptum
1714 784 1855 820 semine
1873 784 1904 821 *.

1522 838 1582 875 Ad
1601 848 1761 878 TERTmM
1781 848 1965 875 montinum
1992 838 2098 886 quod
2119 850 2234 875 omne
2263 838 2412 874 bonum
2432 849 2531 886 opus

1468 890 1634 927 hominis
1662 889 1835 938 procedit
1853 902 1875 926 a
1894 889 2017 938 prima
2039 891 2156 938 gratia
2175 891 2272 928 sicut
2290 903 2312 927 a
2330 890 2529 939 principio.

1470 944 1562 980 Non
1582 951 1709 979 autem
1729 942 1901 990 procedit
1920 955 1941 979 a
1960 955 2203 993 quocumque
2222 945 2391 981 humano
2413 943 2529 981 dono.

1470 997 1519 1032 Et
1546 996 1632 1032 ideo
1663 1007 1741 1032 non
1771 1002 1826 1031 est
1853 995 1984 1032 similis
2013 996 2106 1033 ratio
2137 996 2184 1033 de
2210 997 2313 1034 dono
2334 996 2474 1045 gratiae
2495 1003 2531 1033 et

1471 1049 1518 1085 de
1548 1049 1651 1086 dono
1680 1049 1863 1085 humano.

1523 1136 1575 1143 Μ

1164 1201 1481 1244 ARTICULUS
1512 1201 1718 1244 SEXTUS

811 1289 967 1321 UTRUM
990 1288 1120 1320 HOMO
1143 1288 1292 1319 possm
1316 1289 1476 1320 ALTERI
1499 1290 1662 1320 MERERI
1685 1289 1852 1320 PRIMAM
1876 1288 2074 1320 GRATIAM

564 1365 620 1390 Art.
639 1371 704 1396 seq„
724 1363 756 1388 ad
776 1371 806 1394 23
827 1363 847 1388 Il
867 1364 949 1393 Sent„
970 1363 1029 1388 dist.
1047 1370 1123 1393 xxvu,
1144 1368 1190 1388 art.
1209 1361 1241 1394 6;
1260 1363 1301 1393 111,
1320 1363 1379 1387 dist.
1397 1370 1447 1395 xlx,

1466 1363 1625 1396 art.‚5qu²
1646 1362 2319 1397 3‚;ad51v,d1stn.vqu.nart1qu1

1041 1398 1083 1423 De
1106 1398 1195 1428 Verit„
1215 1406 1259 1430 qu.
1278 1405 1343 1429 mx,
1362 1402 1409 1423 art.
1429 1405 1461 1431 73
1481 1399 1490 1423 1
1512 1395 1588 1428 Tim„
1608 1407 1662 1431 cap.
1681 1406 1715 1428 w.
1734 1399 1792 1423 lect.
1810 1406 1840 1424 ιι.

386 1500 452 1540 ,ζᾷᾐί

473 1509 525 1532 a«
565 1492 587 1516 D
616 1490 757 1516 SEXTUM
785 1490 838 1515 sm
862 1489 1101 1515 PROCEDITUR.
1130 1477 1290 1514 Videtur
1308 1477 1412 1526 quod

479 1502 588 1600 ἑὲ.
565 1534 684 1569 homo
713 1532 833 1580 possit
860 1530 964 1567 alteri
994 1530 1131 1567 mereri
1150 1530 1320 1604 primamte
1331 1542 1414 1578 gra-

370 1590 655 1675 ὄέἔῖῡὶ
660 1584 1180 1685 ·1?.2}³fi2{355¹}1·13{2.;¹²25.2
1190 1583 1286 1673 ¹312}ss
1305 1583 1414 1673 GK]

354 1703 396 1727 sa
418 1690 454 1727 *t
489 1691 677 1732 Quantum
705 1690 805 1727 valet
839 1689 942 1738 apud
967 1690 1091 1726 Deum
1109 1689 1210 1736 fides
1232 1689 1414 1738 propria,

353 1719 455 1791 apud
472 1755 581 1792 quem
609 1745 662 1780 sic
684 1743 803 1780 valuit
828 1743 952 1780 aliena
981 1748 1021 1778 ut
1042 1743 1139 1779 intus
1167 1747 1203 1778 et
1219 1748 1329 1779 extra
1355 1754 1414 1779 sa-

353 1802 463 1833 naret
487 1795 697 1833 hominem!
724 1796 802 1833 Sed
820 1795 974 1832 interior
1002 1795 1148 1832 sanatio
1172 1795 1339 1832 hominis
1359 1803 1415 1832 est

352 1862 421 1898 per
439 1850 603 1898 primam
623 1849 792 1897 gratiam.
810 1850 912 1897 Ergo
932 1849 1051 1885 homo
1067 1856 1192 1897 potest
1211 1849 1315 1885 alteri
1334 1861 1414 1886 me-

354 1902 425 1939 reri
452 1903 615 1951 primam
645 1902 813 1950 gratiam.

407 1967 442 1992 2.
464 1957 695 2002 PRAETEREA,
718 1955 908 1992 orationes
928 1953 1114 1991 iustorum
1135 1967 1212 1991 non
1243 1962 1329 1991 sunt
1347 1968 1414 1992 va-

379 1525 435 1579 ἴῳ

401 1566 426 1594 ,α

355 2007 467 2057 cuae,
498 2009 564 2045 sed
594 2009 788 2054 efficaces3
819 2007 1030 2044 secundum
1060 2007 1151 2044 illud
1181 2009 1253 2044 Iac.
1283 2008 1348 2045 ult.
1374 2008 1411 2045 *ε

353 2061 519 2098 Multum
539 2062 638 2099 valet
656 2062 865 2109 deprecatio
886 2061 971 2097 iusti
988 2061 1150 2097 assidua.
1173 2061 1249 2098 Sed
1270 2060 1412 2098 ibidem

353 2115 622 2164 praemittitur:
649 2115 762 2151 Orate
771 2126 844 2163 pro
860 2114 1018 2151 invicem
1036 2119 1076 2150 ut
1087 2114 1294 2150 salvemini.
1312 2115 1412 2151 Cum

353 2168 463 2216 igitur
482 2169 581 2204 salus
601 2167 766 2204 hominis
795 2180 872 2204 non
892 2167 1010 2216 possit
1038 2179 1120 2203 esse
1145 2166 1215 2204 nisi
1234 2179 1303 2215 per
1331 2179 1412 2215 gra-

353 2221 456 2268 tiam,
476 2221 626 2258 videtur
654 2221 759 2269 quod
785 2233 884 2257 unus
916 2221 1036 2257 homo
1062 2220 1181 2268 possit
1209 2220 1311 2257 alteri
1333 2233 1413 2258 me-

353 2274 426 2311 reri
454 2274 618 2322 primam
647 2274 816 2322 gratiam.

409 2329 442 2364 3.
474 2329 711 2374 PRAETEREA,
741 2328 834 2363 Luc.
856 2326 949 2363 xw*
978 2325 1132 2363 dicitur:
1161 2327 1290 2363 Facite
1308 2327 1413 2364 vobis

352 2381 493 2417 amicos
521 2381 566 2417 de
593 2392 812 2417 mammona
841 2379 1059 2428 iniquitatis,
1090 2385 1130 2415 ut
1155 2391 1241 2416 cum
1270 2380 1412 2429 desece-

352 2434 451 2480 ritis,
481 2434 663 2481 recipiant
687 2445 754 2470 vos
787 2433 823 2469 in
852 2438 1005 2469 aeterna
1043 2433 1297 2470 tabernacula.
1334 2433 1412 2471 Sed

351 2486 475 2523 nullus
509 2486 684 2534 recipitur
711 2485 750 2522 in
779 2493 933 2522 aeterna
965 2486 1208 2522 tabernacula
1245 2486 1316 2523 nisi
1344 2499 1413 2535 per

352 2539 526 2587 gratiam,
556 2551 624 2588 per
651 2551 766 2588 quam
795 2539 917 2575 solam
947 2538 1078 2586 aliquis
1106 2546 1274 2575 meretur
1291 2539 1410 2577 vitam

352 2600 557 2639 aeternam,
574 2600 615 2628 ut
634 2604 748 2640 supra
762 2591 782 2613 ²⁸
802 2592 943 2629 dictum
966 2599 1032 2628 est.
1052 2592 1153 2640 Ergo
1174 2604 1272 2629 unus
1291 2593 1410 2630 homo

350 2653 475 2694 potest
507 2645 610 2682 alteri
642 2645 857 2694 acquirere,
892 2644 1096 2692 merendo,
1130 2644 1293 2693 primam
1330 2658 1412 2694 gra-

351 2698 454 2735 tiam.

406 2752 479 2788 SED
509 2763 654 2788 CONTRA
681 2762 747 2787 Es’r
780 2751 885 2799 quod
920 2750 1054 2788 dicitur
1083 2751 1217 2788 Ierem.
1238 2763 1285 2788 xv
1303 2751 1341 2788 *z
1371 2752 1414 2788 Si

349 2805 513 2840 steterint
547 2805 706 2852 Moyses
739 2809 775 2840 et
808 2804 961 2840 Samuel
988 2815 1117 2840 coram
1146 2816 1226 2850 me,
1257 2816 1331 2841 non
1360 2810 1414 2841 est

351 2858 479 2894 anima
500 2869 583 2894 mea
602 2857 653 2893 ad
665 2857 847 2905 populum
869 2857 1000 2893 istum:
1029 2856 1093 2904 qui
1112 2864 1240 2893 tamen
1260 2857 1412 2894 fuerunt

351 2910 506 2946 maximi
533 2910 655 2946 meriti
683 2911 783 2958 apud
822 2911 961 2947 Deum.
990 2909 1150 2946 Videtur
1182 2922 1272 2957 ergo
1306 2910 1410 2959 quod

352 2963 476 2999 nullus
503 2963 622 3011 possit
650 2963 753 2999 alteri
782 2963 919 2999 mereri
947 2962 1112 3011 primam
1141 2963 1312 3010 gratiam.

404 3016 628 3052 Rssspowmso
662 3028 845 3053 DICENDUM
878 3016 1004 3063 quod,
1035 3015 1129 3052 sicut
1162 3028 1207 3052 ex
1241 3015 1411 3064 supradi-

353 3067 452 3105 ctis*
471 3076 583 3116 patet,
605 3081 702 3116 opus
731 3077 903 3105 nostrum
932 3069 1046 3105 habet
1071 3068 1258 3105 rationem
1287 3068 1410 3106 meriti

353 3133 397 3157 ex
413 3121 574 3158 duobus.
590 3122 719 3158 Primo
736 3121 905 3170 quidem,
923 3134 968 3158 ex
986 3121 1026 3159 vi
1045 3121 1224 3158 motionis
1241 3121 1409 3159 divinae:

353 3180 388 3208 et
416 3173 468 3210 sic
505 3182 670 3211 meretur
698 3174 830 3223 aliquis
867 3186 911 3210 ex
940 3174 1142 3222 condigno.
1176 3175 1261 3211 Alio
1291 3174 1410 3212 modo

351 3226 465 3262 habet
493 3227 674 3263 rationem
704 3227 838 3274 meriti,
869 3227 1079 3264 secundum
1108 3228 1213 3275 quod
1241 3227 1413 3276 procedit

352 3290 398 3314 ex
426 3278 543 3315 libero
573 3280 745 3326 arbitrio,
775 3280 999 3328 inquantum
1028 3280 1241 3317 voluntarie
1270 3280 1412 3329 aliquid

351 3330 521 3367 facimus.
550 3332 599 3368 Et
618 3344 663 3368 ex
682 3334 753 3369 hac
771 3340 877 3381 parte
908 3340 962 3369 est
990 3332 1167 3370 meritum
1198 3333 1354 3381 congrui
1374 3338 1409 3370 ²:

404 3449 431 3483 α)
451 3450 574 3482 congrui.
594 3463 612 3468 -
631 3449 692 3474 Om.
711 3450 740 3479 F,
759 3457 906 3482 congruum
926 3450 1012 3475 ceteri.
1436 3446 1440 3486 Ι

1468 1478 1557 1525 quia
1577 1489 1787 1525 congruum
1808 1484 1864 1514 est
1881 1484 1933 1524 ut,
1955 1477 2047 1514 dum
2067 1479 2187 1515 homo
2208 1479 2306 1516 bene
2325 1479 2440 1517 utitur
2463 1492 2550 1518 sua-

1466 1530 1620 1577 virtute,
1650 1532 1756 1567 Deus
1784 1506 1996 1567 secund'um
2025 1532 2388 1580 superexcellentem
2415 1533 2538 1570 virtu-

1467 1590 1546 1620 tem
1566 1583 1804 1620 excellentius
1824 1590 2013 1632 operetur.

1521 1637 1579 1673 Ex
1598 1648 1674 1684 quo
1694 1643 1796 1684 patet
1815 1637 1919 1684 quod
1948 1636 2084 1673 merito
2114 1637 2291 1685 condigni
2310 1639 2434 1675 nullus
2461 1651 2531 1688 po—

1467 1695 1539 1726 test
1557 1689 1693 1726 mereri
1712 1688 1816 1725 alteri
1834 1689 1996 1738 primam
2023 1689 2182 1737 gratiam
2203 1690 2274 1727 nisi
2297 1692 2400 1728 solus
2425 1691 2533 1728 Chri-

1468 1749 1557 1779 stus.
1581 1742 1681 1788 Quia
1700 1742 1962 1791 unusquisque
1991 1749 2163 1779 nostrum
2192 1751 2372 1781 movetur
2395 1757 2418 1781 a
2445 1745 2531 1782 Deo

1467 1807 1536 1844 per
1552 1795 1697 1832 donum
1717 1795 1857 1843 gratiae
1876 1803 1918 1832 ut
1936 1795 2017 1844 ipse
2032 1795 2080 1833 ad
2098 1795 2219 1833 vitam
2235 1803 2428 1834 aeternam
2447 1809 2534 1847 per-

1466 1848 1616 1885 veniat:
1647 1856 1682 1884 et
1701 1848 1787 1885 ideo
1807 1848 1986 1886 meritum
2016 1848 2195 1897 condigni
2213 1850 2310 1887 ultra
2331 1850 2431 1887 hanc
2449 1862 2533 1888 mo-

1466 1901 1609 1938 tionem
1629 1914 1707 1938 non
1735 1913 1775 1938 se
1805 1901 1980 1939 extendit.
2002 1902 2080 1939 Sed
2108 1902 2236 1939 anima
2258 1903 2395 1940 Christi
2423 1911 2530 1942 mota

1468 1962 1523 1990 est
1551 1967 1573 1990 a
1592 1955 1676 1991 Deo
1705 1967 1773 2002 per
1791 1954 1948 2002 gratiam
1978 1967 2056 1992 non
2075 1955 2201 1992 solum
2229 1963 2271 1993 ut
2287 1956 2368 2005 ipse
2395 1969 2531 2005 perve-

1466 2007 1562 2044 niret
1590 2008 1638 2044 ad
1657 2007 1816 2055 gloriam
1835 2008 1936 2044 vitae
1956 2015 2143 2056 aeternae,
2160 2009 2227 2046 sed
2244 2009 2357 2046 etiam
2376 2017 2419 2046 ut
2437 2010 2531 2048 alios

1466 2059 1504 2097 in
1534 2072 1619 2096 eam
1637 2058 1655 2088 Ρ
1674 2060 1891 2106 adduceret,
1919 2061 2144 2110 inquantum
2175 2069 2230 2099 est
2258 2069 2370 2112 caput
2398 2062 2530 2100 Eccle-

1466 2113 1543 2150 siae
1564 2121 1599 2149 et
1613 2115 1757 2150 Auctor
1772 2114 1900 2150 salutis
1914 2114 2125 2161 humanae3
2142 2115 2355 2153 secundum
2370 2115 2463 2153 illud
2481 2116 2534 2154 ad

1464 2167 1564 2203 Heb.
1586 2179 1608 2203 11
1628 2166 1662 2203 *ε
1687 2167 1762 2208 Qui
1787 2167 1922 2204 multos
1929 2167 2037 2215 filios
2056 2169 2093 2204 in
2112 2167 2279 2218 gloriam
2306 2169 2530 2216 adduxerat,

1464 2220 1667 2256 Auctorem
1695 2220 1823 2256 salutis
1843 2228 1911 2257 etc.

1520 2273 1597 2309 Sed
1617 2273 1752 2309 merito
1773 2272 1929 2321 congrui
1957 2280 2083 2322 potest
2110 2273 2246 2322 aliquis
2265 2274 2371 2311 alteri
2393 2275 2532 2312 mereri

1465 2325 1627 2374 primam
1647 2326 1817 2373 gratiam.
1848 2326 1949 2373 Quia
1970 2326 2071 2363 enirn
2091 2327 2211 2364 homo
2236 2327 2274 2364 in
2292 2327 2410 2375 gratia
2442 2340 2532 2365 con-

1466 2378 1613 2415 stitutus
1650 2379 1782 2428 implet
1817 2379 1890 2416 Dei
1922 2380 2182 2427 voluntatem,
2213 2391 2427 2428 congruum
2455 2388 2529 2428 est,

1465 2431 1676 2468 secundum
1706 2432 1890 2469 amicitiae
1925 2432 2228 2481 proportionem,
2257 2441 2299 2470 ut
2326 2434 2432 2470 Deus
2451 2434 2530 2471 im-

1463 2485 1565 2534 pleat
1589 2485 1755 2522 hominis
1782 2485 2022 2523 voluntatem
2050 2485 2089 2522 in
2117 2486 2327 2523 salvatione
2355 2487 2528 2524 alterius:

1464 2537 1549 2574 licet
1576 2539 1811 2586 quandoque
1830 2538 1950 2587 possit
1977 2539 2119 2575 habere
2142 2539 2464 2588 impedimentum
2484 2552 2530 2578 ex

1464 2598 1570 2639 parte
1599 2591 1693 2628 illius
1732 2591 1838 2628 cuius
1867 2591 2001 2640 aliquis
2034 2599 2186 2629 sanctus
2222 2592 2529 2631 iustificationem

1466 2643 1663 2680 desiderat.
1694 2645 1743 2681 Et
1765 2644 1802 2681 in
1822 2645 1897 2681 hoc
1917 2657 2007 2682 casu
2026 2644 2192 2694 loquitur
2210 2645 2412 2683 auctoritas
2432 2647 2530 2684 Iere-

1465 2696 1565 2733 miae
1593 2697 1727 2734 ultimo
1757 2697 1921 2734 inducta.

1518 2751 1577 2786 AD
1604 2762 1740 2787 PRIMUM
1769 2762 1867 2787 ERGO
1896 2762 2081 2788 DICENDUM
2105 2750 2212 2800 quod
2239 2751 2336 2788 fides
2366 2750 2528 2791 aliorum

1449 2803 1566 2840 'valet
1585 2803 1645 2839 alii
1666 2803 1714 2840 ad
1734 2804 1894 2840 salutem
1916 2803 2052 2840 merito
2082 2803 2251 2852 congrui,
2281 2816 2361 2842 non
2389 2805 2526 2843 merito

1467 2855 1652 2903 condigni.

1518 2910 1577 2945 An
1605 2919 1799 2946 SECUNDUM
1823 2920 2006 2946 DICENDUM
2027 2909 2133 2958 quod
2152 2909 2368 2958 impetratio
2389 2910 2527 2948 oratio-

1466 2961 1523 2998 nis
1553 2961 1720 2998 innititur
1747 2961 2047 2999 misericordiae:
2077 2961 2256 2999 meritum
2284 2970 2414 3000 autem
2439 2971 2529 3001 c'on-

1466 3014 1566 3062 digni
1601 3014 1769 3051 innititur
1805 3014 1978 3052 iustitiae.
2015 3016 2064 3052 Et
2101 3015 2188 3052 ideo
2228 3017 2345 3053 multa
2381 3016 2527 3057 orando

1465 3067 1642 3116 impetrat
1669 3068 1788 3104 homo
1820 3080 1864 3105 ex
1893 3068 2022 3106 divina
2050 3068 2323 3116 misericordia,
2354 3081 2452 3117 quae
2473 3077 2527 3109 ta.-

1465 3132 1556 3157 men
1575 3133 1653 3157 non
1673 3128 1839 3158 meretur
1858 3121 2070 3158 secundum
2090 3121 2292 3167 iustitiam;
2313 3121 2526 3160 secundum

1465 3173 1556 3210 illud
1585 3175 1683 3210 Dan.
1706 3186 1740 3210 1x
1758 3173 1796 3210 *ε
1825 3174 1961 3222 Neque
1997 3174 2097 3212 enim
2135 3175 2173 3212 in
2210 3175 2528 3222 iustificationibus

1466 3227 1600 3263 nostris
1612 3227 1887 3274 prosternimus
1906 3239 2039 3276 preces
2067 3233 2154 3264 ante
2160 3228 2308 3276 faciem
2328 3233 2444 3273 tuam,
2462 3227 2530 3265 sed

1466 3279 1503 3316 in
1533 3280 1833 3316 miserationibus
1861 3281 1932 3316 tuis
1959 3280 2095 3318 multis.

1519 3334 1578 3369 AD
1606 3344 1765 3369 TERTIUM
1794 3344 1978 3370 D1CENDUM
2011 3333 2116 3382 quod
2144 3344 2334 3382 pauperes
2362 3333 2527 3369 eleemo-

1520 3450 1545 3485 β)
1565 3452 1632 3476 alios
1652 3451 1677 3475 in
1697 3457 1765 3476 eam.
1783 3464 1802 3469 —
1819 3450 1888 3475 a11'as
1907 3450 1932 3475 in
1953 3450 2044 3475 eadem
2065 3450 2094 3481 E,
2112 3450 2181 3475 alios
2200 3450 2227 3475 in
2245 3449 2356 3475 eandem
2375 3449 2405 3474 F.

2555 533 2631 585 2Qu.
2645 538 2710 559 cxxn,
2725 536 2767 555 ιη.

2557 791 2568 802 ⁸
2589 790 2628 813 101³
2647 796 2698 819 unp.
2717 796 2770 819 xxv,

2558 823 2618 840 veru.
2632 823 2656 844 4.

2657 2061 2672 2095 β

2557 2183 2567 2194 ·
2582 2182 2650 2206 Vm.
2663 2188 2701 2206 ιο.

2554 3191 2564 3201 ”
2578 3190 2646 3213 νοτε.
2661 3190 2697 3213 18.

2833 3491 2840 3565 .—--
2838 3459 2840 3461 .
2832 3393 2840 3408 u
