2840 4010
118 2425 141 2440 :x
168 2415 261 2440 *misti

1011 124 1277 170 QUAESTIO
1307 124 1407 172 CIV,
1437 124 1732 162 ARTICULUS
1761 125 1813 160 IV

334 204 416 250 lege
435 213 517 239 esse
538 208 676 239 certam
700 202 976 239 distinctionem
997 209 1306 251 praeceptorum:
1328 202 1391 238 ali-

333 263 391 291 ter
417 254 521 291 enirn
549 254 631 303 ipsa
659 255 831 292 confusio
864 255 1060 292 utilitatem
1093 255 1183 303 legis
1216 255 1388 290 auferret.

334 307 383 344 Et
410 306 497 344 ideo
528 307 733 344 dicendum
762 316 819 346 est
845 309 950 356 quod
977 314 1182 366 praecepta
1203 306 1391 344 iudicialia

333 359 471 396 veteris
498 360 601 408 legis,
630 372 700 409 per
727 373 826 409 quae
844 358 1020 398 homines
1039 359 1271 397 adinvicem
1292 358 1391 395 ordi-

333 412 533 460 nabantur,
556 413 833 451 distinctionem
863 413 1004 451 habent
1031 413 1243 454 secundum
1264 411 1391 448 distin-

334 465 499 502 ctionem
529 466 774 503 ordinationis
800 467 1004 503 humanae.

387 518 634 568 Quadruplex
662 526 790 555 autem
818 518 913 554 ordo
942 517 981 553 in
1004 516 1135 575 aliquo
1162 516 1307 565 populo
1336 515 1391 552 in-

333 570 454 607 veniri
473 579 617 620 potest:
646 583 745 608 unus
764 570 933 618 quidem,
957 568 1170 617 principum
1190 567 1323 616 populi
1341 568 1391 604 ad

334 623 525 670 subditos;
556 623 650 660 alius
677 630 822 670 autem,
852 621 1091 658 subditorum
1126 621 1175 658 ad
1207 620 1389 666 invicem3

332 676 462 713 tertius
490 682 630 723 autem,
660 686 792 712 eorum
821 674 885 723 qui
913 681 1000 711 sunt
1028 675 1074 711 de
1098 675 1243 723 populo
1262 673 1311 710 ad
1331 685 1391 709 ex-

333 737 502 775 traneos3
532 735 687 779 quartus
711 735 851 774 autem,
872 727 920 764 ad
941 727 1183 787 domesticos,
1204 726 1298 764 sicut
1323 738 1390 774 pa-

333 782 398 818 tris
432 782 480 819 ad
512 781 652 828 filiurn,
682 780 811 817 uxoris
845 780 894 817 ad
925 780 1074 828 virum,
1104 787 1140 817 et
1168 779 1312 817 domini
1342 778 1388 816 ad

333 845 500 871 servum.
530 834 580 870 Et
606 833 818 870 secundum
838 833 928 870 istos
958 840 1121 882 quatuor
1146 832 1298 870 ordines
1317 831 1390 868 dis-

332 886 448 934 tingui
476 893 636 935 possunt
670 894 874 935 praecepta
908 885 1095 923 iudicialia
1122 885 1260 922 veteris
1287 885 1389 932 legis.

332 941 481 976 Dantur
502 938 604 975 enirn
618 936 632 960 δ
652 939 843 986 quaedam
871 946 1073 987 praecepta
1093 938 1139 975 de
1159 937 1390 975 institutione

330 991 546 1040 principum
566 999 602 1028 et
621 992 749 1028 officio
783 1004 929 1039 eorum,
959 999 995 1028 et
1023 992 1071 1029 de
1099 990 1309 1028 reverentia
1337 990 1391 1026 eis

332 1043 564 1081 exhibenda:
594 1051 630 1081 et
647 1045 744 1082 haec
762 1053 818 1082 est
836 1057 912 1082 una
931 1057 1019 1094 pars
1037 1043 1264 1084 iudicialium
1284 1055 1391 1092 prae-

332 1103 542 1146 ceptorum.
553 1118 578 1125 -
594 1099 742 1134 Dantur
759 1097 871 1134 etiam
888 1097 1294 1146 quaedam'praecepta
1307 1108 1391 1145 per-

330 1149 486 1189 tinentia
505 1150 554 1187 ad
573 1150 752 1188 concives
779 1151 829 1189 ad
852 1151 1038 1188 invicem:
1067 1157 1159 1199 puta
1185 1149 1283 1186 circa
1311 1161 1391 1186 em-

329 1202 830 1251 ptionesetrvenditiones,
861 1211 896 1241 et
923 1203 1061 1241 iudicia
1093 1210 1130 1240 et
1155 1214 1314 1251 poenaS.
1342 1203 1391 1239 Et

330 1256 501 1293 haecest'
516 1257 685 1295 secunda
698 1269 785 1305 pars
805 1256 1035 1294 iudicialium
1049 1262 1354 1305 praeceptorum.
1365 1275 1389 1283 —

331 1309 480 1346 Dantur
508 1309 622 1347 etiam
649 1309 838 1358 quaedam
866 1317 1070 1358 praecepta
1094 1308 1317 1357 pertinentia
1341 1308 1390 1346 ad

332 1369 552 1402 extraneos:
579 1369 672 1411 puta
691 1362 739 1399 de
763 1362 868 1399 bellis
889 1370 1020 1400 contra
1045 1362 1187 1408 hostes,
1207 1368 1244 1399 et
1262 1361 1309 1399 de
1329 1373 1390 1397 su-

332 1498 339 1502 ·
364 1490 409 1525 8)
426 1486 506 1518 einim.
522 1505 541 1511 -
558 1495 648 1517 autem
667 1491 714 1518 Pa.
732 1506 752 1512 -
765 1496 911 1526 praecepta
929 1501 984 1518 om.
1003 1492 1055 1519 EF.

2425 125 2496 162 261

1445 203 1637 252 sceptione
1669 203 1956 251 peregrinorum
1986 210 2022 239 et
2049 202 2299 239 advenarum.
2331 204 2379 240 Et
2406 204 2501 240 haec

1446 263 1499 292 est
1518 255 1624 293 tertia
1642 268 1730 304 pars
1749 255 1980 292 iudicialium
1995 263 2298 304 praeceptorum.
2315 277 2338 283 -
2355 257 2502 293 Dantur

1445 308 1557 344 etiam
1586 309 1625 345 in
1652 309 1733 357 lege
1760 310 1950 356 quaedam
1978 315 2180 356 praecepta
2207 308 2431 356 pertinentia
2452 309 2500 346 ad

1446 359 1693 397 domesticam
1718 361 2067 398 conversationem:
2095 361 2190 398 sicut
2218 361 2266 397 de
2294 361 2434 408 servis,
2465 369 2501 398 et

1444 413 1636 459 uxoribus,
1666 421 1703 450 et
1730 414 1826 451 filiis.
1856 415 1904 450 Et
1931 415 2026 450 haec
2054 421 2110 450 est
2136 421 2268 462 quarta
2291 426 2378 462 pars
2406 413 2501 450 iudi-

1446 465 1598 502 cialium
1624 474 1927 514 praeceptorum.

1498 519 1555 554 AD
1575 530 1710 555 prunum
1739 530 1836 555 ERGO
1862 531 2045 556 DICENDUM
2073 518 2178 567 quod
2207 531 2251 556 ea
2270 531 2370 567 quae
2390 519 2501 567 perti-

1446 577 1536 606 nent
1556 571 1604 607 ad
1633 571 1909 607 ordinationem
1933 571 2131 608 hominum
2151 571 2199 608 ad
2217 572 2393 619 invicem,
2415 579 2502 608 sunt

1445 622 1599 669 quidem
1628 635 1787 659 numero
1815 624 1976 669 infinita;
2005 624 2071 661 sed
2099 631 2228 662 tamen
2256 625 2385 661 reduci
2411 620 2522 673 poss

1445 682 1531 711 sunt
1550 675 1597 712 ad
1618 676 1742 723 aliqua
1766 684 1878 723 certa,
1899 676 2109 713 secundum
2130 677 2380 714 differentiam
2400 677 2500 715 ordi·

1445 728 1606 764 nationis
1635 728 1838 775 humanae,
1867 736 1908 765 ut
1936 729 2078 766 dictum
2107 737 2162 766 est
2180 729 2211 766 *.

1498 782 1556 816 AD
1575 792 1765 817 SECUNDUM
1784 792 1967 818 montinum
1987 783 2090 830 quod
2109 790 2311 831 praecepta
2330 782 2500 830 decalogi

1445 840 1531 869 sunt
1557 833 1680 881 prima
1708 833 1746 869 in
1774 845 1910 881 genere
1942 834 2162 881 moralium,
2191 842 2232 871 ut
2265 847 2378 883 supra
2398 837 2418 857 *
2447 835 2500 872 di-

1445 893 1546 922 ctum
1582 894 1660 922 est:
1700 893 1735 922 et
1766 885 1852 923 ideo
1888 887 2158 923 convenienter
2190 888 2262 924 alia
2297 895 2500 936 praecepta

1444 938 1601 974 moralia
1620 938 1831 975 secundum
1862 951 1906 975 ea
1934 939 2220 986 distinguuntur.
2252 941 2327 977 Sed
2348 953 2500 988 praece-

1442 998 1507 1038 pta
1535 990 1721 1028 iudicialia
1742 999 1777 1028 et
1797 992 2086 1028 caeremonialia
2105 993 2246 1029 habent
2273 993 2383 1029 aliam
2402 999 2414 1014 ε
2443 1006 2499 1030 ra-

1443 1044 1586 1080 tionem
1616 1044 1864 1092 obligationis,
1885 1057 1964 1082 non
1983 1045 2138 1094 quidem
2159 1057 2203 1081 ex
2223 1045 2366 1082 ratione
2394 1053 2500 1082 natu-

1444 1097 1521 1143 rali,
1543 1097 1610 1134 sed
1639 1109 1684 1133 ex
1708 1098 1788 1134 sola
1807 1097 2048 1134 institutione.
2080 1099 2128 1134 Et
2146 1098 2234 1135 ideo
2256 1098 2500 1135 distinctionis

1445 1162 1579 1186 eorum
1609 1157 1664 1187 est
1691 1150 1762 1186 alia
1790 1150 1896 1187 ratio.
2225 1191 2230 1195 x

1497 1205 1555 1240 AD
1579 1214 1738 1240 TERTIUM
1757 1215 1940 1240 DICENDUM
1960 1203 2066 1251 quod
2085 1215 2129 1240 ex
2147 1203 2237 1253 ipsis
2256 1204 2375 1241 rebus,
2403 1216 2501 1253 quae

1444 1268 1512 1304 per
1538 1264 1740 1304 praecepta
1766 1255 1952 1293 iudicialia
1972 1255 2194 1294 ordinantur
2211 1257 2250 1294 in
2269 1257 2362 1305 lege,
2381 1256 2504 1295 innuit

1443 1309 1501 1346 lex
1529 1309 1807 1347 distinctionem
1835 1308 2064 1347 iudicialium
2093 1316 2396 1358 praeceptorum.

1443 1491 1630 1553 Fofflclgm.
1647 1506 1667 1510 —-
1683 1492 1801 1525 aliquam
1820 1493 1853 1522 H,
1872 1501 1916 1518 om
1936 1492 1978 1517 EF
1980 1492 2012 1518 Κ.
2029 1506 2048 1513 —
2066 1493 2116 1517 Pro
2132 1493 2244 1523 ratione,
2260 1497 2394 1525 potestate
2411 1494 2502 1520 ACDE

1547 1535 1564 1560 P

1003 1592 1334 1657 commentaria
1357 1615 1606 1649 Garamans
1627 1615 1828 1648 Caietam

361 1714 382 1734 N
405 1703 590 1744 quaestione
613 1702 902 1744 centesimuquarta
921 1702 999 1735 nihil
1021 1703 1222 1734 scribendum
1245 1703 1389 1740 occurrit,

334 1716 422 1778 Inisi
445 1748 535 1789 quod
562 1747 629 1778 duo
657 1747 832 1788 specialiter
859 1747 1010 1779 advertas.
1041 1747 1184 1779 Primum
1206 1754 1269 1784 est,
1292 1756 1389 1788 quare

332 1791 442 1823 omnia
462 1791 548 1822 1111115
571 1792 686 1832 populi
709 1798 796 1823 erant
818 1791 969 1831 figuralia.
991 1792 1178 1832 Assignatur
1199 1801 1338 1832 namque
1358 1791 1390 1822 in

331 1836 473 1869 secundo
489 1836 632 1872 articulo,
647 1836 688 1867 ad
706 1837 892 1872 secundum,
907 1845 966 1876 pro
983 1846 1087 1873 causa,
1103 1835 1188 1887 quia
1192 1835 1338 1870 Christus
1354 1846 1391 1866 ex

302 1903 303 1906 η
332 1890 398 1924 pop
377 1880 456 1921 pulo
478 1879 533 1911 illo
557 1886 623 1913 erat
645 1880 830 1911 nasciturus.
855 1879 948 1917 Idest‚
967 1879 1042 1922 quia
1060 1886 1158 1911 status
1179 1879 1264 1911 illius
1279 1880 1392 1921 populi

333 1930 399 1955 erat
413 1930 543 1966 propter
566 1923 730 1957 Christum
753 1931 923 1955 venturum
947 1934 984 1956 ex
1007 1934 1057 1961 eo,
1080 1933 1275 1966 consequens
1295 1931 1342 1955 est
1356 1931 1393 1955 ut

331 1967 434 2000 verbis
457 1974 489 1999 et
510 1967 599 1999 factis
621 1967 878 2009 praenuntiarent
903 1968 1068 1999 Christum
1090 1975 1121 2001 et
1142 1968 1330 2010 pertinentia
1353 1969 1391 1999 ad

332 2011 451 2052 ipsum.
475 2012 517 2043 Et
539 2012 602 2043 hoc
625 2022 662 2043 ex
685 2012 790 2043 divina
812 2012 1021 2049 institutione,
1044 2012 1137 2044 cuius
1157 2012 1256 2052 solius
1279 2019 1326 2044 est
1347 2013 1393 2043 fa-

333 2065 403 2089 cere
425 2057 514 2098 quod
537 2056 618 2090 facta
639 2057 739 2089 totius
762 2056 875 2097 populi
898 2057 960 2088 sint
981 2056 1016 2087 in
1037 2056 1181 2097 figuram.

386 2100 424 2132 11.
448 2101 632 2134 Secundum
655 2108 718 2138 eat,
742 2101 832 2142 quod
859 2100 1029 2133 differentia
1052 2101 1132 2133 inter
1155 2100 1394 2133 caeremonialia

333 2151 363 2176 et
377 2144 536 2180 iudicialia
551 2145 586 2176 in
603 2143 769 2186 figurando
793 2155 858 2176 non
882 2144 1025 2176 consistit
1046 2145 1082 2184 in
1101 2145 1164 2177 hoc
1180 2145 1274 2188 ¹quod
1291 2155 1393 2176 caere-

333 2188 484 2223 monialia
507 2189 569 2220 sint
587 2199 643 2230 per
666 2199 699 2220 se
721 2189 825 2230 primo
849 2189 990 2223 Instituta
1013 2190 1052 2220 ad
1071 2189 1283 2230 figurandum,
1301 2196 1331 2220 et
1345 2189 1393 2220 iu-

332 2231 455 2263 dicialia
478 2233 540 2264 sint
563 2233 704 2264 instituta
728 2234 767 2264 ad
789 2232 992 2273 figurandum
1014 2235 1071 2274 per⁴
1093 2243 1126 2264 se
1145 2233 1297 2267 secundo.
1321 2233 1393 2265 Hoc

332 2277 421 2307 enirn
441 2283 509 2308 non
532 2277 646 2309 dieitur
666 2277 700 2308 in
723 2277 835 2309 littera.
859 2278 901 2309 Et
922 2278 948 2308 si
972 2278 1204 2315 concederetur,
1227 2287 1295 2309 non
1319 2287 1393 2318 pos-

1444 1710 1513 1734 sent
1527 1704 1622 1734 hodie
1637 1714 1655 1734 a
1670 1713 1875 1745 quocumque
1899 1703 2035 1745 praecipi
2057 1705 2206 1745 principe,
2226 1705 2307 1736 sicut
2322 1715 2380 1735 nec
2403 1712 2503 1736 caere-

1444 1748 1608 1778 monialia:
1632 1747 1786 1788 quoniam
1801 1758 1858 1789 per
1873 1759 1915 1785 se,
1932 1748 2004 1780 licet
2019 1750 2169 1786 secundo,
2186 1749 2336 1780 haberent
2349 1759 2502 1780 annexam

1444 1791 1704 1831 significationem
1727 1792 1844 1823 Christi
1866 1793 2000 1823 venturi.
2025 1793 2087 1824 Sed
2110 1793 2251 1824 consistit
2273 1793 2306 1824 in
2329 1793 2390 1824 hoc
2413 1788 2502 1834 quod

1444 1836 1692 1873 caeremonialia,
1709 1843 1744 1867 ut
1760 1837 1814 1874 sic,
1830 1847 1887 1877 per
1909 1847 1941 1867 se
1965 1837 2080 1877 primo,
2104 1837 2184 1868 idest
2199 1837 2375 1869 secundum
2390 1837 2504 1877 prima-

1443 1880 1522 1910 riam
1545 1880 1755 1911 intentionem
1776 1881 1836 1911 Dei
1859 1881 2060 1918 instituentis,
2084 1880 2219 1922 figurant
2243 1881 2406 1912 Christum
2428 1891 2502 1912 ven-

1444 1931 1567 1955 turum:
1591 1923 1749 1955 iudicialia
1766 1934 1851 1961 vero,
1868 1931 1905 1956 ut
1923 1925 1975 1962 sic,
1999 1935 2057 1956 nec
2075 1936 2131 1967 per
2148 1936 2182 1956 se
2196 1925 2311 1967 primo,
2328 1935 2385 1956 nec
2399 1935 2456 1966 per
2471 1935 2504 1956 se

1446 1969 1586 1999 secundo
1609 1969 1773 2000 continent
1798 1969 1954 2000 rationem
1983 1969 2118 2010 figurae,
2142 1970 2198 2000 sed
2221 1979 2258 2000 ex
2281 1969 2502 2010 consequenti,

1445 2013 1526 2044 idest
1555 2023 1611 2053 per
1640 2013 1799 2050 accidens,
1823 2012 2015 2054 inquantum
2041 2013 2158 2045 scilicet
2186 2014 2258 2045 data
2285 2021 2358 2045 sunt
2380 2014 2503 2054 populo

1447 2057 1536 2088 cuius
1560 2063 1651 2097 totus
1674 2064 1773 2089 status
1795 2064 1875 2088 erat
1887 2057 2081 2099 figurativus.
2106 2058 2139 2089 Si
2162 2058 2247 2089 enim
2273 2059 2380 2089 omnia
2403 2059 2436 2089 in
2456 2058 2504 2098 fi-

1445 2111 1564 2142 guram
1590 2098 1815 2142 contingebant
1838 2101 1942 2133 illis*
1949 2125 1957 2138 ‚
1982 2112 2056 2133 cum
2082 2102 2141 2134 ista
2168 2101 2325 2133 iudicialia
2347 2101 2409 2133 sint
2431 2112 2502 2142 pars

1447 2156 1510 2176 una
1541 2145 1688 2176 omnium
1715 2145 1967 2186 contingentium
1994 2146 2070 2183 illis,
2102 2153 2229 2187 oportet
2258 2146 2352 2177 etiarn
2381 2146 2441 2177 ista
2468 2155 2505 2176 ex

1448 2189 1653 2230 consequenti
1677 2199 1743 2220 esse
1766 2189 1918 2230 figuralia.
1943 2190 1986 2221 Et
1998 2196 2164 2231 propterea
2187 2197 2323 2231 possunt
2345 2190 2421 2221 haec
2445 2196 2505 2220 sta—

1447 2234 1493 2264 tui
1517 2240 1548 2264 et
1570 2234 1693 2265 servari.
1718 2234 1759 2265 Et
1781 2234 1824 2265 sic
1851 2234 1991 2275 intellige
2017 2235 2194 2265 secundum
2223 2241 2254 2266 et
2281 2234 2410 2266 tertium
2434 2233 2506 2265 arti-

1448 2278 1566 2309 culum.

2526 732 2535 743 “
2546 731 2574 753 *In
2590 737 2695 760 corpore.

2525 842 2536 853 ⁶
2552 842 2600 869 Qu.
2615 848 2635 869 c,
2650 846 2691 864 art.
2707 849 2728 871 3.

2530 2109 2560 2130 1
2568 2109 2604 2131 Ad
2612 2109 2679 2137 Cor„
2691 2115 2744 2137 oep.

2530 2142 2553 2163 x,
2569 2142 2628 2157 vers.
2642 2142 2667 2157 u.
