2840 4010
38 1518 185 1548 *Aru-m-

910 190 1176 236 QUAESTIO
1206 191 1401 238 LXXXII,
1430 189 1725 227 ARTICULUS
1757 189 1809 226 lv
2396 203 2445 238 99

275 268 330 317 gis
359 275 395 304 et
428 266 564 304 minus.
594 267 706 305 Unde
744 268 986 306 manifestum
1021 276 1075 305 est
1111 268 1215 317 quod
1248 281 1335 317 pec—

276 328 402 358 catum
439 320 617 368 originale
647 333 725 358 non
761 329 886 370 potest
919 334 1000 358 esse
1037 321 1157 369 magis
1191 320 1230 356 in
1257 333 1334 357 uno

276 385 394 422 quam
422 373 460 409 in
489 373 575 410 alio.

329 428 389 462 An
417 437 553 463 Palmum
574 438 672 463 ERGO
697 438 880 463 DlCENDUM
900 426 1016 474 quod,
1041 425 1163 461 soluto
1182 424 1336 461 vinculo

277 478 466 526 originalis
486 478 656 526 iustitiae,
686 479 756 515 sub
785 490 862 527 quo
877 483 893 506 Υ
912 477 1082 526 quodam
1103 477 1236 513 ordine
1255 488 1337 513 orn-

278 543 346 568 nes
364 531 465 567 vires
492 531 642 568 animae
671 531 969 575 continebantur,
998 541 1251 576 unaquaeque
1278 529 1337 565 vis

279 584 429 620 animae
448 584 567 621 tendit
585 584 624 620 in
645 595 757 620 suum
774 581 972 630 proprium
992 589 1159 627 motum;
1180 588 1215 617 et
1233 588 1336 617 tanto

278 636 554 681 vehementius,
585 643 726 685 quanto
754 634 864 671 fuerit
882 633 1024 670 fortior.
1056 633 1246 682 Contingit
1271 645 1338 670 au-

278 696 356 726 tem
384 689 484 726 vires
521 688 665 736 aliquas
693 687 842 724 animae
878 698 959 722 esse
992 686 1165 723 fortiores
1193 687 1231 723 in
1258 698 1337 723 uno

280 753 396 790 quarn
415 741 454 778 in
479 740 565 787 alio,
593 747 750 789 propter
777 738 946 776 diversas
975 739 1143 787 corporis
1172 740 1339 787 comple-

278 794 423 831 xiones.
444 793 561 840 Quod
581 804 670 840 ergo
689 804 788 829 unus
807 792 927 828 homo
947 791 991 828 sit
1009 791 1166 840 pronior
1184 792 1233 828 ad
1249 804 1338 828 con-

280 846 552 895 cupiscendum
573 857 690 893 quam
710 845 812 891 alter,
833 857 911 881 non
932 853 987 881 est
1006 842 1174 881 ratione⁸
1193 844 1338 892 peccati

280 898 491 947 originalis,
520 909 609 935 cum
637 897 676 935 in
713 897 893 934 omnibus
927 897 1134 945 aequaliter
1170 898 1339 934 solvatur

278 951 475 989 vinculum
503 949 692 998 originalis
719 950 889 998 iustitiae,
910 957 947 986 et
964 949 1170 999 aequaliter
1192 949 1231 986 in
1256 961 1338 986 om-

280 1003 391 1040 nibus
418 1010 544 1051 partes
570 1003 767 1040 inferiores
795 1003 943 1040 animae
964 1002 1034 1040 sibi
1061 1002 1337 1051 relinquantur:

279 1055 347 1092 sed
375 1055 510 1092 accidit
536 1055 610 1092 hoc
639 1067 684 1092 ex
704 1055 854 1092 diversa
882 1055 1127 1104 dispositione
1154 1054 1339 1103 potentia-

280 1120 379 1156 rum,
408 1108 504 1145 sicut
530 1108 672 1145 dictum
703 1115 768 1145 est.

256 1292 267 1294 ἡ
302 1288 315 1291 Χ
326 1257 360 1290 χ)
377 1258 428 1283 sub
444 1264 505 1290 quo.
523 1271 542 1276 -
560 1264 612 1290 quo
630 1257 677 1282 sub
695 1257 920 1282 ABCDEFGIKL.

333 1291 358 1325 ὃ)
378 1292 490 1318 ratione.
508 1306 526 1312 -
543 1299 581 1317 ex
598 1292 704 1317 ratione
721 1293 822 1317 codices
841 1297 867 1317 et
883 1299 910 1317 a.

1442 271 1500 305 AD
1529 280 1718 306 SECUNDUM
1746 280 1929 306 memnon
1955 267 2060 316 quod
2088 267 2282 315 aegritudo
2312 281 2447 317 corpo-

1391 321 1475 357 ralis
1504 333 1582 358 non
1618 322 1732 358 habet
1759 321 1796 358 in
1825 321 2004 358 omnibus
2042 321 2241 369 aequalem
2271 333 2445 368 causam,

1391 373 1502 410 etiarn
1528 373 1558 410 si
1578 373 1623 410 sit
1650 373 1821 411 eiusdem
1849 373 2006 422 speciei:
2031 380 2134 422 puta,
2155 373 2185 410 si
2205 373 2250 410 sit
2268 374 2380 411 febris
2401 386 2447 411 ex

1391 426 1542 462 cholera
1570 427 1791 473 putrefacta,
1821 434 1946 475 potest
1973 437 2055 463 esse
2083 426 2204 462 maior
2230 427 2292 463 vel
2321 427 2447 463 minor

1391 478 1622 525 putrefactio,
1640 486 1676 515 et
1690 479 1940 528 propinquior
1953 479 2015 516 vel
2032 478 2213 515 remotior
2228 491 2250 516 a
2263 479 2445 528 principio

1391 529 1501 566 vitae.
1533 531 1609 566 Sed
1629 543 1743 567 causa
1763 531 1950 579 originalis
1969 531 2114 580 peccati
2134 531 2173 568 in
2193 532 2372 569 omnibus
2393 539 2447 569 est

1392 582 1569 629 aequalis.
1598 583 1708 620 Unde
1736 596 1814 620 non
1843 591 1898 620 est
1924 584 2056 621 simile.

1444 635 1502 670 AD
1530 646 1688 672 TERTmM
1718 648 1901 673 DiCENDUM
1929 637 2034 685 quod
2057 636 2171 674 libido
2206 649 2303 685 quae
2328 644 2447 674 trans-

1391 686 1502 722 mittit
1519 695 1718 734 peccatum
1738 688 1915 736 originale
1934 689 1972 725 in
1990 690 2150 737 prolem,
2166 701 2245 726 non
2261 696 2316 726 est
2329 689 2446 726 libido

1391 739 1562 775 actualis:
1592 739 1679 788 quia
1707 740 1794 776 dato
1823 741 1926 788 quod
1944 741 2081 778 virtute
2105 741 2233 779 divina
2261 741 2447 779 concede-

1392 798 1492 827 retur
1519 791 1655 828 alicui⁸
1676 793 1779 840 quod
1807 794 1948 830 nullam
1972 793 2225 831 inordinatam
2250 794 2445 832 libidinem

1391 844 1430 880 in
1449 851 1534 880 actu
1561 844 1811 891 generationis
1839 845 2000 892 sentiret,
2030 846 2155 883 adhuc
2182 847 2448 884 transmitteret

1391 896 1429 933 in
1448 898 1596 945 prolem
1625 897 1802 945 originale
1830 906 2040 946 peccatum.
2072 899 2148 935 Sed
2175 899 2291 936 libido
2311 899 2372 936 illa
2392 907 2447 936 est

1391 949 1629 997 intelligenda
1648 950 1895 997 habitualiter,
1916 951 2127 988 secundum
2143 951 2246 1000 quod
2261 952 2446 1000 appetitus

1393 1001 1593 1039 sensitivus
1625 1015 1703 1039 non
1737 1003 1947 1039 continetur
1979 1004 2049 1040 sub
2083 1003 2225 1040 ratione
2255 1005 2409 1041 vinculo
2434 1004 2446 1028 ῑ

1393 1054 1581 1102 originalis
1599 1055 1768 1093 iustitiae.
1798 1057 1846 1092 Et
1869 1056 1950 1092 talis
1977 1056 2093 1093 libido
2122 1056 2159 1093 in
2187 1057 2364 1094 omnibus
2392 1065 2448 1094 est

1393 1107 1572 1156 aequalis.

1450 1256 1472 1288 ε)
1491 1257 1580 1281 alicui.
1597 1270 1615 1275 -
1634 1257 1694 1281 Om.
1713 1257 1956 1281 PABCDGHlKLa.

1448 1291 1473 1324 ζ)
1494 1292 1606 1317 vinculo.
1624 1306 1641 1310 —
1659 1292 1744 1317 soluto
1764 1292 1866 1317 uinculo
1884 1292 1940 1316 PsB
1959 1296 1983 1316 et
2000 1299 2027 1317 a.

957 1378 1288 1412 Commentario.
1311 1377 1559 1411 Cardinalis
1582 1379 1779 1412 Caietani

304 1465 306 1467 ’
355 1467 486 1500 articulo
505 1474 619 1508 quarto
641 1468 783 1498 eiusdem
802 1467 1169 1508 octogesimaesecundae
1184 1467 1341 1508 quaestio-

280 1478 370 1550 Γᾶς,
394 1512 530 1543 dubium
552 1518 599 1542 est
622 1522 678 1542 cur
695 1514 826 1548 Auctor,
847 1511 902 1552 qui
919 1511 1055 1552 posuit*
1069 1518 1234 1552 peccatum
1250 1511 1343 1551 origi—

278 1557 352 1591 nate
367 1566 436 1588 esse
450 1556 596 1587 habimm
611 1562 643 1586 et
657 1556 955 1595 concupiscentiam,
980 1563 1011 1587 et
1026 1555 1177 1595 componi
1193 1565 1230 1586 ex
1246 1562 1343 1586 mate-

280 1601 355 1637 mk
364 1607 396 1633 et
410 1599 551 1637 formali;
567 1600 601 1630 in
617 1610 751 1640 corpore
766 1599 862 1630 huius
877 1600 998 1630 articuli
1015 1599 1084 1630 sola
1099 1599 1164 1630 duo
1181 1599 1344 1639 distinguit

279 1645 314 1676 in
336 1651 466 1685 peccato
490 1643 644 1684 originali,
661 1654 802 1684 quorum
818 1651 991 1684 utrumque
1006 1649 1126 1684 spectat
1140 1644 1180 1674 ad
1199 1643 1342 1679 formale,

280 1689 404 1728 nullam
428 1689 466 1719 de
490 1688 558 1718 aliis
581 1687 699 1718 faciens
722 1687 922 1718 memoriam.

278 1742 281 1743 ⁷
339 1733 391 1764 Ad
414 1732 476 1763 hoc
498 1731 631 1762 breviter
654 1731 769 1762 dicitur
791 1732 878 1772 quod
901 1731 934 1761 in
948 1737 1078 1772 peccato
1102 1730 1247 1771 originali
1271 1738 1345 1761 sunt

278 1777 440 1818 quaedam
462 1776 647 1807 communia
670 1781 799 1816 peccato
823 1782 854 1806 et
877 1781 1020 1811 naturae;
1040 1781 1072 1805 et
1092 1775 1251 1815 quaedam
1271 1785 1344 1815 pro-

279 1820 349 1861 pria
371 1820 433 1862 ipsi
455 1826 595 1861 peccato.
627 1819 822 1850 Communia
852 1825 926 1850 sunt
954 1818 1202 1850 inordinationes
1228 1818 1343 1849 virium

1397 1467 1533 1498 animae:
1558 1468 1712 1508 quoniam
1735 1468 1821 1504 haec,
1839 1474 1874 1498 ut
1892 1467 1973 1498 infra
1987 1467 2005 1487 *
2019 1468 2146 1508 patebit,
2162 1478 2199 1499 ex
2218 1476 2329 1500 namra
2343 1469 2450 1510 aliquo

1397 1512 1496 1542 modo
1525 1518 1614 1548 sunt,
1643 1512 1724 1542 sicut
1751 1522 1838 1542 mors
1867 1518 1897 1542 et
1923 1511 2086 1542 infirmitas
2114 1513 2295 1552 corporalis.
2321 1513 2452 1554 Propria

1396 1566 1471 1586 vero
1495 1562 1569 1586 sunt
1591 1555 1725 1596 privatio
1742 1556 1818 1586 doni
1836 1556 1972 1586 iustitiae
1988 1556 2158 1595 originalis,
2183 1563 2213 1586 et
2235 1557 2314 1587 ratio
2329 1557 2449 1597 culpae.

1396 1600 1528 1640 Propter
1543 1600 1641 1640 quod,
1662 1606 1697 1630 ut
1713 1609 1749 1630 ex
1764 1599 1899 1640 propriis
1922 1600 2041 1640 peccati
2057 1600 2214 1641 originalis
2238 1601 2453 1632 ostenderetur

1397 1644 1503 1684 ipsum
1533 1654 1599 1674 non
1629 1643 1730 1674 inesse
1757 1643 1976 1684 inaequaliter,
2004 1644 2131 1684 propria
2160 1651 2283 1675 tantum
2315 1644 2452 1676 distinxit

1398 1691 1518 1719 Auctor
1533 1687 1566 1717 in
1581 1687 1692 1723 littera,
1712 1687 1744 1717 in
1760 1697 1823 1728 qua
1842 1688 2017 1718 ostenditur
2031 1688 2204 1724 intentum;
2225 1695 2256 1719 et
2269 1689 2452 1719 communia

1397 1738 1550 1762 reservata
1578 1738 1651 1762 sunt
1677 1731 1935 1772 responsionibus
1965 1739 2241 1772 argumentorum,
2273 1733 2306 1763 in
2335 1733 2452 1773 quibus

1397 1775 1589 1806 obiectiones
1612 1775 1788 1806 solvuntur.

2478 1478 2487 1487 ·
2518 1481 2689 1503 u.1.xxxV‚m.

2475 1510 2496 1532 3,
2532 1507 2643 1526 omment.
