2840 4010
89 976 99 985 '
111 974 159 1002 Qu.
174 980 211 1002 xc,
227 978 269 997 art.
279 980 299 996 2.

90 1663 99 1672 '
113 1661 182 1683 Vere.
196 1667 227 1688 ¹4-
277 1686 281 1690 ,

90 1768 98 1776 ·
108 1766 190 1788 Ordin.

89 1985 97 1992 ·
111 1982 159 2010 Qu.
174 1987 211 2009 xc,
227 1985 270 2003 art.
285 1987 300 2009 1,

92 2406 104 2417 ⁸³
118 2407 170 2428 Art.
184 2405 291 2434 praeced.

335 152 408 197 154

974 150 1239 196 QUAEsrio
1269 150 1372 194 xci,
1405 150 1698 188 ARTicuLUs
1729 152 1779 198 11,
1810 153 1858 189 111

1098 257 1414 299 ARTICULUS
1444 257 1743 300 SECUNDUS

904 341 1058 372 UTRUM
1083 341 1149 371 SIT
1173 341 1215 371 IN
1239 340 1364 372 Noms
1387 341 1552 379 ALIQUA
1574 342 1659 373 LEX
1681 342 1928 373 NATURALIS

1150 410 1184 435 IV
1204 410 1286 441 Sent„
1307 411 1366 436 dist.
1384 418 1468 442 xxxm,
1489 419 1533 444 qu.
1551 419 1569 443 1,
1590 417 1636 437 art.
1660 420 1681 437 1.

377 510 423 527 :a
446 517 499 540 „a
522 514 526 517 -
542 506 561 530 ι)
581 503 769 529 SECUNDUM
785 503 838 528 sm
853 502 1092 528 PROCEDlTUR.
1109 491 1269 528 Videtur
1283 491 1388 539 quod

358 536 404 589 ,¹²⁵ss
454 514 517 605 Ἑρ(
541 557 618 581 non
646 544 692 580 sit
727 543 766 580 in
802 544 912 580 nobis
950 544 1075 593 aliqua
1109 545 1168 581 lex
1196 544 1387 581 naturalis.

384 605 386 608 ·
404 612 466 647 νς
480 586 507 647 ’ἦ
520 593 527 599 ’
541 596 780 633 Sufficienter
808 596 908 633 enirn
933 597 1053 633 homo
1074 598 1304 645 gubernatur
1321 609 1390 646 per

384 625 480 682 ἑῗθῧ
495 641 528 684 K
541 651 661 697 legem
679 656 889 686 aeternam:
912 649 1000 686 dicit
1021 650 1121 687 enim
1141 650 1387 698 Augustinus,

328 702 365 739 in
383 703 396 738 I
412 703 457 738 de
471 702 552 739 Lib.
568 702 696 748 Arb.*,
714 702 819 749 quod
839 702 902 739 lex
919 707 1072 740 aeterna
1087 709 1142 739 est
1157 715 1231 751 qua
1252 703 1387 738 iustum

328 761 382 791 est
409 760 447 790 ut
473 756 601 792 omnia
629 756 703 791 sint
724 755 1012 793 ordinatissima.
1041 756 1121 792 Sed
1139 763 1283 796 *natura
1311 767 1389 791 non

329 807 497 844 abundat
524 808 562 844 in
591 807 804 856 superfluis,
834 808 930 845 sicut
949 821 1020 845 nec
1044 808 1171 845 deficit
1195 808 1232 844 in
1261 819 1389 844 neces-

329 861 445 897 sariis.
476 861 578 908 Ergo
607 873 685 898 non
715 868 771 898 est
799 861 923 909 aliqua
950 862 1008 898 lex
1031 861 1178 898 homini
1199 859 1387 897 naturalis.

383 926 417 950 2.
448 915 688 961 PRAETEREA,
718 926 787 962 per
813 915 936 962 legem
971 914 1166 951 ordinatur
1197 914 1318 949 homo
1350 913 1388 949 in

328 967 405 1003 suis
434 967 579 1004 actibus
612 967 659 1004 ad
691 967 829 1014 finem,
859 974 900 1003 ut
932 980 1046 1015 supra
1065 966 1084 988 ’¹‘
1111 966 1284 1002 habitum
1323 973 1388 1002 est.

329 1019 406 1065 Sed
435 1020 621 1057 ordinatio
651 1020 908 1056 humanorum
929 1027 1084 1056 actuum
1105 1020 1153 1056 ad
1172 1019 1291 1056 finem
1311 1031 1390 1055 non

329 1081 384 1110 est
411 1085 479 1121 per
507 1081 692 1119 naturam,
723 1073 817 1109 sicut
837 1072 972 1109 accidit
991 1072 1028 1109 in
1049 1071 1227 1108 creaturis
1247 1071 1390 1108 irratio-

327 1126 527 1172 nabilibus,
558 1138 655 1174 quae
685 1126 766 1161 solo
796 1125 964 1173 appetitu
993 1124 1151 1161 naturali
1170 1131 1286 1172 agunt
1304 1136 1391 1173 pro-

327 1187 410 1227 pter
438 1179 577 1215 finem:
608 1179 673 1215 sed
703 1178 777 1225 agit
795 1179 914 1214 homo
934 1185 1090 1226 propter
1109 1177 1227 1213 finem
1246 1189 1315 1226 per
1335 1189 1391 1214 ra-

327 1232 471 1268 tionem
502 1239 537 1267 et
563 1231 814 1268 voluntatem.
848 1231 951 1278 Ergo
985 1243 1062 1267 non
1097 1237 1152 1266 est
1179 1230 1303 1278 aliqua
1331 1231 1390 1267 lex

327 1284 474 1321 homini
503 1283 692 1320 naturalis.

383 1338 417 1374 3.
439 1338 671 1383 PRAETEREA,
700 1343 843 1385 quanto
873 1336 1006 1386 aliquis
1030 1344 1085 1373 est
1103 1335 1266 1382 liberior,
1286 1342 1390 1373 tanto

328 1390 455 1427 minus
485 1397 540 1427 est
566 1390 637 1426 sub
661 1390 755 1437 lege.
786 1389 862 1426 Sed
882 1390 1002 1426 homo
1023 1397 1079 1426 est
1098 1388 1251 1426 liberior
1270 1388 1392 1425 omni-

328 1444 399 1480 bus
428 1443 667 1489 animalibus,
697 1450 852 1491 propter
875 1442 1037 1479 liberum
1058 1441 1266 1488 arbitrium,
1287 1441 1391 1490 quod

327 1509 418 1546 prae
448 1496 527 1533 aliis
556 1496 781 1533 animalibus
810 1496 935 1533 habet.
967 1496 1065 1532 Cum
1095 1494 1204 1543 igitur
1224 1494 1296 1531 alia
1315 1495 1391 1532 ani-

328 1549 442 1586 malia
457 1561 536 1586 non
551 1549 760 1586 subdantur
775 1548 846 1596 legi
866 1549 1036 1596 naturali,
1053 1561 1124 1584 nec
1143 1549 1262 1585 homo
1283 1547 1393 1585 alicui

327 1603 399 1650 legi
429 1602 587 1639 naturali
615 1601 787 1638 subditur
807 1606 835 1638 α.

383 1657 457 1692 SED
486 1667 631 1692 CONTRA
659 1667 725 1691 EST
753 1654 870 1703 quod,
899 1656 1011 1691 Rom.
1033 1667 1068 1701 11,
1098 1666 1212 1703 super
1240 1653 1330 1691 illud
1349 1655 1391 1702 ⁴⁵,

334 1710 428 1746 Cum
456 1714 597 1758 gentes,
623 1718 724 1756 'quae
749 1708 873 1756 legem
902 1719 976 1744 non
1005 1708 1152 1753 habent,
1173 1707 1395 1744 naturaliter

329 1774 374 1799 ea
403 1773 500 1810 quae
527 1761 620 1811 legis
645 1767 732 1797 sunt
756 1761 932 1808 faciunt,
964 1760 1052 1798 dicit
1081 1761 1218 1797 Glossa
1245 1760 1286 1796 *ε
1314 1761 1397 1797 Etsi

330 1827 403 1852 non
433 1815 571 1851 habent
595 1814 717 1863 legem
745 1814 935 1861 scriptam,
964 1814 1102 1850 habent
1127 1819 1251 1850 tamen
1272 1813 1393 1863 legem

330 1867 554 1913 naturalem,
584 1879 658 1915 qua
687 1867 840 1915 quilibet
865 1866 1038 1916 intelligit
1062 1872 1099 1903 et
1122 1867 1195 1903 sibi
1226 1867 1395 1903 conscius

329 1927 384 1958 est
409 1921 499 1969 quid
524 1920 572 1957 sit
597 1921 736 1957 bonum
765 1925 801 1956 et
826 1920 917 1968 quid
942 1919 1098 1956 malum.

383 1975 609 2011 Responmzo
628 1985 813 2010 DICENDUM
832 1973 949 2021 quod,
971 1973 1065 2009 sicut
1084 1984 1198 2021 supra
1212 1971 1232 1994 ’¹‘
1252 1972 1393 2009 dictum

331 2034 397 2074 est,
418 2027 490 2073 lex,
512 2039 599 2063 cum
629 2026 673 2062 sit
692 2026 821 2073 regula
841 2033 878 2062 et
897 2037 1089 2072 mensura,
1111 2025 1309 2074 dupliciter
1326 2037 1395 2074 po-

330 2087 400 2117 test
420 2092 503 2116 esse
531 2079 570 2116 in
599 2079 746 2128 aliquo:
775 2091 854 2116 uno
876 2078 1008 2125 modo,
1031 2078 1126 2115 sicut
1145 2078 1183 2115 in
1204 2079 1395 2126 regulante

331 2140 367 2170 et
395 2139 659 2179 mensurante3
690 2132 763 2169 alio
796 2132 937 2178 modo,
967 2131 1062 2168 sicut
1094 2132 1132 2168 in
1161 2131 1330 2179 regulato
1360 2137 1396 2168 et

331 2193 573 2232 mensurato,
603 2185 692 2234 quia
719 2185 946 2234 inquantum
970 2184 1168 2234 participat
1187 2183 1328 2233 aliquid
1347 2184 1395 2222 de

331 2240 460 2287 regula
479 2239 541 2276 vel
561 2250 752 2285 mensura,
774 2238 827 2275 sic
853 2238 1044 2286 regulatur
1061 2238 1125 2275 vel
1145 2244 1394 2274 mensuratur.

331 2292 443 2330 Unde
464 2304 551 2328 cum
570 2291 702 2328 omnia
727 2303 825 2339 quae
847 2291 1000 2328 divinae
1025 2290 1288 2340 providentiae
1309 2290 1396 2327 sub-

334 2345 484 2391 duntur,
507 2357 528 2381 a
547 2345 628 2392 lege
649 2352 801 2381 aeterna
825 2345 1044 2392 regulentur
1063 2351 1099 2381 et
1117 2350 1395 2390 mensurentur,

332 2405 374 2435 ut
403 2411 447 2434 ex
477 2397 582 2437 dictis
601 2397 621 2419 ’¹‘
649 2405 772 2446 patet;
803 2397 1048 2434 manifestum
1070 2403 1125 2433 est
1144 2395 1249 2446 quod
1269 2395 1398 2433 omnia

333 2450 557 2500 participant
576 2450 786 2499 aliqualiter
804 2451 929 2498 legem
949 2457 1155 2496 aeternam,
1172 2449 1398 2497 inquantum

335 2504 473 2542 scilicet
501 2516 545 2540 ex
574 2503 824 2552 impressione
861 2503 942 2540 eius
969 2504 1111 2540 habent
1138 2501 1398 2540 inclinationes

335 2557 373 2594 in
402 2557 575 2606 proprios
604 2564 709 2593 actus
739 2564 774 2594 et
801 2557 909 2594 fines.
941 2557 1041 2593 Inter
1070 2563 1194 2606 cetera
1223 2552 1351 2593 autem
1369 2552 1396 2601 β,

388 2662 415 2693 α)
435 2661 566 2686 subditur.
584 2674 603 2680 -
621 2660 741 2685 subditus
760 2663 799 2685 est
818 2660 846 2689 F.
865 2660 994 2685 subdetur
1013 2661 1060 2686 Pa.

1443 492 1633 530 rationalis
1662 500 1832 530 creatura
1853 491 2105 529 excellentiori
2125 493 2294 541 quodam
2311 495 2429 532 modo
2450 496 2509 533 di:

1442 545 1555 582 vinae
1576 545 1838 594 providentiae
1858 546 2038 592 subiacet,
2058 545 2284 593 inquantum
2305 553 2342 583 et
2363 546 2445 595 ipsa
2462 549 2506 586 fit

1443 598 1705 646 providentiae
1733 598 1933 647 particeps,
1955 596 2024 635 s'ibi
2043 598 2112 647 ipsi
2133 606 2168 635 et
2186 598 2267 635 aliis
2284 599 2503 647 providens.

1443 650 1555 687 Unde
1585 658 1620 687 et
1648 650 1686 687 in
1718 650 1801 699 ipsa
1837 651 2079 700 participatur
2114 651 2208 688 ratio
2237 659 2410 700 aeterna,
2438 665 2506 702 per

1443 715 1561 750 quam
1589 703 1704 740 habet
1728 705 1939 741 naturalem
1959 704 2246 741 inclinationem
2266 705 2315 742 ad
2335 705 2506 753 debitum

1444 763 1570 791 actum
1593 762 1628 791 et
1646 756 1777 792 finem.
1799 757 1847 792 Et
1867 756 1947 793 talis
1966 757 2199 806 participatio
2220 757 2311 805 legis
2330 765 2506 796 aeternae

1443 808 1481 845 in
1502 808 1672 845 rationali
1697 816 1868 845 creatura
1892 810 1952 846 lex
1979 810 2156 847 naturalis
2181 810 2316 848 dicitur
2336 811 2368 848 *.
2395 811 2505 850 Unde

1445 873 1532 897 cum
1561 860 1761 897 Psalmista
1789 861 1940 898 dixisset
1957 861 1998 910 *,
2027 863 2244 912 Sacrificale
2277 864 2505 912 sacrificium

1444 914 1614 960 iustitiae,
1635 913 1742 962 quasi
1762 913 1993 961 quibusdam
2013 916 2281 963 quaerentibus
2301 929 2400 964 quae
2419 924 2507 954 sunt

1442 966 1602 1004 iustitiae
1619 978 1746 1014 opera,
1764 966 1972 1014 subiungit:
1992 968 2109 1004 Multi
2121 969 2257 1015 dicunt,
2277 970 2368 1011 Quis
2387 976 2505 1007 osten-

1443 1020 1498 1056 dit
1522 1020 1628 1056 nobis
1646 1019 1776 1056 bona?
1802 1019 1862 1055 cui
1890 1020 2101 1067 quaestioni
2126 1023 2374 1070 respondens,
2396 1023 2504 1060 dicit:

1444 1073 1644 1122 Signatum
1664 1078 1718 1108 est
1733 1083 1847 1119 super
1865 1084 1933 1108 nos
1952 1072 2075 1109 lumen
2095 1074 2218 1111 vultus
2236 1076 2299 1121 tui,
2319 1077 2506 1113 Domine:

1444 1125 1552 1174 quasi
1581 1126 1711 1162 lumen
1740 1124 1893 1161 rationis
1925 1123 2125 1172 naturalis,
2155 1138 2231 1174 quo
2255 1127 2506 1166 discernimus

1445 1178 1535 1227 quid
1556 1178 1601 1214 sit
1620 1178 1767 1214 bonum
1789 1184 1824 1213 et
1847 1178 1991 1213 malum
2011 1182 2039 1224 Υ,
2068 1179 2174 1227 quod
2193 1180 2355 1227 pertinet
2373 1182 2422 1218 ad
2441 1194 2506 1219 na-

1444 1232 1604 1268 turalem
1633 1231 1768 1278 legem,
1798 1229 1889 1266 nihil
1917 1229 2018 1267 aliud
2038 1230 2084 1267 sit
2103 1242 2219 1279 quam
2238 1232 2435 1281 impressio
2455 1234 2507 1271 di-

1446 1284 1524 1321 vini
1552 1283 1704 1330 luminis
1733 1283 1771 1319 in
1795 1282 1917 1319 nobis.
1946 1283 2058 1320 Unde
2077 1291 2180 1332 patet
2197 1285 2304 1333 quod
2323 1286 2383 1323 lex
2401 1294 2507 1324 natu-

1446 1337 1532 1374 ralis
1548 1337 1639 1373 nihil
1659 1336 1761 1372 aliud
1778 1342 1832 1372 est
1847 1347 1964 1384 quam
1978 1336 2212 1386 participatio
2227 1337 2318 1385 legis
2332 1345 2508 1377 aeternae

1444 1390 1483 1427 in
1511 1389 1682 1426 rationali
1711 1395 1892 1426 creatura.

1498 1444 1557 1479 AD
1586 1454 1723 1479 PRIMUM
1751 1453 1848 1478 ERGO
1878 1453 2063 1479 mcENDUM
2091 1443 2196 1492 quod
2226 1443 2320 1480 ratio
2340 1443 2402 1481 illa
2419 1456 2509 1494 pro-

1446 1495 1598 1532 cederet
1614 1493 1639 1542 δ,
1670 1495 1699 1531 si
1728 1496 1787 1532 lex
1816 1495 1994 1532 naturalis
2023 1503 2121 1533 esset
2148 1495 2290 1544 aliquid
2316 1496 2509 1534 diversum

1446 1561 1469 1585 a
1487 1549 1568 1596 lege
1595 1555 1758 1585 aeterna.
1788 1548 1881 1584 Non
1901 1555 2029 1585 autem
2050 1555 2106 1585 est
2123 1548 2193 1585 nisi
2214 1549 2404 1598 quaedam
2422 1562 2510 1600 par-

1446 1601 1611 1650 ticipatio
1642 1601 1734 1649 eius,
1762 1608 1804 1637 ut
1832 1600 1974 1638 dictum
2004 1609 2059 1638 est
2076 1601 2107 1638 ²¹⁸.
2152 1604 2155 1607 “

1500 1657 1558 1691 An
1588 1666 1778 1691 SECUNDUM
1811 1664 1995 1691 DICENDUM
2033 1653 2138 1703 quod
2175 1653 2300 1691 omnis
2337 1655 2510 1704 operatio

1448 1707 1602 1744 rationis
1636 1715 1672 1744 et
1698 1707 1904 1743 voluntatis
1939 1706 2131 1743 derivatur
2166 1707 2205 1743 in
2237 1706 2348 1744 nobis
2385 1707 2433 1744 ab
2463 1719 2510 1746 eo

1448 1760 1552 1809 quod
1573 1767 1628 1797 est
1647 1759 1858 1797 secundum
1880 1767 2068 1807 naturam,
2088 1767 2130 1796 ut
2158 1771 2272 1809 supra
2289 1759 2311 1782 '⁸‘
2337 1760 2510 1799 habitum

1449 1821 1524 1850 est:
1555 1825 1644 1850 nam
1665 1813 1790 1849 omnis
1810 1812 2044 1849 ratiocinatio
2070 1812 2261 1850 derivatur
2280 1825 2303 1850 a
2321 1812 2523 1863 principiis.

1449 1866 1665 1903 naturaliter
1692 1865 1801 1914 notis,
1833 1873 1869 1902 et
1897 1865 2023 1903 omnis
2043 1865 2230 1914 appetitus
2249 1877 2385 1903 eorum
2413 1876 2512 1916 quae

1449 1927 1536 1956 sunt
1564 1919 1611 1956 ad
1639 1919 1775 1965 finem,
1807 1917 2010 1956 derivatur-
2026 1931 2048 1956 a
2076 1918 2235 1956 naturali
2263 1918 2431 1968 appetitu
2457 1919 2513 1957 ul-

1448 1972 1529 2009 timi
1557 1971 1656 2009 finis.
1686 1973 1735 2008 Et
1763 1971 1815 2008 sic
1838 1971 1951 2008 etiarn
1973 1978 2123 2020 oportet
2142 1971 2247 2020 quod
2265 1971 2388 2021 prima
2416 1971 2513 2010 dire-

1450 2025 1523 2062 ctio
1553 2032 1706 2061 actuum
1734 2031 1954 2062 nostrorum
1983 2024 2032 2062 ad
2059 2024 2191 2072 finem,
2217 2025 2285 2062 fiat
2301 2036 2371 2074 per
2389 2024 2513 2074 legem

1449 2078 1672 2115 naturalem.
2505 2110 2518 2131 ,Χ

1502 2132 1562 2168 An
1580 2142 1740 2167 TERT1UM
1759 2141 1944 2168 mcuNDUM
1964 2129 2069 2179 quod
2089 2129 2202 2167 etiam
2227 2129 2406 2167 animalia
2425 2129 2524 2180 irre-j

1449 2183 1601 2220 tionalia
1621 2183 1846 2232 participant
1867 2183 2056 2220 rationem
2076 2190 2270 2220 aeternam
2291 2195 2361 2220 suo
2381 2182 2514 2232 modo,

1450 2236 1546 2273 sicut
1583 2243 1619 2273 et
1652 2236 1843 2273 rationalis
1881 2243 2062 2273 creatura.
2094 2235 2171 2273 Sed
2199 2235 2288 2286 quia
2323 2235 2516 2274 rationalis

1451 2296 1620 2326 creatura
1648 2289 1846 2338 participat
1865 2301 1952 2326 eam
1980 2288 2278 2327 intellectualiter
2298 2296 2335 2326 et
2353 2289 2516 2328 rationa-

1450 2343 1543 2389 liter,
1573 2342 1660 2379 ideo
1689 2341 1925 2391 participatio
1953 2342 2046 2390 legis
2074 2349 2249 2380 aeternae
2278 2341 2316 2379 in
2345 2348 2517 2380 creatura

1451 2395 1621 2432 rationali
1644 2395 1795 2443 proprie
1821 2396 1880 2432 lex
1897 2403 2080 2432 vocatur:
2110 2407 2200 2432 nam
2219 2396 2279 2432 lex
2301 2402 2356 2432 est
2375 2394 2517 2443 aliquid
2566 2397 2570 2401 '

1452 2448 1618 2495 rationis,
1638 2455 1680 2484 ut
1706 2460 1820 2496 supra
1833 2447 1854 2470 *
1874 2447 2017 2485 dictum
2037 2455 2104 2484 est.
2134 2449 2177 2484 In
2197 2455 2369 2485 creatura
2388 2455 2516 2485 autem

1452 2501 1655 2538 irrationali
1679 2513 1758 2538 non
1776 2500 2020 2550 participatur
2039 2500 2288 2538 rationaliter:
2317 2501 2419 2538 unde
2439 2512 2517 2538 non

1452 2561 1577 2603 potest
1606 2554 1677 2591 dici
1705 2555 1765 2590 lex
1791 2553 1862 2591 nisi
1889 2565 1958 2602 per
1986 2553 2281 2591 similitudinem.

1507 2659 1533 2691 γ)
1553 2659 1661 2683 malum.
1679 2673 1698 2677 -
1716 2659 1780 2691 quid
1800 2659 1899 2684 malum
1919 2659 1992 2684 Pfla.

2531 817 2543 828 ⁸
2557 816 2586 838 D.
2599 816 2653 839 808.

2532 870 2542 879 ·
2550 868 2636 891 Psalm.
2643 874 2675 896 xv,
2682 874 2744 891 ven.

2537 1612 2546 1622 ·
2560 1610 2587 1634 lu
2601 1616 2709 1640 corpore.

2536 1770 2549 1782 ³
2563 1770 2612 1799 Qu.
2625 1775 2650 1798 x,
2664 1773 2707 1792 ιη.
2722 1775 2738 1792 ι.

2543 2454 2554 2465 ·
2569 2453 2618 2482 Qu.
2628 2458 2667 2481 xc,
2681 2456 2725 2476 m.
2738 2459 2756 2475 ι.

389 2696 413 2730 β)
433 2700 532 2722 autem.
550 2710 568 2715 —-
584 2699 672 2721 autem
692 2696 772 2720 etiam
792 2696 994 2731 ABCDGHlLa.
1375 2678 1378 2681 -
1426 2658 1430 2723 i
1508 2693 1532 2726 ὃ)
1548 2695 1715 2726 procederet.
1732 2708 1752 2713 -
1765 2694 1890 2726 procedit
1909 2694 2149 2732 AtJCDEFGHKL.

1143 2835 1460 2878 ARTICULUS
1489 2834 1717 2876 TERTIUS

1056 2930 1213 2961 UTRUM
1236 2930 1303 2960 SIT
1326 2929 1491 2966 ALIQUA
1510 2928 1595 2959 Lux
1613 2928 1802 2959 HUMANA

1264 3007 1343 3038 Infra,
1363 3015 1407 3040 qu.
1425 3014 1484 3038 xcv,
1504 3011 1551 3031 art.
1574 3014 1596 3031 1.

371 3109 431 3147 ἡ»
455 3116 509 3137 ‚a
551 3101 574 3126 D
593 3100 753 3125 TERTIUM
772 3099 825 3124 sm
849 3098 1090 3124 PRocumrua.
1118 3086 1278 3124 Videtur
1301 3085 1405 3135 quod

370 3137 528 3202 <7¹³
553 3154 630 3179 non
660 3141 705 3178 sit
736 3141 862 3190 aliqua
894 3141 953 3178 lex
986 3140 1166 3177 humana.
1196 3140 1276 3176 Lex
1305 3139 1406 3176 enim

358 3180 732 3243 ‘'pv''naturalis
760 3202 816 3231 est
843 3193 1078 3242 participatio
1107 3192 1197 3241 legis
1217 3200 1405 3240 aeternae,

399 3223 596 3284 §³ka
624 3247 765 3284 dictum
795 3254 851 3283 est
868 3246 899 3283 ²⁸.
931 3247 1007 3283 Sed
1035 3258 1105 3295 per
1132 3247 1255 3294 legem
1288 3253 1406 3282 aeter-

345 3311 435 3336 nam
456 3300 581 3336 omnia
595 3306 682 3336 sunt
699 3300 987 3346 ordinatissima,
1003 3307 1046 3336 ut
1059 3299 1292 3347 Augustinus
1308 3298 1406 3346 dicit,

345 3352 383 3389 in
411 3353 426 3387 I
447 3352 492 3388 de
510 3353 592 3388 Lib.
613 3354 705 3389 Arb.
726 3352 746 3374 '¹‘
774 3353 876 3400 Ergo
906 3353 964 3389 lex
993 3352 1172 3389 naturalis
1200 3351 1339 3389 sufficit
1358 3351 1407 3389 ad

347 3404 476 3442 omnia
503 3405 672 3441 humana
705 3405 926 3442 ordinanda.
957 3406 1048 3442 Non
1077 3412 1132 3441 est
1160 3417 1249 3453 ergo
1278 3416 1407 3442 neces-

347 3457 487 3495 sarium
516 3457 622 3505 quod
649 3457 693 3493 sit
721 3457 844 3505 aliqua
873 3458 931 3493 lex
960 3458 1140 3494 humana.

1513 3097 1547 3123 2.
1568 3087 1801 3132 PRAETEREA,
1823 3085 1881 3122 lex
1901 3085 2016 3121 habet
2041 3084 2227 3122 rationem
2247 3097 2461 3133 mensurae,
2480 3081 2523 3129 utv

1460 3138 1602 3176 dictum
1622 3146 1678 3175 est
1695 3138 1726 3176 ⁵⁸.
1758 3138 1834 3176 Sed
1863 3138 1957 3175 ratio
1981 3138 2150 3175 humana
2169 3150 2248 3176 non
2268 3146 2324 3176 est
2341 3149 2522 3176 mensura
2547 3145 2557 3155 ·
2571 3144 2620 3172 Qu·
2633 3150 2671 3172 xc,
2686 3147 2729 3166 nrt·
2743 3150 2760 3166 ι-
2791 3181 2795 3183 -

1459 3204 1600 3240 rerum,
1621 3192 1689 3229 sed
1707 3191 1835 3240 potius
1855 3204 1875 3228 e
1895 3203 2095 3239 converso,
2111 3198 2153 3229 ut
2171 3191 2211 3229 in
2229 3192 2264 3228 X
2278 3189 2522 3240 Metaphys!
2546 3197 2742 3220 ’5-’Πι-1εα-ιι·

105 3259 115 3268 ·
129 3257 182 3278 Art·
196 3254 302 3283 praeced·
1461 3245 1605 3282 dicitur.
1635 3245 1737 3292 Ergo
1768 3257 1814 3281 ex
1837 3244 1982 3282 ratione
2001 3245 2171 3281 humana
2190 3244 2293 3281 nulla
2310 3244 2370 3281 lex
2387 3255 2521 3292 proce—
2547 3256 2564 3278 ¹.
2581 3257 2604 3273 n·
2620 3256 2653 3278 u-

1461 3298 1550 3335 dere
1607 3305 1714 3334 otest.
2454 3330 2455 3333 ,

1516 3352 1549 3388 3.
1576 3310 1809 3397 llgRAETEREA,
1843 3362 2024 3387 mensura
2051 3350 2165 3387 debet
2193 3361 2274 3386 esse
2303 3347 2520 3396 certissima,

1460 3411 1502 3441 ut
1529 3404 1663 3441 dicitur
1681 3404 1719 3440 in
1739 3404 1773 3440 X
1792 3404 2009 3452 Metaphys.
2029 3402 2050 3425 '⁸‘
2079 3402 2156 3439 Sed
2175 3401 2364 3461 dictamen
2386 3401 2520 3438 huma·
2549 3408 2632 3464 albid-
2647 3420 2659 3426 -
2673 3407 2761 3432 nid-n·

1461 3469 1532 3494 nae
1562 3456 1716 3494 rationis
1743 3457 1790 3494 de
1819 3456 1932 3493 rebus
1953 3454 2127 3503 gerendis
2147 3461 2203 3491 est
2228 3461 2435 3500 lncertum3
2465 3466 2522 3490 se-

104 3362 115 3373 *
132 3361 190 3389 cap.
204 3367 236 3383 vr.

2547 3224 2600 3246 nid.
2608 3223 2697 3252 usu,
2707 3208 2760 3252 αρ’.
2823 3207 2826 3212 ’
