2840 4010
349 133 421 178 346

1022 131 1287 177 QUAESTIO
1319 131 1457 177 cxw,
1487 131 1783 168 ARTmULUS
1813 133 1843 168 11

1110 264 1427 306 ARTICULUS
1457 265 1755 307 SECUNDUS

712 366 868 396 UTRUM
891 366 1063 403 ALIQUIS
1088 366 1372 397 SINEGRATIA
1394 366 1540 398 POSSIT
1564 367 1726 398 MERERI
1750 367 1888 398 VITAM
1911 367 2152 398 AETERNAM

1117 454 1213 486 Supra,
1234 461 1279 486 qu.
1299 461 1353 485 cxx,
1372 458 1418 479 art.
1439 454 1466 484 5,
1486 460 1512 480 et
1530 455 1593 480 locis
1612 455 1646 480 ibi
1665 455 1756 480 citatis.

397 586 406 593 “
511 566 523 570 --
554 554 575 578 D
591 553 779 578 SECUNDUM
795 553 848 577 SIC
865 552 1104 578 PROCEDITUR.
1121 541 1281 578 Videtur
1295 542 1401 590 quod

394 593 420 615 ·'
470 595 531 643 ‘5³⁴2
554 594 687 642 aliquis
716 594 796 631 sine
826 594 943 642 gratia
970 594 1090 642 possit
1118 594 1255 631 mereri
1281 594 1400 632 vitam

380 681 385 695 x
407 663 476 691 ,un
502 653 759 690 (aeternam.
791 648 885 684 Illud
910 647 1013 683 enirn
1033 647 1152 683 homo
1174 660 1196 684 a
1215 649 1300 684 Deo
1321 660 1402 685 me-

401 676 460 728 §t
513 692 655 737 Kretur
674 700 722 736 ad
752 700 856 748 quod
877 699 1055 737 divinitus
1081 700 1286 748 ordinatur,
1308 702 1403 738 sicut

106 762 180 783 ·Ar1.
195 760 300 788 praeced·
344 751 485 788 dictum
517 761 572 789 est
594 752 624 789 ³²⁶.
657 753 732 789 Sed
761 753 881 790 homo
910 753 1122 790 secundum
1151 766 1261 790 suam
1295 761 1401 791 natu-

343 817 425 841 ram
455 805 651 842 ordinatur
679 806 728 842 ad
757 806 1029 844 beatitudinem
1059 806 1155 843 sicut
1182 807 1230 844 ad
1259 807 1399 845 finem:

342 858 442 895 unde
473 858 584 894 etiarn
613 859 829 895 naturaliter
857 859 999 908 appetit
1022 871 1104 896 esse
1124 860 1267 896 beatus.
1298 861 1400 908 Ergo

341 912 460 947 homo
490 924 559 960 per
587 924 656 948 sua
684 912 887 959 naturalia,
923 913 1067 961 absque
1095 912 1233 960 gratia,
1263 913 1400 951 mereri

342 971 465 1013 potest
493 964 778 1012 beatitudinem,
809 977 906 1014 quae
937 974 992 1002 est
1018 965 1096 1002 vita
1125 974 1289 1003 aeterna.

397 1029 432 1054 2.
461 1018 703 1064 PRAETEREA,
737 1018 840 1055 idem
876 1031 974 1067 opus
1006 1025 1148 1067 quanto
1188 1026 1244 1056 est
1276 1019 1402 1056 minus

343 1070 527 1118 debitum,
557 1078 660 1107 tanto
683 1078 738 1108 est
757 1071 877 1119 magis
898 1071 1147 1112 meritorium.
1179 1072 1255 1109 Sed
1275 1072 1402 1109 minus

343 1123 513 1160 debitum
548 1131 603 1160 est
631 1125 778 1162 bonum
814 1124 919 1172 quod
953 1125 996 1161 fit
1028 1125 1075 1161 ab
1106 1137 1152 1161 eo
1181 1124 1245 1173 qui
1279 1125 1403 1162 mino-

342 1177 445 1213 ribus
474 1177 667 1213 beneficiis
700 1185 756 1213 est
787 1185 1028 1225 praeventus.
1065 1177 1164 1214 Cum
1198 1177 1308 1224 igitur
1343 1177 1402 1215 ille

342 1230 406 1278 qui
426 1231 540 1266 habet
559 1230 684 1266 solum
705 1231 808 1266 bona
828 1230 1022 1276 naturalia,
1045 1229 1195 1267 minora
1215 1231 1402 1267 beneficia

341 1283 387 1319 sit
420 1290 645 1319 consecutus
674 1295 695 1319 a
724 1284 809 1320 Deo
838 1295 955 1331 quam
984 1282 1044 1319 ille
1078 1283 1144 1330 qui
1173 1295 1261 1320 cum
1295 1291 1403 1320 natu-

341 1335 482 1373 ralibus
510 1336 625 1372 habet
652 1336 829 1383 gratuita;
858 1336 1010 1373 videtur
1037 1336 1141 1384 quod
1176 1336 1256 1373 eius
1285 1349 1403 1385 opera

341 1390 413 1426 sint
441 1389 543 1437 apud
571 1390 698 1425 Deum
727 1389 847 1437 magis
876 1389 1078 1427 meritoria.
1109 1390 1158 1426 Et
1186 1389 1250 1436 ita,
1281 1389 1312 1426 si
1343 1389 1401 1426 ille

342 1442 406 1492 qui
434 1442 549 1478 habet
576 1442 755 1489 gratiam,
785 1450 910 1492 potest
943 1443 1082 1479 mereri
1115 1442 1243 1490 aliquo
1282 1443 1400 1480 modo

340 1496 459 1533 vitam
489 1502 694 1543 aeternam,
725 1496 844 1532 multo
868 1495 988 1542 magis
1008 1495 1066 1532 ille
1092 1495 1157 1543 qui
1177 1508 1254 1532 non
1274 1496 1400 1533 habet.

397 1550 431 1586 3.
452 1549 685 1595 PRAETEREA,
707 1548 966 1585 misericordia
995 1555 1031 1585 et
1051 1548 1251 1586 liberalitas
1271 1548 1344 1585 Dei
1362 1549 1401 1586 in

342 1601 531 1639 infinitum
566 1602 714 1638 excedit
748 1601 1046 1639 misericordiam
1077 1610 1114 1639 et
1140 1601 1400 1639 liberalitatem

341 1656 564 1692 humanam.
601 1655 676 1692 Sed
709 1667 809 1692 unus
843 1656 964 1692 homo
1001 1663 1125 1703 potest
1153 1655 1256 1704 apud
1285 1655 1400 1692 alium

342 1708 491 1755 mereri,
516 1708 628 1744 etiam
649 1707 678 1744 si
699 1720 897 1756 nunquam
917 1721 1028 1746 suam
1047 1708 1205 1756 gratiam
1229 1715 1317 1744 ante
1336 1709 1402 1745 ha-

342 1761 475 1798 buerit.
512 1762 613 1808 Ergo
646 1761 798 1798 videtur
834 1762 940 1810 quod
973 1762 1093 1798 multo
1128 1761 1247 1809 magis
1281 1761 1401 1798 homo

342 1815 485 1862 absque
500 1814 616 1862 gratia
632 1814 749 1851 vitam
766 1822 961 1852 aeternam
976 1814 1096 1864 possit
1111 1827 1133 1852 a
1149 1816 1233 1852 Deo
1251 1813 1400 1851 mereri.

396 1868 469 1904 SED
490 1879 635 1904 CONTRA
654 1879 720 1904 1-:sT
735 1868 840 1915 quod
854 1869 1063 1917 Apostolus
1080 1868 1178 1915 dicit,
1194 1866 1400 1905 Rom.V1*:

345 1921 477 1958 Gratia
506 1922 582 1957 Dei
606 1921 681 1958 vita
710 1926 876 1958 aeterna.

395 1975 619 2011 RESPONDEO
639 1986 823 2011 DtCENDUM
847 1975 953 2022 quod
981 1974 1149 2011 hominis
1177 1973 1257 2010 sine
1286 1973 1402 2021 gratia

343 2027 481 2076 duplex
510 2035 626 2064 status
656 2027 886 2064 considerari
909 2035 1044 2077 potest,
1066 2028 1161 2065 sicut
1180 2038 1295 2075 supra
1309 2025 1329 2048 ²⁶
1349 2026 1402 2063 di-

343 2088 446 2117 ctum
475 2088 550 2117 est:
581 2092 678 2117 unus
707 2080 863 2130 quidem
893 2088 1049 2118 naturae
1078 2081 1256 2128 integrae,
1283 2079 1403 2128 qualis

342 2134 409 2170 fuit
428 2133 466 2170 in
485 2133 611 2170 Adam
632 2141 718 2170 ante
738 2141 959 2182 peccatum3
981 2134 1074 2171 alius
1095 2141 1222 2171 autem
1248 2140 1409 2170 naturae,

343 2194 563 2235 corruptae,
593 2187 687 2223 sicut
716 2195 771 2223 est
803 2187 840 2223 in
869 2187 980 2224 nobis
1008 2195 1094 2224 ante
1125 2186 1402 2235 reparationem

343 2240 493 2288 gratiae.
524 2240 564 2276 Si
593 2252 682 2287 ergo
715 2241 919 2288 loquamur
952 2240 999 2277 de
1028 2240 1184 2277 homine
1219 2247 1402 2287 quantum

343 2293 391 2330 ad
420 2293 588 2342 primum
622 2300 782 2339 statum,
812 2293 865 2330 sic
891 2305 969 2330 una
998 2293 1142 2331 ratione
1172 2305 1250 2330 non
1278 2299 1403 2341 potest

343 2346 480 2383 mereri
510 2346 652 2395 absque
682 2346 799 2394 gratia
826 2346 946 2383 vitam
981 2355 1176 2384 aeternam
1211 2358 1281 2395 per
1307 2357 1403 2395 pura

342 2399 525 2436 naturalia
542 2398 573 2436 ²⁸.
600 2399 700 2446 QuIa
719 2399 859 2437 scilicet
878 2399 1056 2437 meritum
1075 2399 1242 2436 hominis
1262 2399 1403 2448 depen-

344 2453 406 2490 det
435 2465 479 2489 ex
506 2452 839 2501 praeordinatione
868 2453 1006 2490 divina.
1037 2455 1154 2490 Actus
1183 2460 1312 2489 autem
1339 2464 1403 2488 cu-

342 2506 568 2554 iuscumque
597 2506 649 2542 rei
679 2518 755 2542 non
777 2506 973 2543 ordinatur
993 2506 1172 2543 divinitus
1192 2505 1239 2542 ad
1260 2504 1402 2554 aliquid

343 2560 530 2596 excedens
559 2559 846 2607 proportionem
874 2559 1022 2596 virtutis
1050 2571 1149 2608 quae
1184 2566 1239 2595 est
1266 2558 1402 2607 princi-

342 2612 449 2661 pium
479 2620 604 2649 actus:
633 2612 708 2648 1100
737 2612 837 2649 enim
860 2619 915 2649 est
935 2624 979 2649 ex
999 2611 1229 2649 institutione
1250 2611 1402 2648 divinae

342 2665 615 2713 providentiae,
645 2673 687 2702 ut
713 2665 804 2702 nihil
824 2673 909 2713 agat
927 2666 1023 2702 ultra
1044 2678 1154 2702 suam
1174 2665 1353 2702 virtutem
1368 2663 1400 2701 ²¹².

342 2719 427 2756 Vita
455 2726 583 2755 autem
613 2726 766 2755 aeterna
799 2726 854 2755 est
887 2719 1083 2766 quoddam
1117 2719 1263 2755 bonum
1297 2729 1403 2755 exce-

343 2773 437 2809 dens
464 2771 753 2820 proportionem
781 2779 936 2808 naturae
967 2779 1133 2808 creatae:
1167 2771 1255 2820 quia
1290 2771 1403 2808 etiam

102 1876 113 1887 ¹*
128 1875 194 1897 Vers.
209 1882 241 1904 ²3-
269 1885 272 1887 ·

103 2039 113 2050 ⁸¹
124 2039 171 2066 Qu.
183 2044 228 2066 cix,
241 2042 282 2060 art.
293 2045 313 2060 2.

396 2886 423 2921 α)
443 2886 513 2911 vitae
531 2889 665 2910 aeternae.
682 2899 700 2904 -
719 2885 781 2910 Om.
799 2885 830 2910 E.
849 2899 866 2903 -
886 2885 935 2909 Pro
954 2885 1064 2916 aliquod
1080 2876 1287 2917 supernaturale
1297 2885 1404 2914 donum,

342 2922 444 2955 aliquid
462 2921 666 2954 supernaturale
685 2920 804 2945 divinum
823 2919 996 2945 ABCDGHL.

1456 543 1601 580 excedit
1621 543 1875 590 cognitionem
1892 551 1929 580 et
1949 542 2180 580 desiderium
2198 542 2288 590 eius,
2305 541 2518 580 secundum

1455 596 1547 633 illud
1577 598 1589 632 I
1615 597 1666 632 ad
1688 597 1774 632 Cor.
1800 608 1823 632 11
1846 596 1887 633 *z
1915 596 2001 633 Nec
2028 595 2157 632 oculus
2184 595 2289 640 vidit,
2320 606 2388 632 nec
2415 595 2520 632 auris

1455 649 1609 694 audivit,
1639 649 1762 685 necin
1782 660 1850 685 cor
1876 649 2037 686 hominis
2064 648 2239 686 ascendit.
2270 649 2320 685 Et
2347 647 2436 685 inde
2465 657 2520 686 est

1456 702 1560 750 quod
1580 702 1681 738 nulla
1701 708 1834 737 natura
1854 709 1978 738 creata
1999 709 2054 738 est
2077 701 2269 738 sufficiens
2288 700 2517 750 principium

1456 762 1560 791 actus
1589 753 1768 791 meritorii
1796 754 1898 790 vitae
1926 762 2102 791 aeternae
2128 759 2161 802 α,
2190 754 2260 791 nisi
2287 753 2518 802 superadda-

1454 815 1516 844 tur
1548 807 1700 856 aliquod
1733 808 2016 855 supernaturale
2049 808 2218 855 donum,
2255 807 2361 855 quod
2401 807 2518 854 gratia

1456 861 1600 897 dicitur.
1907 870 1910 874 ·

1511 914 1551 950 Si
1577 925 1670 950 vero
1699 913 1903 960 loquamur
1925 913 1973 949 de
1992 912 2148 949 homine
2169 913 2240 949 sub
2261 919 2418 961 peccato
2441 913 2515 949 exi-

1457 974 1588 1013 stente,
1619 965 1768 1003 additur
1792 977 1879 1001 cum
1899 965 1972 1001 hac
1990 963 2005 994 β
2033 965 2200 1002 secunda
2227 966 2334 1012 ratio,
2360 973 2518 1015 propter

1455 1019 1775 1068 impedimentum
1802 1017 1959 1066 peccati.
1990 1017 2090 1054 Cum
2120 1019 2221 1055 enim
2251 1026 2450 1068 peccatum
2470 1018 2518 1056 sit

1457 1073 1648 1121 quaedam
1677 1070 1750 1108 Dei
1780 1069 1927 1108 offensa
1956 1070 2160 1108 excludens
2189 1083 2212 1108 a
2237 1071 2316 1109 vita
2344 1079 2515 1118 aeterna,

1455 1133 1497 1162 ut
1524 1132 1627 1174 patet
1653 1137 1722 1172 per
1745 1123 1960 1171 supradicta
1978 1122 2014 1169 *;
2043 1123 2168 1161 nullus
2196 1123 2235 1161 in
2254 1131 2351 1161 statu
2370 1124 2516 1173 peccati

1457 1179 1618 1215 existens
1645 1184 1769 1225 potest
1796 1176 1914 1213 vitam
1940 1183 2134 1213 aeternam
2153 1177 2302 1223 mereri,
2323 1177 2393 1214 nisi
2411 1177 2517 1226 prius

1456 1232 1540 1268 Deo
1570 1229 1843 1276 reconcilietur,
1865 1229 2020 1266 dimisso
2048 1237 2219 1279 peceato,
2245 1230 2351 1277 quod
2379 1230 2422 1266 fit
2448 1242 2530 1279 per,

1455 1285 1626 1332 gratiam.
1655 1282 1852 1319 Peccatori
1889 1281 1990 1319 enim
2027 1294 2105 1319 non
2135 1282 2295 1319 debetur
2321 1283 2419 1330 vita,
2449 1282 2516 1320 sed

1457 1350 1579 1382 mors;
1610 1335 1823 1373 secundum
1851 1335 1943 1372 illud
1969 1337 2082 1373 Rom.
2102 1347 2138 1372 vl
2156 1334 2192 1372 *ε
2217 1336 2408 1384 Stipendia
2429 1348 2529 1385 pecz.

1456 1391 1531 1428 cati
1556 1401 1670 1427 mors.

1508 1445 1567 1480 An
1588 1454 1723 1479 PRIMUM
1743 1453 1841 1478 ERGO
1859 1452 2046 1478 moi-:NDUM
2070 1441 2174 1490 quod
2194 1443 2300 1478 Deus
2327 1441 2528 1478 ordinavit.

1455 1497 1666 1533 humanam
1690 1502 1865 1531 naturam
1894 1494 1942 1531 ad
1970 1495 2089 1532 finem
2107 1495 2210 1532 vitae
2229 1501 2405 1531 aeternae
2426 1504 2518 1531 con-

1456 1549 1695 1597 sequendum
1716 1559 1794 1584 non
1816 1547 1971 1596 propria
1989 1548 2139 1595 virtute,
2160 1549 2228 1585 sed
2247 1559 2316 1596 per
2334 1547 2529 1597 auxiliumj

1455 1602 1606 1650 gratiae.
1637 1602 1686 1638 Et
1713 1601 1788 1637 hoc
1816 1600 1936 1638 modo
1966 1600 2047 1638 eius
2066 1608 2177 1638 actus*
2190 1609 2316 1650 potest
2334 1613 2416 1639 esse
2435 1602 2526 1639 me-'

1456 1655 1604 1693 ritorius
1630 1654 1731 1691 vitae
1761 1661 1948 1690 aeternae.
2486 1676 2528 1693 ;

1508 1710 1567 1745 AD
1589 1719 1777 1744 SECUNDUM
1796 1718 1982 1744 mCENDUM
2008 1707 2114 1755 quod
2141 1707 2262 1743 homo
2291 1706 2372 1743 sine
2399 1705 2530 1754 gratia·

1456 1773 1535 1798 non
1563 1768 1687 1810 potest
1714 1760 1855 1796 habere
1885 1761 2043 1808 aequale
2072 1771 2170 1808 opus
2194 1759 2300 1808 operi
2333 1759 2440 1809 quod
2471 1768 2527 1801 exj

1456 1814 1573 1864 gratia
1601 1813 1792 1863 procedit:
1823 1813 1910 1862 quia
1939 1821 2080 1862 quanto
2110 1820 2166 1850 est
2193 1811 2395 1861 perfectius
2413 1809 2518 1861 prin·

1457 1867 1598 1916 cipium
1619 1865 1788 1912 actionis,
1809 1873 1913 1902 tanto
1935 1873 1990 1903 est
2007 1865 2211 1915 perfectior
2229 1865 2340 1903 actio.
2371 1862 2527 1913 Sequea,

1457 1929 1560 1958 retur
1583 1928 1710 1956 autern
1739 1919 1844 1967 ratio,
1865 1919 2062 1968 supposita
2085 1919 2309 1968 aequalitate
2327 1918 2523 1967 operatio-

1457 1974 1514 2013 nis
1540 1973 1755 2021 utrobique.
2345 1999 2347 2002 ψ

1510 2029 1569 2063 An
1597 2037 1756 2063 TERTIUM
1785 2036 1970 2062 DlCENDUM
2007 2025 2125 2073 quod,
2146 2031 2332 2074 quantum
2365 2024 2425 2074 ad,
2442 2023 2528 2074 pri-‘

1458 2091 1563 2127 marn
1593 2079 1779 2116 rationem
1809 2078 2003 2115 inductam
2030 2076 2062 2125 ²⁸,
2084 2077 2311 2116 dissimiliter
2339 2089 2379 2115 se
2403 2077 2520 2121 habet

1458 2133 1496 2171 in
1515 2134 1600 2171 Deo
1621 2140 1657 2169 et
1676 2132 1711 2169 in
1732 2131 2027 2168 hominefNam
2044 2131 2165 2168 homo
2191 2143 2349 2169 omnem
2368 2135 2384 2158 Υ
2402 2130 2529 2175 virm-.

1457 2194 1547 2223 tem·
1568 2185 1831 2236 benefaciendi
1865 2185 1981 2222 habet
2007 2196 2031 2221 a
2058 2185 2165 2231 Deo,
2200 2197 2280 2222 non
2312 2191 2442 2222 autem
2468 2184 2529 2222 ab*

1457 2239 1625 2276 homine.
1657 2239 1706 2274 Et
1733 2238 1820 2275 ideo
1842 2250 1863 2274 a
1883 2238 1967 2274 Deo
1992 2249 2071 2274 non
2093 2245 2219 2286 potest
2237 2238 2357 2286 homo
2377 2236 2529 2286 aliquidt

1457 2292 1595 2342 mereri
1623 2291 1693 2328 nisi
1721 2303 1790 2340 per
1818 2292 1964 2328 donum
1994 2290 2094 2327 eius:
2120 2291 2229 2339 quod
2246 2291 2454 2340 Apostolus
2473 2284 2529 2328 siss'

1457 2345 1615 2395 gnanter
1635 2343 1820 2393 exprimit,
1843 2343 1971 2381 dicens
1989 2343 2030 2380 ⁸¹:
2056 2343 2146 2386 Quis
2166 2345 2280 2393 prior
2297 2344 2398 2382 dedit
2421 2343 2474 2390 ei,
2487 2348 2526 2380 et

1458 2399 1684 2437 retribuetur
1716 2397 1800 2434 illi?
1832 2397 1910 2434 Sed
1942 2396 1990 2434 ab
2028 2397 2186 2434 homine
2222 2405 2351 2447 potest
2387 2395 2527 2445 aliquis

1458 2451 1596 2491 mereri
1625 2459 1829 2498 antequam
1862 2451 1910 2487 ab
1940 2462 1987 2487 eo
2017 2450 2222 2499 acceperit,
2251 2463 2323 2500 per
2349 2449 2387 2488 id
2415 2449 2522 2499 quod

1457 2504 1602 2553 accepit
1620 2517 1642 2540 a
1662 2505 1758 2540 Deo.

1511 2557 1587 2594 Sed
1608 2564 1792 2606 quantum
1813 2555 1862 2593 ad
1882 2555 2091 2593 secundam
2112 2556 2311 2602 rationem,
2330 2563 2529 2606 sumptam¹

1458 2622 1504 2648 ex
1522 2610 1796 2659 impedimento
1824 2608 1987 2658 peccati,
2016 2608 2136 2646 simile
2158 2617 2214 2646 est
2239 2610 2286 2648 de
2310 2607 2468 2650 homine
2489 2615 2529 2658 et¹

1459 2664 1506 2701 de
1535 2665 1640 2701 Deo:
1675 2663 1764 2711 quia
1798 2662 1912 2700 etiam
1941 2662 2061 2700 homo
2091 2662 2139 2700 ab
2168 2661 2241 2700 alio
2274 2662 2413 2709 mereri
2445 2674 2524 2709 non

1457 2724 1583 2766 potest
1619 2729 1735 2765 quern
1775 2715 1932 2753 offendit
1967 2715 2092 2764 prius,
2125 2715 2201 2753 nisi
2223 2715 2260 2753 ei
2294 2715 2531 2753 satisfaciens·

1458 2769 1730 2807 reconcilietur.
2511 2770 2514 2773 ’

1512 2881 1538 2917 β)
1558 2883 1616 2909 hac.
1635 2897 1653 2902 —
1671 2884 1720 2908 hoc
1739 2883 1796 2908 Pla.

1482 2938 1487 2942 .
1512 2918 1539 2953 γ)
1559 2925 1672 2943 omnem.
1690 2932 1708 2937 -
1727 2918 1788 2943 Om.
1807 2917 1858 2942 ΡΙ).

1019 2981 1350 3014 Commentaria
1373 2980 1622 3014 Cardmalis
1645 2980 1863 3013 Caietam,

376 3075 395 3094 N
420 3064 550 3094 articulo
571 3063 709 3094 secundo
730 3063 872 3093 eiusdem
895 3062 1099 3103 quaestionis,
1118 3062 1253 3093 dubium
1273 3060 1409 3092 occurrit

349 3076 415 3138 Ide
439 3107 666 3148 superfluitate:
694 3108 770 3148 quia
799 3109 920 3138 Auctor
950 3106 983 3136 in
1007 3106 1192 3147 quaestione
1224 3105 1407 3137 centesima-

347 3162 432 3182 nona
446 3151 464 3169 θ’
488 3152 624 3182 eundem
648 3149 817 3182 articulum
840 3151 952 3181 movit.

402 3196 451 3226 Ad
476 3196 536 3226 hoc
561 3195 672 3226 dicitur
696 3196 783 3236 quod
807 3205 873 3226 non
890 3194 1071 3226 inconvenit
1087 3194 1215 3224 diversis
1231 3193 1406 3225 rationibus

348 3239 381 3269 in
405 3239 531 3269 diversis
550 3239 627 3269 locis
647 3240 780 3270 eandem
795 3239 1015 3280 quaestionem
1032 3249 1169 3274 movere,
1186 3245 1222 3269 ut
1237 3237 1407 3279 unusquis-

348 3293 410 3323 que
434 3290 581 3313 tractatus
604 3283 722 3323 integer
745 3283 808 3314 fiat.
839 3284 925 3313 Haec
954 3293 1028 3320 ergo
1058 3283 1201 3323 quaestio
1232 3283 1270 3312 de
1293 3282 1408 3314 merito

347 3327 428 3357 vitae
453 3334 593 3357 aeternae
618 3337 672 3366 per
688 3328 828 3366 gratiam,
847 3334 951 3367 potest
967 3326 1133 3366 dupliciter
1148 3337 1320 3357 occurrere.
1344 3325 1408 3357 Pri-

349 3381 414 3407 mo,
440 3371 478 3400 de
502 3371 613 3401 merito
638 3371 823 3401 huiusmodi
843 3378 877 3400 ut
894 3371 986 3401 habet
1007 3371 1161 3400 rationem
1177 3370 1247 3400 finis
1263 3378 1406 3411 respectu

349 3414 473 3454 gratiae.
499 3415 539 3445 Et
562 3415 604 3444 sic
628 3422 746 3454 spectat
769 3416 807 3444 ad
831 3415 1051 3455 quaestionem
1076 3415 1114 3444 de
1138 3415 1319 3445 necessitate
1343 3425 1408 3454 gra-

349 3459 419 3496 tiae,
443 3468 524 3499 quae
548 3466 594 3489 est
617 3458 781 3488 necessitas
806 3469 841 3488 ex
858 3459 1086 3498 suppositione,
1104 3458 1220 3489 scilicet
1235 3459 1274 3488 ad
1290 3459 1407 3489 haben-

110 3157 118 3166 ·
133 3156 186 3177 Art.
199 3162 220 3183 5.

1463 3061 1540 3091 dum
1564 3060 1625 3090 tale
1645 3060 1737 3100 quid:
1758 3070 1839 3100 quae
1855 3066 1987 3091 vocatur
2002 3059 2169 3091 necessitas
2185 3059 2266 3091 finis.
2291 3059 2332 3091 Et
2347 3059 2410 3091 hoc
2425 3059 2524 3091 modo

1462 3105 1607 3145 superius
1630 3104 1708 3135 haec
1735 3104 1879 3145 quaestio
1902 3104 2069 3144 integravit
2091 3111 2258 3136 tractatum
2282 3105 2320 3135 de
2343 3103 2526 3135 necessitate

1461 3149 1588 3189 gratiae.
1604 3166 1625 3172 -
1638 3148 1796 3185 Secundo,
1813 3149 1852 3179 de
1876 3148 1990 3179 merito
2005 3148 2191 3179 huiusmodi
2207 3155 2243 3180 ut
2261 3147 2355 3180 habet
2369 3147 2526 3181 rationem

1462 3191 1589 3224 effectus
1613 3199 1756 3233 respectu
1775 3192 1903 3232 gratiae.
1927 3193 1968 3224 Et
1987 3192 2030 3223 sic
2045 3193 2096 3224 hic
2119 3199 2278 3229 tractatur,
2303 3193 2342 3223 ad
2365 3191 2524 3232 integrita-

1462 3243 1527 3268 tem
1545 3243 1693 3268 tractatus
1713 3237 1751 3268 de
1768 3237 1908 3268 secundo
1925 3236 2036 3268 effectu
2052 3237 2179 3277 gratiae,
2197 3237 2286 3278 quod
2298 3243 2344 3268 est
2358 3235 2522 3268 meritum:

1462 3288 1497 3312 ut
1520 3288 1605 3321 patet
1629 3287 1659 3312 et
1679 3291 1715 3311 ex
1729 3280 1820 3312 initio
1845 3287 1993 3312 tractatus
2016 3280 2122 3318 huius,
2148 3287 2179 3312 et
2196 3279 2409 3322 praecedentis
2426 3288 2523 3320 quae-

1462 3333 1582 3356 suoms.

1520 3370 1557 3400 11.
1583 3370 1618 3399 In
1642 3370 1756 3400 eodem
1779 3368 1911 3399 articulo
1937 3369 2076 3399 secundo
2100 3369 2226 3399 adverte
2249 3367 2347 3408 quod,
2371 3366 2446 3407 quia
2467 3377 2524 3397 nec

1462 3425 1499 3444 ex
1522 3414 1615 3444 titulo
1640 3413 1778 3449 articuli,
1804 3423 1861 3443 nec
1885 3423 1921 3443 ex
1944 3413 2065 3443 ratione
2087 3412 2179 3442 allata
2201 3412 2234 3442 in
2258 3411 2367 3446 littera,
2392 3411 2525 3441 habetur

1462 3459 1551 3498 quod
1574 3458 1625 3488 hic
1649 3458 1687 3488 sit
1715 3467 1819 3488 sermo
1844 3457 1882 3487 de
1906 3456 2047 3497 potentia
2070 3456 2129 3486 Dei
2152 3455 2312 3491 absoluta;
2337 3455 2391 3484 sed
2415 3455 2524 3485 titulus

2546 611 2556 620 ·
2570 610 2637 633 νει-ι.
2649 617 2673 639 9.

2544 1136 2756 1163 'Qua-numm.

2542 1168 2626 1211 {aas
2639 1168 2678 1190 ‘¹¹¹-
2690 1168 2754 1189 “¹¹¹2

2541 1350 2554 1362 ⁵
2568 1350 2636 1372 νει-ι.
2650 1351 2690 1373 cit.

2546 2092 2554 2102 ·
2569 2089 2596 2114 ln
2609 2095 2718 2118 corpore.

2639 2137 2658 2162 Υ

2548 2361 2558 2370 ·
2565 2358 2683 2386 Auleon„
2693 2364 2715 2380 0.
2726 2364 2760 2385 xi,

2547 2392 2609 2408 vers.
2622 2391 2656 2414 35.
