2840 4010
128 465 339 512 ‘Igsalmmvinvers

129 497 140 512 2
160 507 164 512 .

370 166 443 202 306

367 250 558 284 conceptum
581 242 691 278 finem,
716 242 891 272 secundum
914 239 1106 279 pronitatem
1130 247 1231 267 suam.
1258 237 1360 267 Cuius
1382 236 1424 266 si-

366 297 467 328 gnum
491 294 537 318 est
559 287 648 327 quod
667 286 700 316 in
724 284 902 324 repentinis,
922 283 955 312 in
971 282 1087 322 quibus
1111 282 1198 311 abest
1221 280 1425 320 praemedita-

367 332 427 368 tio,
451 332 551 362 homo
575 336 723 370 operatur
746 328 922 358 secundum
945 335 1037 356 suam
1060 324 1261 365 pronitatem.

421 375 578 406 Firmatur
596 382 726 414 quoque
749 371 875 411 sequela
899 380 935 400 ex
954 376 1041 409 parte
1066 368 1192 409 positivi
1213 367 1370 408 principii,
1387 377 1424 398 ex

367 419 550 450 auctoritate
573 416 759 456 Scripturae.
784 415 866 444 Nam
889 413 914 443 si
939 422 1013 443 cum
1037 412 1209 443 extrinseco
1224 417 1336 443 sancto
1351 421 1424 442 san-

367 468 437 494 ctus
460 463 538 500 eris,
563 466 593 491 et
615 470 686 490 cum
704 466 859 498 perverso
878 458 1075 496 perverteris
1096 455 1131 492 *,
1157 456 1325 496 quomodo
1350 465 1424 486 cum

366 506 534 537 intrinseco
557 512 702 544 perverso
726 501 798 537 fine,
822 510 877 531 seu
901 499 1024 535 affectu,
1041 509 1107 530 non
1122 497 1325 539 perverteris?
1339 517 1361 523 —
1377 499 1425 530 Ex

1050 159 1316 207 QUAESTIO
1346 159 1447 205 CIX,
1477 160 1773 197 ARTICULUS
1802 161 1888 198 VIII

1480 244 1607 278 oportet
1635 237 1822 269 destitutum
1853 238 2019 269 hominem
2047 239 2128 270 inter
2153 246 2215 277 tot,
2246 240 2466 282 praemeditari
2489 245 2544 270 aut

1479 282 1598 312 cadere.

1531 325 1615 356 XVI.
1640 326 1690 356 Ad
1719 325 1891 356 secundam
1921 325 2135 356 obiectionem
2154 326 2172 346 *
2194 326 2308 365 dicitur
2333 329 2438 369 quod,
2468 327 2543 358 licet

1479 369 1605 409 negatio
1624 370 1740 409 gratiae
1759 379 1825 399 non
1848 369 1961 400 inferat
1983 369 2064 400 hanc
2082 369 2314 409 impotentiam,
2338 372 2473 412 privatio
2497 378 2542 402 ta-

1478 423 1553 443 men
1577 413 1644 444 eius
1664 423 1701 444 ex
1723 413 1778 444 tali
1802 422 1905 449 causa,
1923 413 2039 444 scilicet
2055 419 2185 453 peccato
2207 415 2335 445 mortali
2349 415 2393 452 in,
2409 415 2542 446 homine

1478 457 1572 488 infert
1590 457 1686 488 talem
1701 457 1933 497 impotentiam.
1957 456 2009 488 Sic
2024 463 2132 488 autem
2152 466 2219 487 non
2235 464 2300 489 erat
2322 459 2449 500 negatio
2471 468 2542 499 gra-

1478 501 1539 532 tiae
1562 501 1594 531 in
1618 508 1729 532 natura
1751 501 1880 541 integra.
1905 519 1926 525 —
1950 501 2080 531 Falsum
2103 510 2234 542 quoque
2257 507 2305 532 est
2332 501 2421 542 quod
2443 502 2542 542 gratia

2571 338 2579 346 ’
2595 336 2630 359 Cf.
2644 341 2708 358 num.
2719 343 2741 359 v.

127 552 139 563 ⁴
165 551 186 573 Ο
203 567 209 573 -
237 551 268 573 lm
287 566 292 572 ·
316 551 339 580 in
366 557 454 590 parte
477 558 551 579 vero
568 545 719 587 privativi,
737 555 774 575 ex
793 544 976 574 auctoritate
996 543 1247 584 chrysostomi*
1265 543 1424 574 tractantis

128 577 340 625 ffssx'bfoffle'f
365 593 459 623 illud:
480 605 494 620 «
509 591 637 625 Solvite,
659 596 690 619 et
710 588 855 619 adducite
875 587 982 617 mihi*
996 600 1024 618 v.
1041 587 1146 623 Sicut,
1171 587 1290 628 inquit,
1315 588 1423 625 navis,

128 636 155 651 ⁸¹¹
174 630 244 656 ‘'⁰³³‘'
257 629 338 656 chrys.
356 637 470 677 fracto
485 634 717 676 gubernaculo,
742 641 805 662 non
820 641 882 672 quo
897 632 966 662 vult
981 631 1083 669 vadit,
1099 631 1156 662 sed
1170 641 1232 672 quo
1256 636 1425 671 tempestas

1478 555 1544 575 non
1568 545 1641 585 plus
1665 546 1717 576 det
1739 554 1837 586 quam
1853 544 2024 575 efficaciam
2047 545 2185 585 praecise
2201 545 2352 576 merendi.
2376 545 2440 576 Dat
2454 546 2540 576 enim

1478 589 1709 619 subiectionem
1732 589 1916 629 simpliciter
1938 588 2111 620 voluntatis
2134 588 2249 619 ultimo
2270 588 2327 619 fini
2355 598 2412 629 per
2433 589 2540 620 carita-

1477 640 1552 669 tem,
1577 639 1666 663 sanat
1688 639 1844 669 naturam,
1868 633 1996 664 adiuvat
2017 633 2108 669 vires,
2133 639 2164 663 et
2186 633 2330 664 illustrat.

127 656 139 668 ι
170 656 337 683 mh'cap'm’
1533 676 1670 707 Privatio
1695 685 1825 717 quoque
1849 677 2053 708 subiectionis
2077 676 2260 717 simpliciter
2282 676 2362 712 Deo,
2386 662 2459 707 licet
2481 683 2541 707 stet

129 688 187 703 vers.
198 688 219 703 2.

125 1337 135 1347 “
150 1336 185 1359 Cf.
197 1342 259 1358 num.
271 1342 302 1358 ιιι.

133 2828 141 2836 '
153 2827 187 2849 Cf.
204 2834 307 2849 num.1v.

365 680 518 720 impellit;
542 680 585 708 ita
609 678 716 713 homo,
741 676 869 706 divinae
895 676 1025 715 gratiae
1047 676 1171 705 auxilio
1188 675 1333 716 perdito,
1359 685 1422 706 non

364 724 434 764 agit
456 722 540 763 quod
563 721 641 758 vult,
665 720 721 750 sed
743 719 828 759 quod
849 719 996 749 diabolus
1014 720 1043 749 ei
1059 719 1202 750 intendit.
1230 719 1324 756 Quod
1343 719 1421 757 vult,

363 768 444 797 idest
460 766 547 806 quod
564 765 667 799 vellet,
693 764 870 794 secundum
885 762 1094 794 velleitatem:
1111 773 1177 793 non
1194 770 1299 793 tamen
1317 770 1425 803 peccat

363 811 489 845 invitus,
514 816 568 839 aut
590 808 750 847 impotens
773 807 835 837 hoc
858 816 944 837 nunc
963 807 1068 837 vitare.

420 853 564 884 Secunda
587 858 694 882 autem
717 851 845 891 sequela
868 852 1038 890 probatur,
1063 850 1138 891 quia
1156 851 1256 881 homo
1276 860 1342 880 non
1365 860 1423 891 po-

364 905 423 929 test
453 906 577 936 semper
607 902 686 926 stare
710 895 743 925 in
766 895 821 925 tali
851 894 1148 935 praemeditatione:
1174 902 1205 926 et
1227 902 1334 925 tamen
1365 894 1424 925 fre·

363 942 491 982 quentia
514 939 748 970 occurrentium
773 946 804 970 et
827 939 1072 979 provocantium
1095 945 1165 978 eget
1187 938 1314 969 assidua
1337 948 1424 979 prae-

363 985 567 1016 meditatione
594 990 630 1014 ut
652 983 786 1014 evitetur
808 983 941 1014 mortale
971 989 1137 1023 peccatum
1160 983 1199 1013 ab
1222 982 1354 1013 homine
1381 983 1425 1013 sic

363 1030 444 1060 male
468 1028 633 1069 disposito.

417 1074 504 1103 Haec
527 1078 574 1102 est
595 1071 675 1101 ratio
698 1071 832 1106 litterae,
857 1080 939 1111 quae
962 1070 1128 1101 manifeste
1151 1070 1311 1101 convincit
1336 1071 1425 1111 quod

361 1118 497 1148 liberum
516 1115 688 1151 arbitrium,
713 1125 788 1145 cum
810 1115 873 1145 hoc
889 1115 979 1155 quod
998 1121 1044 1145 est
1066 1114 1212 1150 liberum,
1229 1121 1359 1154 propter
1381 1121 1425 1145 ta-

362 1171 436 1192 men
460 1162 515 1191 has
539 1160 637 1190 malas
661 1158 885 1198 dispositiones
909 1165 939 1188 et
958 1158 1172 1194 conditiones,
1196 1158 1357 1198 impotens
1380 1165 1427 1189 est

363 1216 399 1236 ex
422 1215 454 1235 se
478 1205 517 1234 ad
546 1203 711 1234 vitandum
735 1202 789 1232 diu
818 1202 968 1238 mortale,
994 1202 1019 1232 si
1041 1202 1074 1231 in
1098 1202 1224 1232 mortali
1252 1202 1425 1233 commisso

362 1255 549 1290 perseverat.
1369 1261 1371 1263 ·

415 1293 498 1324 XIV.
523 1292 616 1322 Nunc
643 1297 784 1330 superest
811 1289 1043 1320 obiectionibus
1066 1289 1099 1319 in
1123 1289 1316 1320 contrarium
1339 1289 1427 1320 satis-

362 1337 471 1368 facere.
497 1336 538 1367 Et
554 1336 594 1365 ad
610 1335 692 1365 dicta
707 1333 855 1364 Auctoris
878 1333 910 1363 in
928 1334 954 1363 11
969 1333 1057 1364 Sent.
1073 1333 1100 1369 *,
1125 1333 1238 1364 dicitur
1262 1334 1352 1374 quod
1373 1334 1426 1365 hic

362 1387 524 1411 retractata
547 1385 636 1415 sunt;
661 1385 692 1409 et
714 1378 816 1418 prima
839 1377 930 1414 ratio,
956 1377 994 1408 de
1018 1377 1165 1408 facultate
1184 1377 1274 1408 liberi
1297 1377 1425 1415 arbitrii,

363 1425 467 1456 soluta
490 1424 523 1454 in
539 1422 746 1463 responsione
765 1422 806 1452 ad
824 1421 975 1462 primum,
993 1428 1023 1451 et
1038 1421 1177 1457 tertium,
1198 1427 1230 1452 et
1243 1421 1276 1451 in
1292 1431 1426 1462 corpore

363 1469 494 1500 articuli.
520 1468 612 1498 Unde
628 1466 741 1497 dicitur
756 1466 845 1506 quod
869 1465 985 1496 salvata
1007 1465 1133 1496 libertas
1157 1465 1225 1496 eius
1239 1464 1364 1496 infirma
1378 1466 1427 1496 in-

363 1513 421 1544 fert
445 1512 626 1543 facultatem
648 1510 769 1541 vitandi
792 1510 925 1550 singula,
946 1519 1013 1540 non
1032 1510 1140 1540 omnia
1159 1509 1315 1546 mortalia,
1331 1509 1365 1539 in
1380 1510 1425 1541 sic

364 1557 529 1597 disposito.
545 1556 586 1586 Et
601 1555 681 1585 ratio
698 1561 744 1585 est
759 1554 834 1595 quia
850 1553 981 1584 facultas
997 1553 1056 1584 ista
1071 1554 1110 1583 ad
1127 1553 1292 1584 vitandum
1305 1554 1424 1591 omnia,

365 1611 430 1632 non
460 1600 629 1631 attenditur
659 1599 835 1629 secundum
866 1598 1042 1637 potentiam
1080 1598 1256 1628 naturalem
1288 1597 1426 1637 nudam,

365 1655 445 1686 quae
469 1651 515 1675 est
537 1643 680 1684 potentia
703 1649 825 1673 remota
848 1642 966 1673 vitandi
996 1642 1145 1678 mortale;
1171 1643 1226 1672 sed
1249 1642 1427 1673 secundum

363 1687 578 1729 superadditas
596 1686 828 1727 dispositiones,
846 1696 928 1726 quae
944 1686 1143 1716 constituunt
1157 1686 1334 1726 potentiam
1355 1696 1427 1726 pro—

363 1733 529 1773 pinquam.

419 1776 600 1807 Similitudo
624 1774 703 1806 inter
727 1780 834 1804 motus
863 1773 1059 1814 insurgentes
1082 1774 1273 1810 venialium,
1298 1780 1328 1804 et
1351 1783 1427 1804 con-

364 1827 410 1852 tra
437 1821 559 1855 Deum,
586 1825 690 1859 potest
718 1818 884 1858 dupliciter
911 1818 1058 1857 intelligi:
1087 1818 1207 1858 primo,
1238 1818 1348 1859 quoad
1375 1827 1427 1848 oe·

364 1875 502 1900 cursum,
527 1863 738 1904 frequentiam
763 1869 793 1892 et
817 1862 1107 1898 deordinationem;
1132 1862 1293 1896 secundo,
1317 1862 1425 1902 quoad

364 1909 500 1939 modurn
524 1906 782 1938 deordinationis.
798 1906 830 1936 Si
853 1906 958 1946 primo
978 1907 1077 1936 modo
1101 1906 1301 1947 intelligatur,
1318 1905 1427 1937 simili-

364 1953 443 1983 tudo
467 1958 567 1983 tenet:
592 1951 681 1982 etsie
705 1950 803 1980 utitur
826 1959 862 1980 ea
876 1950 926 1980 hic
950 1953 1081 1981 Auctor.
1098 1950 1130 1981 Si
1154 1950 1296 1982 secundo
1315 1950 1425 1986 modo,

364 2007 431 2027 non
454 2003 547 2026 tenet.
565 1996 605 2026 Et
628 1995 689 2025 hoc
709 1994 869 2024 concludit
885 1994 1022 2025 obiectio
1038 1994 1128 2025 facta.
1153 1995 1271 2025 Modus
1287 2003 1427 2035 namque

364 2041 397 2071 in
420 2040 594 2070 venialibus
617 2038 798 2069 offendendi
821 2045 866 2069 est
890 2048 945 2077 per
968 2038 1192 2078 negligentiam
1208 2039 1327 2079 absque
1350 2038 1426 2069 deli-

364 2084 543 2115 beratione:
569 2083 602 2113 in
617 2082 803 2114 mortalibus
817 2089 924 2113 autem
940 2092 1007 2113 non
1030 2083 1090 2113 nisi
1106 2082 1309 2113 deliberando
1327 2078 1426 2114 offen-

366 2129 459 2159 ditur.
483 2128 545 2159 Sed
563 2135 669 2158 tamen
689 2127 769 2157 sicut
783 2126 838 2162 ibi,
855 2133 985 2166 propter
1007 2127 1207 2167 deperditum
1222 2127 1366 2167 vigorem
1380 2136 1426 2158 ra—

365 2173 470 2208 tionis,
493 2171 559 2202 fieri
583 2171 693 2212 nequit
717 2171 796 2211 quin
819 2171 966 2202 voluntas
990 2178 1078 2207 erret,
1102 2171 1199 2202 libera
1218 2170 1252 2202 in
1275 2170 1425 2211 singulis;

366 2217 408 2247 ita
422 2216 482 2252 hic,
498 2223 627 2256 propter
644 2214 838 2255 deperditam
853 2214 1083 2245 subiectionem
1098 2215 1139 2245 ad
1153 2214 1250 2246 finem
1262 2215 1423 2251 ultimum,

366 2271 401 2291 ac
424 2270 480 2300 per
503 2260 564 2290 hoc
587 2259 771 2300 appositum
801 2258 995 2290 contrarium
1023 2258 1139 2295 finem,
1168 2258 1235 2290 fieri
1258 2259 1369 2300 nequit
1391 2265 1427 2290 ut

365 2305 523 2340 voluntas,
546 2304 643 2334 libera
659 2303 739 2334 circa
755 2302 888 2342 singula,
913 2303 1021 2333 omnia
1043 2303 1119 2334 vitet
1142 2313 1267 2343 semper
1289 2313 1428 2343 praeme-

366 2349 514 2379 ditando:
544 2347 684 2378 conditio
707 2347 826 2387 quippe
855 2347 994 2377 hominis
1022 2346 1138 2378 infirmi
1162 2354 1193 2378 et
1216 2347 1260 2378 sic
1283 2347 1428 2388 dispositi

366 2402 432 2423 non
456 2392 617 2432 permittit.
961 2398 989 2465 ll

422 2435 568 2467 Obiectio
592 2442 698 2466 autem
723 2435 814 2465 allata
830 2441 938 2465 contra
985 2445 1023 2465 oc
1049 2435 1137 2476 quod
1161 2435 1216 2466 diu
1239 2436 1336 2466 vitare
1359 2444 1427 2466 non

366 2487 471 2520 potest
486 2480 628 2515 mortale,
641 2479 773 2515 solvitur
787 2488 823 2509 ex
836 2479 950 2509 eodem
962 2478 1184 2510 fundamento:
1199 2479 1317 2510 scilicet
1326 2479 1427 2521 quod,

367 2531 488 2564 praeter
511 2523 720 2564 pronitatem,
749 2530 858 2554 contra
881 2522 1091 2562 frequentiam
1114 2530 1161 2554 tot
1184 2523 1428 2564 provocantium

367 2578 399 2599 se
423 2578 543 2598 servare
566 2567 621 2598 diu
649 2578 686 2597 ex
709 2567 834 2597 assidua
857 2567 1137 2606 praemeditatione
1161 2567 1326 2608 dependet,
1346 2576 1428 2608 quae

368 2619 413 2643 est
429 2612 631 2652 impossibilis
644 2611 768 2642 homini
783 2611 978 2641 huiusmodi.
992 2611 1146 2648 Quamvis
1157 2611 1242 2642 enim
1255 2611 1428 2643 resistendo

368 2656 423 2687 uni
439 2656 565 2686 mortali
581 2655 702 2686 firmior
724 2654 778 2685 fiat
794 2655 832 2685 ad
847 2655 1013 2685 vitandum
1028 2655 1123 2691 aliud,
1140 2665 1206 2686 non
1221 2663 1328 2687 tamen
1343 2661 1429 2686 tanta

368 2700 402 2731 fit
425 2699 554 2731 firmitas
571 2707 606 2730 ut
620 2710 686 2730 non
707 2699 746 2729 sit
769 2699 1050 2740 praemeditatione
1074 2700 1198 2730 assidua
1222 2709 1305 2740 opus
1329 2700 1369 2731 ad
1384 2699 1429 2730 vi-

367 2745 500 2775 tandum
517 2744 634 2780 omnia,
652 2743 870 2783 ingruentibus
887 2750 952 2773 tam
972 2743 1151 2784 frequenter
1174 2744 1363 2784 impulsivis.
1387 2743 1429 2774 Et

368 2795 534 2828 propterea
558 2798 623 2818 non
648 2788 702 2818 diu
725 2787 821 2818 vitare
846 2787 961 2827 poterit
985 2797 1103 2818 casum.

423 2833 490 2863 XV.
511 2833 562 2863 Ad
585 2832 721 2872 primam
746 2831 958 2862 obiectionem
981 2831 1095 2862 factam
1112 2839 1219 2862 contra
1235 2831 1390 2862 rationem
1399 2830 1426 2867 *,

369 2883 499 2916 negatur
527 2883 728 2916 assumptum
756 2876 795 2906 de
826 2875 976 2906 omnibus
1008 2882 1228 2916 praeterquam
1257 2876 1296 2906 de
1319 2874 1428 2906 habitu

369 2920 495 2960 proprie
520 2921 614 2956 dicto,
632 2920 687 2960 qui
711 2930 777 2950 non
801 2919 933 2959 exigitur
956 2920 995 2950 ad
1019 2920 1232 2960 propositum.
1254 2920 1320 2950 Iam
1343 2919 1428 2951 enim

369 2971 462 3003 patet,
489 2974 525 2995 ex
548 2971 675 3004 peccato
701 2963 828 2994 mortali
843 2971 873 2994 et
888 2963 1071 2994 conditione
1087 2974 1123 2995 ac
1147 2963 1354 3004 dispositione
1369 2963 1428 2994 ho-

369 3008 473 3044 minis,
490 3009 579 3048 quod
602 3008 710 3038 omnia
734 3014 897 3038 numerata
919 3008 1124 3038 inveniuntur
1146 3007 1178 3038 in
1202 3007 1345 3048 quolibet
1367 3007 1429 3038 exi-

370 3058 467 3082 stente
490 3052 523 3082 in
547 3059 675 3091 peccato
708 3051 842 3083 mortali.
866 3052 894 3081 Is
917 3051 1003 3082 enim
1026 3052 1082 3092 qui
1110 3052 1208 3082 semel
1238 3051 1428 3082 adulterium

370 3095 529 3126 commisit
552 3106 609 3126 nec
631 3096 765 3126 intendit
787 3096 925 3136 amplius
949 3096 1158 3134 committere,
1181 3095 1248 3126 sine
1272 3095 1429 3126 deletione

371 3139 490 3178 culpae,
509 3146 613 3179 potest
629 3139 734 3170 referri
751 3140 790 3170 ad
810 3140 971 3180 duplicem
986 3139 1098 3170 finem:
1122 3140 1290 3180 proprium
1313 3139 1428 3171 scilicet

371 3183 494 3213 habitus
517 3183 675 3223 acquisiti;
692 3191 721 3214 et
744 3191 886 3223 respectu
911 3184 1006 3214 huius
1030 3194 1096 3214 non
1119 3185 1213 3215 habet
1236 3183 1429 3214 contrarium

370 3225 466 3256 finem
482 3234 758 3267 praeconceptum,
774 3237 831 3258 nec
855 3235 924 3267 eget
939 3228 1219 3267 praemeditatione
1238 3234 1368 3269 propter
1382 3227 1428 3258 in-

372 3269 573 3300 clinationem
589 3271 658 3301 talis
675 3271 821 3302 contrarii
836 3270 917 3301 finis.
938 3272 979 3302 Et
993 3273 1101 3312 quoad
1116 3273 1178 3303 hoc
1193 3272 1332 3303 obiectio
1348 3272 1427 3302 bene

372 3313 454 3343 dicit.
479 3314 519 3344 Et
542 3321 646 3353 potest
669 3315 773 3345 referri
798 3315 836 3345 ad
860 3325 1067 3346 communem
1089 3315 1186 3346 finem
1212 3316 1360 3346 omnium
1383 3315 1428 3346 vi-

371 3356 499 3393 tiorum,
524 3357 640 3388 scilicet
663 3359 835 3398 ipsummet
859 3366 1000 3390 amatum
1020 3369 1121 3399 usque
1144 3360 1184 3390 ad
1207 3366 1429 3400 contemptum

371 3400 439 3431 Dei.
456 3401 496 3431 Et
519 3400 569 3431 hic
592 3400 662 3431 finis
678 3409 925 3442 praeconceptus
948 3403 980 3432 in
1005 3404 1094 3433 omni
1109 3403 1223 3434 vitioso
1247 3411 1319 3435 actu
1343 3413 1429 3435 mor-

371 3444 442 3480 tali,
467 3451 641 3484 perseverat
670 3445 867 3476 habitualiter
891 3447 992 3477 donec
1020 3454 1180 3487 reparetur
1208 3457 1263 3487 per
1285 3447 1428 3487 gratiam.

372 3488 412 3518 Et
434 3488 556 3519 ratione
580 3487 674 3518 huius
698 3488 768 3519 finis
792 3490 938 3521 contrarii
962 3490 1103 3521 vitationi
1127 3491 1268 3522 mortalis
1292 3492 1427 3531 peccati,

1478 731 1552 751 cum
1575 721 1716 751 bonitate
1739 720 1868 756 morali,
1894 730 1959 751 non
1984 728 2091 752 tamen
2115 727 2175 751 stat
2205 730 2279 752 cum
2302 719 2444 751 bonitate
2466 720 2540 751 sim-

1477 764 1609 806 pliciter.

1534 809 1630 839 XVII.
1662 808 1878 838 Veruntamen
1906 808 2031 839 adverte
2059 808 2110 839 hic
2139 809 2229 849 quod
2258 817 2325 838 esse
2353 807 2386 838 in
2409 814 2539 848 peccato

1478 852 1604 883 mortali
1628 851 1782 891 contingit
1803 851 1980 891 tripliciter,
2001 859 2160 893 quantum
2182 853 2222 883 ad
2245 852 2449 892 propositum
2470 860 2541 892 spe-

1478 903 1550 927 ctat.
1574 896 1698 927 Scilicet
1713 895 1890 926 formaliter·
1901 902 1932 926 et
1946 905 2003 935 per
2023 905 2070 926 se:
2086 903 2123 926 ut
2141 903 2188 927 est
2201 896 2254 926 ille
2270 895 2326 936 qui
2345 895 2403 926 scit
2425 903 2459 926 ‘se
2473 902 2540 926 esse

1478 941 1511 971 in
1534 946 1664 981 peccato
1688 939 1824 975 mortali,
1841 945 1873 969 et
1894 949 1961 969 non
1976 939 2123 980 providet
2146 940 2213 971 sibi.
2238 939 2299 970 Hic
2323 939 2409 970 enim
2432 939 2490 971 scit
2509 946 2541 970 et

1477 985 1547 1015 vult
1569 994 1601 1014 se
1625 993 1691 1014 esse
1714 983 1747 1013 in
1770 990 1899 1023 peccato
1923 983 2091 1014 mortali.-
2106 983 2166 1015 Vel
2188 984 2362 1014 formaliter
2380 990 2415 1014 et
2436 993 2493 1024 per
2508 993 2541 1014 se

1470 1039 1516 1059 rex
1539 1035 1626 1068 parte
1642 1027 1766 1063 obiecti,
1783 1036 1839 1067 per
1854 1027 1998 1057 accidens
2021 1034 2130 1058 autem
2143 1037 2182 1059 ex
2204 1035 2293 1068 pane
2312 1027 2488 1068 operantis:
2503 1035 2541 1059 ut

1479 1073 1535 1114 qui
1558 1071 1631 1102 fecit
1658 1081 1694 1102 ex
1724 1071 1902 1111 ignorantia
1931 1071 2009 1102 iuris
2035 1081 2101 1102 non
2125 1079 2310 1108 excusante,
2342 1078 2540 1103 contractum

1480 1115 1668 1147 usurarium.
1694 1115 1754 1145 Hic
1773 1115 1859 1145 enim
1875 1114 1932 1145 scit
1948 1121 1979 1145 et
1993 1115 2063 1145 vult
2085 1124 2118 1145 se
2140 1124 2208 1146 esse
2222 1115 2256 1146 in
2272 1115 2326 1146 tali
2341 1115 2435 1152 facto,
2450 1117 2540 1157 quod

1480 1167 1526 1191 est
1549 1159 1721 1190 formaliter
1743 1165 1910 1199 peccatum
1934 1158 2084 1189 mortale:
2108 1169 2174 1189 non
2189 1165 2296 1190 tamen
2319 1160 2377 1191 scit
2399 1166 2455 1191 aut
2470 1160 2542 1191 vult

1479 1215 1513 1235 se
1536 1214 1602 1234 esse
1625 1203 1658 1233 in
1682 1210 1811 1243 peccato
1834 1202 1972 1238 mortali,
1996 1202 2173 1243 ignorantia
2186 1203 2309 1234 velante
2323 1203 2441 1243 ipsum.
2454 1204 2541 1236 -Vel

1479 1258 1535 1290 per
1558 1247 1716 1278 accidens:
1741 1254 1777 1277 ut
1795 1247 1820 1277 si
1839 1246 1911 1288 quis
1927 1246 2101 1286 diligenter,
2118 1246 2175 1278 etsi
2199 1256 2266 1277 non
2285 1246 2484 1284 sufficienter,
2507 1258 2541 1279 se

1480 1292 1635 1327 discussit,
1656 1298 1686 1322 et
1709 1298 1800 1330 putat
1822 1301 1855 1321 se
1880 1300 1946 1320 esse
1970 1290 2002 1320 in
2026 1290 2134 1330 gratia,
2151 1300 2226 1321 cum
2242 1298 2348 1322 tamen
2364 1291 2404 1322 sit
2417 1291 2451 1322 in
2466 1301 2541 1332 pec-

1480 1343 1550 1368 cato
1574 1335 1710 1366 mortali.
1736 1335 1797 1365 Hic
1823 1335 1909 1365 enim
1934 1343 1992 1364 nec
2015 1334 2072 1365 scit
2097 1344 2155 1366 nec
2177 1335 2246 1366 vult
2269 1345 2302 1365 se
2324 1342 2393 1366 esse
2415 1335 2449 1366 in
2471 1345 2542 1376 pea-

1479 1388 1550 1412 cato
1573 1379 1712 1414 mortali,
1738 1388 1796 1409 nec
1818 1378 1851 1408 in
1875 1378 1983 1419 aliquo
2009 1379 2098 1419 quod
2121 1378 2235 1409 habeat
2257 1379 2378 1419 peccati
2398 1379 2542 1411 mortalia·

1479 1424 1645 1455 rationem.
2449 1443 2453 1447 ι

1536 1468 1618 1499 Inter
1640 1467 1699 1497 hos
1716 1473 1823 1497 autem
1839 1473 1900 1497 tres
1916 1467 1992 1497 haec
2009 1473 2055 1497 est
2071 1465 2254 1505 differentia,
2270 1467 2310 1496 ad
2327 1467 2540 1507 propositum,

1480 1513 1570 1553 quod
1593 1511 1714 1552 primus
1737 1517 1783 1541 est
1806 1510 1839 1540 in
1862 1517 1991 1550 peccato
2010 1510 2137 1541 mortali
2159 1520 2226 1541 non
2249 1511 2357 1542 solum
2375 1510 2470 1547 facto,
2485 1511 2542 1543 aed

1480 1556 1592 1587 affectu
1608 1565 1664 1596 per
1680 1564 1729 1591 se;
1754 1555 1922 1591 secundus,
1938 1554 2051 1586 affectu
2068 1564 2210 1595 quoque,
2230 1561 2262 1586 et
2276 1564 2333 1595 per
2347 1565 2380 1586 se
2403 1565 2440 1586 ex
2453 1562 2542 1596 parte

1480 1600 1605 1636 obiecti,
1623 1600 1677 1630 sed
1701 1609 1757 1638 per
1773 1598 1917 1629 accidens
1940 1608 1977 1629 ex
1990 1605 2079 1638 parte
2101 1598 2152 1629 sui
2169 1604 2301 1639 'propter
2313 1599 2540 1639 ignorantiam:

1480 1644 1599 1680 tertius,
1619 1644 1702 1674 facto
1719 1650 1854 1674 tantum.
1878 1643 1920 1673 Et
1934 1649 2102 1682 propterea
2119 1642 2152 1672 in
2175 1642 2282 1683 primo
2303 1643 2414 1674 locum
2437 1653 2493 1684 per
2507 1654 2540 1675 se

1480 1689 1574 1719 habet
1588 1693 1836 1728 praeconceptus
1859 1686 1931 1717 finis
1947 1687 2060 1723 malus,
2078 1693 2109 1717 et
2124 1686 2286 1718 destitutio
2301 1686 2432 1718 affectus
2446 1697 2465 1718 a
2475 1687 2543 1719 fine

1480 1732 1606 1768 ultimo,
1622 1739 1652 1762 et
1667 1738 1767 1762 cetera
1783 1741 1865 1772 quae
1881 1731 1914 1761 in
1928 1730 2030 1761 littera
2049 1730 2207 1762 dicuntur.
2222 1747 2243 1754 —
2257 1731 2292 1761 In
2309 1731 2543 1763 secundohaoc

1481 1777 1591 1807 eadem
1614 1776 1723 1806 locum
1745 1775 1862 1805 habent
1876 1774 1992 1815 partim
2015 1784 2072 1814 per
2094 1783 2138 1811 se,
2154 1775 2272 1805 scilicet
2293 1784 2330 1805 ex
2345 1782 2435 1816 parte
2454 1776 2543 1807 obis*

1481 1821 1538 1856 cti;
1556 1827 1587 1851 et
1609 1820 1723 1860 partim
1746 1829 1802 1859 per
1824 1819 1978 1855 accidens,
2003 1818 2120 1850 scilicet
2135 1828 2172 1849 ex
2188 1825 2276 1859 parte
2299 1819 2469 1859 operantis.
2492 1822 2543 1852 Aa
2588 1839 2595 1843 ν
2638 1831 2649 1868 ¹.

1481 1875 1537 1905 per
1559 1865 1635 1900 hoc,
1660 1864 1745 1894 iuxta
1767 1863 1852 1894 illius
1875 1873 1932 1904 per
1955 1863 2099 1893 accidens
2122 1862 2333 1904 frequentiam
2361 1863 2419 1895 etit
2441 1871 2544 1895 casus.

1481 1909 1541 1939 Iste
1566 1908 1651 1938 enim
1674 1914 1779 1947 potest
1808 1907 1923 1937 habere
1947 1917 2001 1938 cor
2024 1917 2120 1938 suum
2152 1907 2326 1939 stabilitum
2348 1907 2382 1938 in
2412 1908 2543 1939 Deo&

1481 1952 1656 1983 intentione
1673 1958 1703 1981 et
1725 1950 1847 1987 affectu,
1865 1958 1896 1982 et
1917 1958 2085 1991 propterea
2099 1951 2220 1982 cavebit
2243 1961 2262 1982 a
2279 1951 2408 1988 ceterius
2422 1958 2542 1993 quam-

1479 1996 1527 2027 vis
1550 2006 1606 2037 per
1629 1995 1771 2026 accidens
1795 1994 1923 2026 affectus
1946 1995 1987 2026 ad
2007 1995 2135 2026 lucrum
2152 2004 2211 2035 per
2231 1995 2543 2028 illumcontnctum

1479 2041 1627 2081 ignotum
1651 2039 1759 2080 quoad
1782 2049 1929 2075 usuram,
1955 2046 1991 2070 ut
2013 2039 2135 2071 dictum
2158 2046 2221 2075 est,
2244 2039 2285 2070 sit
2305 2039 2450 2073 infectus.
2470 2052 2492 2066 -‘-
2507 2040 2543 2071 In

1479 2084 1571 2115 tertio
1595 2085 1703 2114 locum
1727 2083 1844 2114 habent
1866 2084 1943 2114 haec
1975 2084 2086 2115 eadem
2109 2083 2193 2114 facto
2216 2090 2352 2115 tantum.
2376 2083 2470 2116 Unde
2490 2084 2544 2116 hie

1479 2135 1584 2169 potest
1607 2128 1707 2168 magis
1730 2127 1827 2158 vitare
1846 2137 1944 2168 quam
1963 2127 2015 2158 alii
2031 2128 2165 2159 mortale
2188 2134 2366 2168 peccatum,
2382 2128 2462 2160 dum
2477 2135 2544 2160 nou

1479 2172 1602 2208 affectu,
1619 2172 1673 2202 sed
1690 2171 1773 2202 facto
1797 2172 1868 2202 solo
1883 2172 2006 2202 malum
2024 2171 2123 2202 finem
2137 2179 2407 2212 praeconceptum
2424 2179 2543 2205 servam

1521 2223 1591 2247 ectu
1615 2225 1753 2256 namque
1776 2226 1809 2246 se
1840 2215 2023 2256 simpliciter
2045 2216 2115 2252 Deo
2143 2215 2287 2254 subiicit,
2310 2226 2347 2247 ac
2368 2226 2426 2257 per
2449 2216 2545 2252 iiim

1479 2258 1647 2301 regulatur.
1909 2291 1915 2297 ,
2476 2270 2522 2288 w‘

1532 2304 1616 2342 Quia
1639 2314 1714 2344 ergo
1738 2314 1900 2334 sermones
1923 2303 2112 2335 doctrinales
2136 2303 2287 2335 formales
2305 2311 2336 2335 et
2354 2314 2411 2345 per
2426 2314 2460 2336 se
2475 2314 2543 2340 eae

1481 2355 1616 2388 oportet,
1641 2349 1713 2379 ideo
1737 2357 1884 2388 praesens
1898 2347 2001 2379 littera
2016 2348 2055 2378 de
2077 2347 2228 2379 existente
2251 2348 2284 2378 in
2307 2355 2438 2388 peccato
2456 2358 2544 2380 mn-

1480 2393 1534 2424 tali
1558 2392 1731 2423 formaliter
1754 2398 1784 2423 et
1807 2402 1863 2432 per
1885 2402 1936 2428 se,
1967 2391 2170 2432 intelligenda
2193 2399 2248 2423 est.
2281 2392 2324 2423 Et
2350 2392 2474 2432 primo,
2503 2393 2544 2424 de

1482 2437 1631 2468 existente
1664 2436 1838 2467 formaliter
1866 2443 1897 2466 et
1919 2445 1975 2476 per
2002 2446 2035 2466 se
2058 2436 2217 2476 undique3
2241 2436 2398 2473 secundo,
2422 2437 2462 2468 de
2483 2436 2545 2468 exi-

1482 2487 1581 2511 stente
1605 2480 1778 2511 formaliter
1802 2487 1832 2511 et
1854 2489 1910 2520 per
1933 2489 1966 2510 se
1989 2489 2026 2510 ex
2052 2486 2140 2520 parte
2163 2479 2292 2516 obiecti,
2314 2489 2371 2520 per
2399 2480 2545 2512 accidens

1482 2531 1589 2555 autem
1613 2535 1648 2555 ex
1672 2532 1759 2564 parte
1783 2524 1848 2554 sui:
1877 2530 1988 2554 neuter
2020 2523 2107 2554 enim
2137 2530 2242 2564 potest
2268 2523 2323 2554 diu
2346 2533 2544 2564 perseverare

1482 2569 1600 2609 absque
1624 2579 1710 2599 novo
1731 2578 1806 2599 casu
1821 2568 1854 2598 in
1870 2568 2014 2598 mortale.
2038 2568 2104 2598 Nec
2119 2569 2224 2598 obstat
2238 2567 2272 2598 in
2297 2569 2439 2599 secundo
2455 2569 2545 2609 quod

1482 2612 1635 2652 contingit
1663 2622 1773 2643 casum
1801 2612 1984 2652 ignoratum
2012 2621 2079 2642 esse
2109 2612 2148 2642 de
2171 2621 2242 2642 raro
2274 2611 2542 2652 contingentibus.

1482 2657 1649 2694 Quantum
1672 2657 1756 2686 enim
1781 2663 1827 2687 est
1851 2666 1888 2686 ex
1911 2662 1997 2696 parte
2017 2656 2175 2686 existentis
2189 2655 2223 2686 in
2239 2662 2321 2686 statu
2339 2655 2405 2692 illo,
2423 2659 2547 2697 pronua'

1482 2707 1528 2731 est
1551 2701 1590 2731 ad
1613 2701 1692 2730 illud
1716 2700 1896 2731 faciendum
1919 2698 2078 2736 infinifies,
2095 2700 2121 2730 si
2141 2699 2289 2731 infinitiee
2304 2707 2547 2737 occurrerem-ex

1482 2755 1548 2785 quo
1565 2745 1604 2774 ad
1623 2744 1702 2774 illud
1726 2744 1854 2775 affectus
1873 2751 1920 2775 est
1933 2744 2052 2784 absque
2067 2744 2157 2774 freno
2171 2750 2302 2784 propter
2320 2743 2544 2784 ignorantiam.

1482 2789 1523 2819 Et
1545 2795 1711 2828 propterea
1730 2795 1886 2829 quantum
1903 2794 1950 2819 est
1968 2798 2006 2818 ex
2023 2795 2112 2828 parte
2126 2797 2203 2819 suae
2218 2787 2388 2828 potentiae,
2404 2797 2470 2821 non
2487 2797 2542 2830 po·

1482 2839 1541 2863 test
1564 2833 1619 2863 diu
1643 2839 1722 2863 stare
1743 2832 1821 2873 quin
1841 2833 1939 2868 cadat,
1957 2832 2101 2872 quamvis
2122 2832 2252 2864 materia
2266 2841 2356 2863 casus
2371 2842 2437 2863 non
2451 2841 2546 2873 saepe

1483 2883 1634 2907 occurrat.
1659 2894 1679 2899 ·—
1702 2877 1750 2906 De
1774 2876 1922 2907 existente
1951 2883 2059 2907 autem
2081 2876 2114 2906 in
2138 2882 2268 2916 peccato
2298 2876 2424 2907 mortali
2451 2876 2549 2908 tertio.

1483 2921 1592 2956 modo,
1617 2930 1683 2950 non
1702 2920 1823 2960 accipio
1847 2920 1928 2950 hanc
1952 2920 2103 2951 litteram:
2128 2921 2184 2951 sed
2197 2920 2271 2951 loco
2287 2920 2379 2951 illum
2394 2920 2476 2951 inter
2489 2929 2546 2951 eoa

1483 2964 1538 3005 qui
1553 2964 1710 3004 incipiunt
1732 2974 1788 3004 per
1807 2964 1947 2994 divinam
1969 2964 2102 3004 gratiam
2125 2964 2281 3004 repararis
2296 2964 2388 2996 Unde
2403 2964 2544 2995 istenon

1483 3015 1591 3048 peccat
1613 3008 1786 3039 mortaliter
1809 3007 1983 3048 suscipiens
2005 3007 2048 3038 sic
2068 3014 2273 3047 sacramenta,
2289 3015 2328 3039 ut
2341 3008 2416 3039 alibi
2429 3008 2450 3028 *Δ
2468 3006 2545 3039 defi-

1484 3052 1587 3083 nitum
1611 3059 1666 3083 est.

1536 3096 1647 3127 XVIII.
1661 3096 1702 3126 Et
1716 3105 1772 3135 per
1788 3096 1865 3126 haec
1881 3102 1966 3135 patet
1982 3095 2111 3132 solutio,
2128 3097 2296 3136 quomodo
2320 3097 2486 3127 conversio
2503 3096 2544 3127 ad

1484 3140 1710 3171 commutabile
1738 3141 1860 3170 bonum
1885 3140 2048 3180 praeterita
2071 3139 2164 3170 infert
2187 3140 2236 3171 vel
2259 3150 2325 3171 non
2347 3140 2442 3171 infert
2462 3140 2546 3172 hanc

1483 3184 1716 3224 impotentiam.
1741 3184 1773 3215 Si
1798 3183 1884 3214 enim
1909 3187 2085 3224 perseverat
2108 3183 2140 3214 in
2159 3183 2282 3221 affectu,
2307 3184 2373 3215 iam
2391 3194 2475 3224 opus
2499 3189 2546 3214 est

1484 3228 1781 3268 praemeditatione;
1806 3234 1880 3264 aut,
1904 3228 1994 3268 quod
2024 3227 2096 3267 plus
2126 3234 2190 3264 est,
2214 3228 2351 3259 scientia.
2381 3227 2414 3260 Si
2437 3233 2544 3259 autem

1484 3272 1567 3303 facto
1590 3279 1731 3308 tantum,
1756 3282 1822 3303 non
1846 3282 1929 3312 opus
1953 3278 1999 3302 est
2021 3271 2150 3302 scientia
2173 3278 2227 3303 aut
2249 3271 2542 3312 praemeditatione,

1485 3317 1539 3347 sed
1563 3316 1670 3346 divino
1694 3316 1855 3347 intellectu
1877 3316 1917 3346 ad
1940 3315 2182 3355 intelligendum
2205 3315 2326 3347 delicta.
2349 3315 2391 3346 Et
2413 3315 2452 3345 de
2470 3315 2544 3350 hoc,

1484 3367 1519 3390 ut
1543 3360 1662 3391 dictum
1678 3367 1724 3391 est
1739 3359 1767 3396 *,
1791 3370 1857 3390 non
1881 3366 1927 3390 est
1946 3369 2050 3390 sermo
2074 3368 2236 3399 praesens:
2254 3358 2410 3400 quoniam
2425 3359 2464 3389 ab
2479 3365 2543 3389 arte

1483 3403 1671 3445 relinquitur
1693 3404 1726 3434 id
1749 3404 1836 3444 quod
1860 3410 1907 3434 est
1929 3413 1985 3443 per
2007 3403 2161 3434 accidens.

1541 3449 1588 3478 Ex
1618 3448 1666 3478 his
1697 3454 1804 3478 autem
1831 3447 1920 3478 facile
1945 3453 2034 3487 patet
2059 3446 2226 3487 quomodo
2255 3456 2291 3476 ex
2321 3445 2370 3476 his
2393 3445 2544 3477 omnibus

1485 3502 1548 3523 una
1567 3491 1754 3532 impotentia
1775 3497 1897 3522 constat
1916 3498 1951 3522 ut
1975 3490 2105 3521 diversis
2127 3489 2364 3520 conditionibus
2388 3490 2544 3530 requisitis

2569 3014 2580 3027 ⁶
2595 3013 2657 3037 Pan.
2677 3013 2723 3040 m.
2759 3019 2782 3036 u.

2570 3042 2741 3068 Lm,art.4‚a
2761 3046 2780 3068 5.

2571 3367 2579 3374 ·
2595 3365 2666 3387 Num.
2676 3365 2782 3394 praeoed-
