2840 4010
137 2068 146 2076 ·
163 2065 220 2092 Cap.
235 2071 266 2086 xi.

138 2334 147 2343 '¹
162 2334 213 2355 Art.
231 2333 335 2363 praeced.

138 2438 149 2449 '
164 2438 230 2461 Vers.
245 2444 275 2467 13.

140 2915 151 2925 ⁴
166 2914 231 2936 Vers.
246 2921 282 2943 34.

141 3179 150 3188 ·
166 3177 232 3199 Vers.
246 3184 279 3206 37.

142 3227 151 3236 ·
174 3226 225 3248 Lib.
249 3226 297 3252 111,
322 3226 341 3246 a!

141 3252 235 3300 gimpa:
246 3252 278 3274 Se

158 3285 214 3300 ectm
224 3285 248 3300 m

141 3311 179 3333 qu.
199 3311 244 3327 xiv.

284 3279 350 3305 atth„

374 186 422 222 80

372 274 454 303 tum
484 274 538 303 est
566 267 613 303 de
642 279 682 303 se
711 266 840 303 omnia
869 277 1028 313 corpora
1055 264 1249 310 illuminet,
1279 263 1308 299 si
1327 263 1432 310 quod

374 327 504 356 tamen
532 319 846 368 impedimentum
868 317 1035 354 inveniat
1053 317 1090 353 in
1110 315 1236 364 aliquo
1258 327 1430 364 corpore,

377 372 551 420 relinquit
578 372 667 408 illud
695 371 956 407 tenebrosum:
987 368 1081 405 sicut
1108 375 1210 418 patet
1238 368 1285 404 de
1315 369 1431 405 domo

377 424 481 461 cuius
501 424 684 461 fenestrae
711 431 797 459 sunt
817 423 976 459 clausae.
1008 421 1084 458 Sed
1104 429 1232 458 tamen
1252 421 1346 458 illius
1366 422 1433 458 ob-

377 476 598 514 scurationis
626 477 728 512 nullo
757 475 875 512 modo
906 486 1020 511 causa
1049 482 1103 510 est
1122 475 1197 520 sol,
1226 486 1305 511 non
1331 474 1432 511 enim

377 541 446 566 suo
475 528 613 565 iudicio
634 528 707 575 agit
725 535 767 564 ut
789 528 919 563 lumen
947 526 1102 563 interius
1129 539 1208 563 non
1236 526 1432 563 immittat:

377 582 443 618 sed
472 593 585 617 causa
614 581 693 616 eius
727 587 782 616 est
817 580 941 616 solum
975 579 1035 616 ille
1069 579 1304 628 qui-claudit
1333 580 1434 616 fene-

377 642 504 670 stram.
534 635 638 670 Deus
667 640 794 669 autern
815 632 969 681 proprio
988 631 1124 669 iudicio
1145 633 1275 669 lumen
1295 633 1434 680 gratiae

375 698 454 723 non
482 685 645 722 immittit
671 685 741 722 illis
769 685 807 722 in
842 684 980 733 quibus
1011 685 1250 722 obstaculum
1270 684 1434 722 invenit.

377 738 487 776 Unde
517 750 631 775 causa
659 738 923 775 subtractionis
950 738 1090 786 gratiae
1119 746 1175 775 est
1201 750 1279 774 non
1309 738 1433 774 solum

375 791 435 827 ille
455 791 519 839 qui
538 791 646 840 ponit
666 791 906 828 obstaculum
927 791 1078 839 gratiae,
1100 791 1165 828 sed
1187 791 1300 826 etiam
1316 791 1433 836 Deus,

377 844 440 892 qui
461 856 529 880 suo
551 844 689 881 iudicio
709 843 866 891 gratiam
886 856 964 880 non
984 843 1151 892 apponit.
1178 844 1226 879 Et
1244 854 1314 891 per
1332 843 1434 879 hunc

376 896 537 934 modum
566 897 671 933 Deus
700 904 756 934 est
784 908 897 933 causa
926 895 1214 940 excaecationis,
1245 903 1280 932 et
1308 907 1435 942 aggra—

374 949 536 987 vationis
564 949 728 997 aurium,
761 957 796 986 et
824 949 1083 986 obdurationis
1112 948 1246 985 cordis.
1272 969 1295 975 —
1326 948 1435 994 Quae

375 1003 532 1050 quidem
562 1002 840 1050 distinguuntur
867 1002 1078 1038 secundum
1099 1001 1255 1037 effectus
1283 1000 1435 1048 gratiae,

377 1067 474 1103 quae
504 1063 540 1092 et
567 1056 713 1104 perficit
744 1055 972 1091 intellectum
1004 1054 1105 1090 dono
1139 1054 1366 1102 sapientiae,
1401 1061 1437 1090 et

377 1108 554 1145 affectum
583 1108 726 1144 emollit
753 1108 838 1155 igne
868 1107 1037 1144 caritatis.
1067 1107 1117 1143 Et
1136 1107 1224 1155 quia
1244 1106 1292 1143 ad
1313 1105 1439 1154 cogni-

1022 186 1287 232 QUAESTlO
1318 185 1492 231 LXXIX,
1522 186 1817 223 ARTICULUS
1846 187 1897 223 IV

1486 263 1629 300 tionem
1662 263 1869 300 intellectus
1904 265 2069 302 maxime
2103 267 2320 305 deserviunt
2352 268 2428 305 duo
2464 281 2547 305 sen-

1488 328 1566 363 sus,
1597 316 1734 352 scilicet
1760 316 1866 352 visus
1895 323 1931 352 et
1963 317 2129 365 auditus,
2159 331 2324 367 quorum
2356 333 2454 358 unus
2482 322 2546 358 de-

1487 368 1603 405 servit
1630 368 1853 416 inventioni,
1883 368 2021 405 scilicet
2047 369 2166 418 visus,
2197 371 2289 409 alius
2318 372 2546 433 disciplinae,

1487 421 1627 458 scilicet
1650 421 1816 458 auditus:
1844 398 1933 458 ideo
1954 429 2138 470 quantum
2163 423 2212 460 ad
2234 424 2373 475 visum,
2393 426 2548 475 ponitur

1489 474 1718 519 excaecati03
1749 482 1933 522 quantum
1963 474 2012 511 ad
2041 475 2222 522 auditum,
2251 476 2399 514 aurium
2419 490 2547 526 aggra-

1487 527 1608 573 vati03
1638 535 1823 575 quantum
1851 527 1900 564 ad
1928 527 2121 574 affectum,
2151 528 2364 567 obduratio

1540 582 1599 616 AD
1619 591 1755 617 pannum
1775 591 1873 617 aneo
1893 591 2076 617 DlCENDuM
2095 582 2213 629 quod,
2229 593 2318 618 cum
2333 583 2546 620 excaecatio

1489 640 1525 668 et
1552 632 1755 680 induratio,
1787 644 1831 669 ex
1857 640 1964 681 parte
1993 633 2258 670 subtractionis
2287 634 2445 682 gratiae,
2475 634 2548 683 sint

1490 684 1680 732 quaedam
1707 697 1869 733 poenae,
1897 697 1946 722 ex
1972 686 2044 723 hac
2061 693 2168 735 parte
2189 686 2242 723 eis
2261 685 2381 724 homo
2406 699 2486 725 non
2505 686 2548 725 fit

1490 736 1668 774 deterior:
1689 738 1756 774 sed
1776 737 1939 775 deterior
1961 739 2080 776 factus
2098 751 2168 787 per
2188 740 2358 788 culpam,
2378 739 2474 776 haec
2491 739 2548 779 in·

1490 789 1613 835 currit,
1643 789 1736 825 sicut
1764 796 1801 825 et
1829 797 1970 827 ceteras
1997 804 2154 840 poenaS.

1542 843 1601 878 AD
1629 853 1818 878 SECUNDUM
1842 854 2025 880 mmmmm
2054 845 2159 893 quod
2188 844 2351 881 obiectio
2380 844 2441 881 illa
2460 856 2548 895 pre-

1490 895 1588 932 cedit
1616 894 1663 931 de
1693 894 1944 932 obduratione
1969 897 2179 934 secundum
2209 897 2314 947 quod
2343 905 2398 934 est
2426 898 2546 947 culpa.

1543 950 1601 985 Ar>
1629 959 1788 984 TERTmM
1820 959 2004 985 meramnum
2036 950 2142 998 quod
2177 949 2317 988 malitia
2353 958 2407 987 est
2436 962 2549 988 causa

1491 1000 1763 1038 excaecationis
1783 1000 1990 1047 meritoria,
2011 1001 2106 1039 sicut
2125 1004 2235 1051 culpa
2254 1011 2310 1040 est
2325 1016 2439 1040 causa
2456 1016 2549 1053 poe-

1491 1065 1574 1090 nae.
1605 1054 1654 1090 Et
1681 1054 1754 1090 hoc
1784 1053 1896 1090 etiam
1924 1054 2044 1090 modo
2069 1054 2242 1092 diabolus
2271 1068 2475 1095 excaecare
2495 1056 2549 1094 di-

1491 1106 1596 1154 citur,
1626 1106 1850 1155 inquantum
1875 1106 2018 1144 inducit
2045 1108 2094 1144 ad
2122 1109 2285 1156 culpam.

1050 1194 1382 1227 Commentario.
1404 1193 1654 1227 cardinalis
1677 1194 1877 1227 Caietam

406 1277 427 1296 N
446 1266 577 1297 articulo
594 1265 685 1296 tertio
704 1265 846 1295 eiusdem
859 1264 1213 1305 septuagesimaenonae
1233 1264 1436 1314 quaestionis,
1461 1262 1464 1302 1
1490 1265 1650 1295 movendo
1674 1265 1886 1295 obstaculum.
1908 1265 2006 1302 Quod
2029 1272 2076 1296 est
2096 1275 2209 1316 poena,
2230 1266 2370 1297 secundo
2386 1267 2460 1315 loco
2475 1278 2551 1300 con-

380 1278 542 1346 Iadverte‚
567 1309 695 1346 novitie‚
719 1309 864 1339 ordinem
887 1309 1084 1340 causalitatis.
1101 1309 1209 1339 Primo
1226 1308 1321 1344 enim,
1338 1308 1437 1339 homo
1490 1308 1628 1339 veniens.
1653 1309 1773 1345 Tertio,
1798 1319 1835 1339 ex
1858 1309 1916 1339 hac
1939 1319 2044 1349 poena
2066 1309 2208 1350 sequitur
2232 1310 2422 1348 excaecatio,
2447 1321 2552 1353 aggra-

376 1354 467 1404 ponit
479 1353 678 1384 obstaculum
693 1353 800 1386 divino
813 1353 937 1389 lumini,
957 1360 987 1383 et
1003 1360 1048 1384 est
1067 1363 1159 1383 causa
1175 1352 1335 1383 meritoria
1351 1353 1440 1393 quod

1491 1352 1576 1384 vatio
1590 1359 1620 1384 et
1633 1353 1811 1389 obduratio,
1825 1360 1955 1393 propter
1970 1354 2095 1384 bonum
2107 1353 2230 1384 divinae
2246 1353 2364 1395 gloriae
2380 1350 2419 1385 ad
2427 1355 2551 1407 minus,

376 1398 432 1429 Sol
451 1398 602 1432 iustitiae
609 1397 771 1428 subtrahat
784 1397 889 1428 radios
906 1396 1045 1428 efficaces
1061 1397 1100 1427 ad
1116 1396 1372 1432 illuminandum,
1388 1406 1438 1426 re·
1492 1403 1528 1427 ut
1542 1396 1576 1427 in
1591 1404 1705 1438 quarto
1728 1397 1861 1428 articulo
1879 1396 1897 1414 ⁴*
1914 1397 2027 1428 dicitur
2045 1395 2091 1439 (in
2107 1407 2173 1438 quo
2191 1397 2270 1429 nihil
2284 1398 2372 1430 aliud
2391 1391 2588 1443 occurrit).-

1155 1550 1469 1593 ARTICULUS
1499 1550 1771 1604 QUARTUS

587 1645 743 1676 UTRUM
766 1644 1046 1676 EXCAECATIO
1070 1643 1130 1674 ET
1153 1643 1407 1675 OBDURATIO
1431 1643 1597 1675 SEMPER
1621 1644 1908 1675 ORDINENTUR
1933 1644 1990 1675 AD
2016 1644 2219 1676 SALUTEM
2242 1644 2338 1676 EIUS

1078 1688 1154 1726 QUI
1178 1687 1473 1721 EXCAECATUR
1495 1687 1553 1718 ET
1577 1688 1847 1719 OBDURATUR

1098 1767 1127 1791 In
1146 1767 1254 1796 Matth„
1274 1774 1330 1799 cap.
1343 1773 1400 1797 xxm
1421 1767 1450 1791 In
1472 1767 1554 1797 Ioan„
1574 1775 1630 1799 cap.
1648 1775 1696 1798 111,
1716 1767 1774 1792 lect.
1786 1774 1830 1791 vn.

428 1890 436 1897 ,
495 1875 536 1899 ,22
570 1860 610 1885 D
631 1859 803 1890 QUARTUM
822 1859 874 1883 su:
894 1858 1134 1884 paoeamrua.
1153 1846 1312 1883 Videtur
1328 1845 1434 1894 quod

448 1899 800 2018 ψᾝεκεᾶεεειῐὶο
837 1907 872 1936 et
906 1899 1108 1958 obduratio
1146 1911 1298 1947 semper
1336 1898 1435 1935 ordi-

375 2045 567 2096 Enchirid
570 2059 590 2081 ²¹⁶
592 2059 722 2107 ,quod
736 2060 851 2105 Deus,
868 2071 953 2095 cum
967 2059 1015 2095 sit
1026 2070 1172 2095 summe
1186 2059 1316 2103 bonus,
1333 2057 1434 2094 nullo

377 2113 487 2149 modo
510 2113 742 2160 permitteret
763 2113 853 2158 fieri
878 2112 1032 2160 aliquod
1053 2111 1208 2156 malum,
1230 2111 1301 2147 nisi
1312 2115 1438 2158 posset

378 2177 427 2201 ex
446 2165 607 2213 quolibet
624 2165 724 2202 malo
745 2165 877 2202 elicere
902 2166 1054 2201 bonum.
1084 2165 1207 2200 Multo
1227 2163 1337 2211 igitur
1354 2175 1436 2200 ma-

377 2218 432 2266 gis
452 2218 600 2255 ordinat
619 2219 667 2256 ad
686 2219 833 2255 bonurn
862 2218 950 2254 illud
980 2218 1125 2254 malum
1147 2216 1253 2253 cuius
1281 2216 1361 2265 ipse
1382 2223 1439 2253 est

379 2279 434 2308 est
453 2283 578 2308 causa.
609 2271 686 2308 Sed
706 2271 979 2308 excaecationis
1000 2278 1036 2307 et
1055 2269 1316 2306 obdurationis
1331 2271 1437 2306 Deus

379 2331 434 2361 est
462 2336 586 2372 causa,
614 2331 656 2361 ut
679 2324 820 2361 dictum
841 2331 896 2360 est
914 2324 944 2359 ²⁸².
975 2324 1077 2372 Ergo
1101 2324 1198 2360 haec
1218 2322 1437 2359 ordinantur

378 2377 425 2414 ad
454 2377 612 2414 salutem
642 2377 720 2414 eius
749 2377 813 2426 qui
842 2384 1062 2414 excaecatur
1088 2376 1150 2412 vel
1177 2375 1382 2413 induratur.

433 2441 467 2467 2.
497 2431 728 2477 PRAETEREA,
759 2431 845 2478 Sap.
869 2430 917 2467 ι*
947 2430 1078 2467 dicitur
1105 2429 1211 2477 quod
1239 2430 1342 2465 Deus
1361 2440 1435 2466 non

377 2483 579 2520 delectatur
593 2484 629 2520 in
643 2483 853 2531 perditione
867 2483 1080 2531 impiorum.
1096 2482 1294 2519 Videretur
1309 2488 1436 2518 autem

377 2536 416 2573 in
445 2547 578 2572 eorum
605 2535 816 2584 perditione
846 2535 1033 2584 delectari,
1055 2535 1085 2572 si
1105 2547 1240 2572 eorum
1261 2546 1436 2571 excaeca-

377 2588 519 2626 tionem
548 2589 586 2625 in
615 2590 760 2626 bonum
791 2601 924 2640 eorum
953 2601 1032 2626 non
1056 2594 1314 2625 converteret:
1343 2586 1438 2624 sicut

378 2641 550 2679 medicus
577 2641 770 2679 videretur
799 2641 975 2679 delectari
998 2642 1036 2678 in
1056 2641 1258 2678 afflictione
1282 2640 1435 2688 infirmi,

378 2694 408 2731 si
436 2694 666 2732 medicinam
696 2707 883 2742 amaram,
913 2707 1030 2743 quarn
1059 2694 1212 2731 infirmo
1240 2693 1435 2743 propinat,

379 2748 427 2785 ad
454 2747 533 2785 eius
561 2747 759 2785 sanitatem
785 2760 862 2784 non
883 2747 1085 2785 ordinaret.
1116 2748 1217 2795 Ergo
1242 2748 1348 2785 Deus
1377 2759 1438 2783 ex-

380 2801 636 2838 caecationem
666 2801 850 2838 convertit
871 2801 908 2837 in
929 2801 1075 2837 bonum
1105 2808 1405 2837 excaecatorum.

434 2855 467 2892 3.
488 2855 723 2902 PRAETEREA,
752 2854 856 2891 Deus
884 2865 958 2890 non
988 2859 1040 2890 est
1061 2865 1314 2902 personarum
1333 2865 1437 2890 acce-

371 2913 472 2955 ptor,
492 2914 534 2943 ut
553 2906 687 2944 dicitur
704 2906 787 2944 Act.
802 2919 826 2943 x
840 2906 870 2943 ³⁶.
893 2906 970 2943 Sed
990 2906 1232 2955 quorundam
1262 2917 1438 2943 excaeca-

377 2960 520 2996 tionem
551 2959 700 2997 ordinat
728 2959 776 2996 ad
797 2971 931 2996 eorum
956 2959 1133 2996 salutern:
1155 2959 1249 2995 sicut
1272 2971 1438 3008 quorun-

378 3013 466 3049 dam
487 3013 727 3060 Iudaeorum,
750 3012 814 3061 qui
830 3011 1016 3049 excaecati
1037 3019 1123 3048 sunt
1136 3019 1177 3048 ut
1193 3012 1342 3049 Christo
1358 3025 1437 3050 non

379 3065 584 3113 crederent,
603 3073 638 3102 et
657 3078 735 3103 non
756 3065 951 3103 credentes
967 3064 1195 3112 occiderent,
1213 3072 1248 3101 et
1266 3073 1437 3114 postmo-

379 3118 469 3156 dum
500 3119 718 3168 compuncti
746 3125 1067 3165 converterentur,
1098 3117 1192 3155 sicut
1211 3117 1257 3154 de
1284 3118 1437 3167 quibus-

379 3171 467 3208 dam
487 3172 620 3219 legitur
637 3172 719 3209 Act.
737 3184 759 3208 11
774 3171 809 3218 *;
834 3179 875 3208 ut
897 3179 1000 3221 patet
1023 3183 1092 3220 per
1109 3170 1377 3219 Augustinum,
1398 3171 1436 3208 in

339 3241 350 3268 ,-
382 3223 476 3260 libro
510 3225 554 3261 de
584 3226 730 3266 Quaest.
760 3226 911 3275 Evang.
938 3224 959 3246 ’¹‘
993 3225 1094 3272 Ergo
1124 3225 1229 3260 Deus
1262 3223 1434 3260 omnium

379 3277 681 3315 excaecationem
710 3278 894 3315 convertit
921 3277 959 3314 in
989 3289 1123 3314 eorum
1157 3277 1327 3313 salutem.

433 3329 506 3365 SED
523 3340 679 3378 CONTRA,
697 3343 774 3367 non
789 3338 875 3368 sunt
890 3330 1060 3368 facienda
1075 3330 1176 3367 mala
1189 3337 1231 3366 ut
1248 3329 1403 3367 veniant
1419 3334 1435 3350 α

431 3441 457 3474 α)
478 3442 595 3466 veniant.
612 3455 630 3460 —
648 3443 770 3467 eveniant
788 3443 840 3468 EF.

431 3475 456 3509 β)
475 3477 641 3502 misericordi
661 3477 712 3502 Dei
728 3478 907 3508 providentia.
925 3492 943 3498 ·-
962 3479 1143 3504 misericordis
1158 3479 1209 3503 Dei
1219 3479 1392 3510 providentia
1405 3479 1436 3507 K,

378 3512 560 3538 misericordia
581 3512 632 3537 Dei
651 3513 701 3542 EF,
721 3513 903 3538 misericordia
924 3514 975 3538 Dei
995 3514 1030 3545 (et
1048 3514 1116 3539 addit
1131 3515 1179 3547 εΗ)
1194 3514 1368 3546 providentia
1388 3514 1435 3538 GH

1487 1846 1607 1892 bona,
1635 1853 1676 1882 ut
1709 1845 1842 1882 dicitur
1870 1847 1981 1883 Rom.
2011 1858 2047 1883 111
2075 1846 2106 1883 ²¹⁸.
2138 1847 2215 1884 Sed
2250 1847 2464 1885 excaecatio
2499 1853 2554 1888 est

1488 1899 1645 1935 malum.
1671 1899 1772 1946 Ergo
1793 1899 1898 1935 Deus
1922 1911 2001 1936 non
2027 1907 2203 1936 excaecat
2226 1900 2371 1949 aliquos
2397 1908 2553 1950 propter

1489 1963 1623 1988 eorum
1649 1952 1806 1988 bonum.

1542 2005 1768 2042 Responmso
1797 2016 1980 2042 DICENDUM
1995 2005 2100 2053 quod
2121 2005 2333 2042 excaecatio
2355 2013 2410 2042 est
2429 2007 2552 2056 quod-

1491 2057 1579 2094 dam
1595 2057 1886 2106 praeambulum
1902 2058 1951 2094 ad
1965 2066 2177 2106 peccatum.
2199 2059 2404 2096 Peccatum
2421 2067 2549 2097 autem

1490 2110 1538 2147 ad
1568 2111 1644 2148 duo
1675 2110 1886 2147 ordinatur:
1916 2111 1965 2148 ad
1992 2122 2114 2148 unum
2143 2111 2301 2159 quidem
2321 2124 2389 2160 per
2407 2124 2460 2159 se,
2481 2112 2550 2149 sci-

1489 2163 1575 2200 licet
1602 2163 1650 2201 ad
1684 2163 1989 2206 damnationem
2023 2164 2072 2201 ad
2106 2163 2206 2201 aliud
2240 2171 2368 2201 autern
2403 2177 2448 2201 ex
2482 2165 2552 2202 mi-

1479 2216 1670 2276 ksericordi
1699 2216 1770 2253 Dei
1804 2216 2044 2265 providentia
2071 2215 2102 2263 β,
2136 2216 2276 2263 scilicet
2307 2219 2354 2255 ad
2389 2217 2551 2254 sanatio-

1491 2281 1593 2318 nem,
1614 2269 1839 2318 inquantum
1858 2270 1964 2306 Deus
1992 2269 2172 2318 permittit
2190 2269 2337 2319 aliquos
2357 2270 2521 2308 cadere
2512 2283 2552 2316 ln

1490 2330 1703 2371 peccatum,
1724 2330 1766 2359 ut
1788 2330 1989 2371 peccatum
2015 2334 2128 2359 suum
2148 2330 2408 2371 agnoscentes,
2427 2319 2553 2364 1111ώὶ-

1490 2375 1626 2412 lientur
1654 2383 1689 2412 et
1718 2382 1997 2422 convertantur,
2023 2375 2119 2413 sicut
2136 2374 2369 2424 Augustinus
2393 2375 2495 2429 dicit,
2511 2376 2552 2418 ih

1490 2428 1586 2465 libro
1615 2429 1660 2465 de
1686 2429 1839 2465 Natura
1868 2434 1903 2465 et
1934 2428 2066 2465 Gratia
2085 2428 2115 2466 *.
2145 2428 2257 2466 Unde
2282 2436 2318 2466 et
2337 2428 2590 2469 excaecatio·

1491 2493 1537 2518 ex
1561 2481 1618 2518 sui
1643 2488 1775 2518 natura
1805 2481 1999 2519 ordinatur
2018 2481 2066 2518 ad
2086 2481 2368 2518 damnationem
2388 2481 2478 2518 eius
2487 2481 2553 2531 qui

1493 2542 1725 2582 excaecatur,
1753 2541 1910 2584 propter
1937 2535 2041 2583 quod
2070 2534 2183 2571 etiam
2202 2534 2356 2583 ponitur
2374 2535 2553 2584 reproba-

1490 2587 1601 2624 tionis
1630 2587 1807 2624 effectus:
1836 2587 1903 2624 sed
1929 2599 1974 2623 ex
1993 2586 2121 2624 divina
2143 2586 2403 2625 misericordia
2423 2599 2553 2624 excae-

1492 2640 1588 2677 catio
1623 2641 1671 2677 ad
1703 2648 1855 2689 tempus
1890 2639 2086 2678 ordinatur
2118 2639 2389 2680 medicinaliter
2416 2641 2465 2678 ad
2493 2652 2552 2678 sa-

1491 2694 1608 2730 lutem
1638 2706 1772 2730 eorum
1802 2693 1866 2742 qui
1895 2700 2153 2730 excaecantur.
2184 2692 2261 2730 Sed
2289 2693 2384 2730 haec
2407 2693 2552 2730 miseri-

1492 2746 1621 2783 cordia
1649 2759 1726 2783 non
1756 2746 1934 2783 omnibus
1962 2745 2195 2795 impenditur
2224 2745 2452 2793 excaecatis,
2483 2746 2550 2785 sed

1491 2799 1775 2861 praedestinatis
1804 2799 1950 2846 solum,
1980 2798 2118 2847 quibus
2147 2799 2274 2836 omnia
2303 2802 2554 2847 cooperantur

1491 2853 1528 2890 in
1545 2853 1696 2899 honum,
1713 2852 1807 2889 sicut
1828 2827 1962 2889 dicitui·
1979 2852 2091 2889 Rom.
2108 2863 2168 2888 vm
2183 2851 2214 2888 ³⁸.
2235 2851 2346 2889 Unde
2367 2859 2549 2900 quantum

1492 2905 1540 2942 ad
1556 2905 1757 2953 quosdam,
1779 2904 1993 2941 excaecatio
2013 2904 2209 2942 ordinatur
2227 2904 2276 2942 ad
2295 2903 2549 2942 sanationem:

1492 2966 1676 3017 quantum
1697 2966 1825 2994 autem
1846 2957 1894 2994 ad
1913 2957 2017 3004 alios,
2034 2957 2082 2994 ad
2099 2957 2394 3004 damnationem,
2413 2964 2455 2995 ut
2472 2959 2551 2995 Au-

1491 3011 1660 3060 gustinus
1689 3010 1796 3057 dicit,
1827 3011 1864 3047 in
1893 3011 1942 3046 III
1963 3011 2009 3047 de
2031 3010 2180 3052 Quaest.
2199 3009 2392 3060 Evangst'

1544 3066 1602 3101 An
1636 3075 1772 3100 PRlMUM
1805 3075 1903 3100 ERoo
1932 3075 2114 3100 DlCENDUM
2147 3063 2253 3113 quod
2286 3062 2417 3100 omnia
2449 3062 2551 3101 mala

1492 3129 1588 3166 quae
1609 3117 1714 3153 Deus
1738 3115 1823 3153 facit
1850 3116 1912 3154 vel
1940 3116 2122 3165 permittit
2149 3116 2244 3164 fieri,
2274 3112 2550 3176 ordinanturin

1491 3170 1648 3230 aliquod
1675 3170 1843 3206 bonum:
1874 3182 1952 3206 non
1984 3176 2113 3206 tamen
2145 3181 2297 3219 semper
2327 3167 2367 3206 in
2402 3169 2549 3206 bonum

1492 3222 1571 3259 eius
1600 3223 1638 3259 in
1666 3235 1743 3272 quo
1773 3229 1828 3259 est
1855 3223 2020 3269 malum,
2051 3222 2119 3259 sed
2147 3222 2380 3270 quandoque
2408 3221 2456 3258 ad
2481 3220 2549 3258 bo-

1491 3288 1585 3313 num
1614 3275 1774 3322 alterius,
1794 3275 1857 3313 vel
1878 3275 1987 3312 etiam
2007 3275 2120 3312 totius
2139 3274 2318 3312 universi.
2350 3272 2454 3311 Sicut
2473 3274 2550 3310 cul-

1490 3341 1581 3378 pam
1601 3337 1848 3377 tyrannorum
1869 3327 2058 3365 ordinavit
2070 3333 2087 3356 Υ
2100 3327 2139 3365 in
2153 3328 2300 3365 bonurn
2319 3333 2548 3374 martyrum3

1489 3443 1598 3476 pomi),
1618 3442 1695 3476 (spat.
1709 3443 1775 3476 vac.)
1796 3443 1848 3468 Dei
1861 3443 2035 3475 providentia
2049 3443 2071 3471 1,
2091 3441 2183 3466 divina
2202 3441 2384 3466 misericordia
2403 3440 2443 3466 vel
2455 3441 2550 3472 provi-

1489 3479 1580 3504 dentia
1600 3479 1646 3504 Pa.
1664 3492 1683 3497 -
1702 3479 1752 3503 Pro
1770 3478 1944 3507 sanationem,
1964 3478 2076 3503 salutem
2095 3477 2146 3507 EF,
2164 3476 2337 3501 salvationem
2356 3477 2389 3501 Κ.

1541 3514 1566 3547 γ)
1587 3513 1731 3539 ordinavit.
1749 3526 1768 3533 -
1786 3513 1896 3538 ordinat
1913 3513 1959 3538 Pa.

2602 1412 2629 1434 ln
2642 1416 2704 1440 resp.
2714 1411 2742 1434 nd
2758 1418 2779 1434 ι,

2580 1864 2589 1874 ·
2605 1862 2672 1885 Vm.
2686 1863 2712 1886 8.

2581 2443 2671 2471 ’.ῦιρ
2693 2449 2773 2471 mn,

2579 2475 2674 2492 xxvnr.

2579 2867 2588 2876 ·
2603 2865 2670 2888 vern.
2684 2866 2721 2888 28.

2578 3018 2651 3040 'Loc.
2660 3018 2700 3041 cit.
2707 3018 2730 3042 in
2739 3025 2789 3047 arg.
