2840 4010
79 744 88 752 ³
105 742 141 763 Cf.
157 747 194 769 qu.
205 746 288 766 mxxv,

79 767 166 790 Introd.

80 1264 151 1286 ‘Vide
160 1264 291 1286 Comment.

84 1291 155 1313 Caiet.
162 1294 215 1318 post
224 1294 292 1311 art.2.

180 1427 196 1443 α

82 1481 90 1488 ·
107 1479 165 1506 Cep.
179 1485 201 1500 ν.
212 1490 221 1494 -
232 1479 293 1500 Inter

83 1505 215 1532 suppositit.
232 1506 291 1532 Aug.

81 1743 89 1750 ¹
103 1741 150 1769 Qu.
162 1748 238 1768 cxxiv,
250 1746 291 1763 art.

80 1773 134 1816 ¹·'C21i
155 1810 160 1815 .
171 1801 202 1820 lx,
219 1801 241 1816 n.
252 1801 271 1822 3.
281 1806 291 1810 -

82 1819 106 1842 S.
117 1820 137 1842 T
157 1837 163 1842 .
177 1822 228 1843 lect.
244 1828 290 1843 xiv.

78 2801 85 2809 ”
101 2800 167 2822 Vers.
182 2806 214 2822 22.

75 2904 84 2911 ·
101 2903 167 2925 Vers.
182 2910 216 2932 27.

315 175 386 212 118

965 172 1229 221 QUAESTIO
1259 172 1468 217 LXXXVI,
1499 171 1835 208 ARTICULUS]

779 352 1187 430 QUAEsTIO
1228 351 2031 407 OCTOGESIMASEXTA
2087 315 2092 320 ’

1032 472 1121 511 DE
1160 471 1445 511 MACULA
1488 470 1778 511 PECCATI

1137 586 1170 610 IN
1201 585 1293 611 DUOS
1321 585 1521 610 ARTICULOS
1549 585 1664 610 DIVISA

400 694 507 720 E1NDE
554 680 872 718 considerandum
916 687 971 716 est
1012 679 1059 716 de
1100 678 1248 715 macula
1289 690 1376 726 pec-

319 694 396 775 D
454 734 524 771 cati
543 734 573 770 ²³⁶.

317 790 365 825 Et
394 788 490 824 circa
518 788 593 823 hoc
621 793 854 834 quaeruntur
882 785 971 822 duo.

1475 677 1618 714 Primo:
1635 685 1762 714 utrum
1778 680 1928 716 macula
1943 679 2090 716 animae
2107 679 2152 716 sit
2165 679 2320 716 effectus
2334 680 2491 728 peccati.

1477 730 1678 788 Secundor
1694 738 1821 767 utrum
1842 739 2036 769 remaneat
2055 732 2092 769 in
2114 732 2241 769 anima
2260 740 2346 781 post
2366 740 2491 770 actum

1536 790 1692 831 peccati.

1128 891 1442 934 ARTICULUS
1474 891 1678 932 PRIMUS

756 987 911 1017 UTRUM
935 985 1172 1016 PECCATUM
1197 985 1367 1016 CAUSET
1390 985 1589 1022 ALIQUAM
1612 984 1828 1016 MACULAM
1852 985 1895 1015 IN
1918 986 2056 1016 ANIMA

908 1065 983 1096 infra,
1004 1073 1047 1097 qu.
1067 1072 1162 1094 Lxxx1x‚
1183 1069 1229 1088 art.
1248 1072 1275 1095 1;
1294 1064 1328 1089 IV
1348 1064 1431 1094 Sent„
1451 1064 1510 1089 dist.
1521 1071 1595 1094 xvim,
1615 1072 1658 1096 qu.
1673 1072 1695 1093 1,
1715 1069 1761 1088 art.
1778 1071 1801 1094 2,
1821 1065 1867 1096 qu*
1887 1071 1905 1089 1.
1958 1078 1961 1079 ν

358 1196 381 1206 ..
437 1179 482 1205 3
531 1166 553 1190 1)
582 1165 718 1190 PRIMUM
747 1165 800 1189 stc
829 1163 1067 1188 PROCEDrrUR.
1089 1151 1249 1187 Videtur
1277 1151 1380 1200 quod

381 1204 395 1225 ·”
530 1214 729 1256 peccatum
758 1217 836 1241 non
856 1212 984 1241 causet
1003 1204 1169 1252 aliquam
1190 1204 1380 1240 maculam

337 1261 351 1316 ἰ
381 1274 457 1304 ’κῃ
477 1256 568 1300 (in
588 1259 715 1295 anima
734 1257 764 1294 ²³².
795 1258 941 1294 Natura
971 1257 1073 1293 enim
1103 1256 1275 1305 superior
1302 1268 1380 1293 non

375 1287 465 1339 &⁶⁵⁹⁴
487 1303 654 1360 &potest
681 1310 868 1358 inquinari
889 1321 933 1346 ex
953 1316 1127 1346 contactu
1151 1317 1307 1346 naturae
1326 1309 1381 1346 in-

320 1364 483 1401 ferioris:
514 1364 614 1401 unde
645 1363 771 1401 radius
800 1362 932 1399 solaris
961 1375 1039 1399 non
1068 1362 1286 1411 inquinatur
1313 1374 1381 1410 per

319 1425 461 1454 tactum
478 1429 683 1466 corporum
699 1416 903 1453 fetidorum
920 1420 948 1461 ⁰²,
969 1423 1010 1452 ut
1029 1414 1261 1463 Augustinus
1281 1414 1380 1462 dicit,

320 1471 359 1507 in
386 1470 481 1506 libro
515 1471 656 1507 Contra
689 1469 859 1517 Quinque
885 1469 1076 1505 Haereses
1090 1468 1120 1504 ²¹⁸.
1152 1467 1228 1504 Sed
1253 1468 1381 1505 anima

320 1524 489 1560 humana
518 1530 573 1559 est
600 1523 720 1559 multo
755 1520 958 1570 superioris
992 1529 1147 1558 naturae
1177 1533 1294 1568 quam
1323 1533 1381 1558 res

321 1576 623 1622 commutabiles,
636 1575 685 1611 ad
700 1587 794 1622 quas
810 1575 1005 1623 peccando
1022 1574 1263 1611 convertitur.
1278 1575 1379 1622 Ergo

322 1641 366 1666 ex
394 1629 445 1665 eis
473 1629 663 1665 maculam
692 1640 770 1664 non
799 1627 984 1664 contrahit
1011 1627 1219 1676 peccandO.

375 1693 410 1718 2.
430 1682 663 1727 PRAETEREA,
684 1687 884 1729 peccatum
905 1688 960 1717 est
979 1680 1234 1729 principaliter
1253 1679 1291 1716 in
1311 1692 1379 1717 vo—

320 1735 480 1782 luntate,
510 1742 551 1771 ut
579 1746 694 1783 supra
715 1733 735 1754 *
765 1732 907 1770 dictum
941 1741 1006 1770 est.
1035 1734 1220 1770 Voluntas
1252 1740 1379 1770 autem

321 1795 376 1824 est
403 1787 441 1823 in
470 1787 627 1834 ratione,
655 1794 698 1823 ut
726 1785 859 1823 dicitur
885 1786 924 1822 in
949 1787 998 1822 ΙΙΙ
1019 1787 1064 1823 de
1081 1786 1222 1823 Anima
1241 1785 1272 1822 ³¹².
1303 1786 1380 1824 Sed

320 1840 426 1887 ratio,
457 1840 535 1878 sive
564 1840 785 1885 intellectus,
815 1851 893 1876 non
914 1839 1124 1875 maculatur
1144 1851 1188 1875 ex
1209 1838 1380 1876 conside-

320 1893 465 1930 ratione
494 1904 824 1942 quarumcumque
854 1904 992 1938 rerum,
1023 1892 1089 1928 sed
1118 1891 1238 1940 magis
1265 1893 1380 1941 perfi-

321 1947 425 1984 citur.
456 1947 557 1994 Ergo
588 1958 659 1983 nec
685 1946 862 1983 voluntas
892 1957 937 1982 ex
964 1952 1122 1994 peccato
1157 1945 1377 1983 maculatur.

375 1999 409 2036 3.
431 2000 663 2046 PRAETEREA,
681 1999 710 2036 si
730 2006 930 2047 peccatum
950 1998 1141 2035 maculam
1161 2006 1300 2045 causat,
1316 2006 1381 2036 aut

319 2053 469 2089 macula
497 2052 558 2089 illa
588 2059 643 2089 est
671 2051 810 2100 aliquid
838 2051 1011 2101 positive,
1042 2059 1107 2088 aut
1135 2059 1191 2088 est
1218 2051 1378 2100 privatio

318 2118 426 2154 pura.
457 2105 496 2142 Si
516 2106 562 2142 sit
583 2105 727 2154 ,aliquid
753 2105 928 2153 positive,
958 2117 1036 2141 non
1062 2112 1186 2154 potest
1206 2117 1289 2141 esse
1308 2104 1380 2142 nisi

320 2158 516 2207 dispositio
535 2159 598 2196 vel
617 2158 787 2195 habitus:
813 2158 901 2195 nihil
922 2157 1023 2194 enim
1044 2158 1146 2195 aliud
1165 2157 1315 2194 videtur
1334 2170 1380 2195 ex

319 2219 404 2248 actu
434 2211 590 2249 causari.
625 2211 832 2260 Dispositio
862 2218 990 2248 autem
1020 2218 1056 2247 et
1078 2209 1095 2239 β
1123 2210 1272 2248 habitus
1300 2223 1379 2248 non
1415 2255 1417 2258 y

319 2272 394 2301 est:
425 2264 604 2312 contingit
632 2264 745 2311 enim,
776 2271 922 2301 remota
950 2264 1196 2313 dispositione
1224 2264 1286 2301 vel
1313 2265 1379 2301 ha-

317 2317 414 2365 bitu,
445 2317 570 2354 adhuc
597 2330 795 2355 remanere
825 2318 1037 2361 maculam;
1067 2326 1108 2354 ut
1134 2324 1237 2366 patet
1264 2317 1302 2354 in
1331 2330 1377 2354 eo

317 2371 382 2417 qui
418 2370 591 2419 peccavit
625 2371 831 2408 mortaliter
864 2370 1147 2418 prodigalitate,
1178 2378 1214 2407 et
1245 2378 1378 2419 postea

315 2430 606 2471 transmutatur,
640 2423 847 2461 mortaliter
881 2424 1097 2471 peccando,
1132 2423 1171 2460 in
1204 2423 1377 2460 habitum

315 2476 394 2513 vitii
423 2477 596 2525 oppositi.
628 2478 719 2514 Non
748 2488 837 2524 ergo
859 2477 1007 2513 macula
1026 2477 1132 2526 ponit
1151 2476 1291 2524 aliquid
1310 2489 1377 2525 po-

315 2529 423 2567 sitive
451 2530 490 2567 in
518 2530 655 2567 anima.
677 2550 700 2557 -
722 2529 898 2566 Similiter
918 2530 1029 2567 etiam
1051 2543 1122 2567 nec
1143 2537 1198 2567 est
1215 2529 1376 2578 privatio

314 2595 421 2631 pura.
453 2583 552 2630 Quia
581 2583 709 2620 omnia
728 2590 884 2630 peccata
904 2583 1136 2620 conveniunt
1154 2587 1169 2610 Υ
1198 2595 1243 2620 ex
1271 2590 1376 2632 parte

315 2635 525 2673 aversionis
554 2644 590 2672 et
614 2634 835 2684 privationis
855 2636 1005 2683 gratiae.
1037 2637 1266 2685 Sequeretur
1287 2648 1375 2684 ergo

315 2690 420 2738 quod
436 2689 610 2726 omnium
625 2696 869 2737 peccatorum
886 2697 984 2726 esset
999 2690 1148 2726 macula
1164 2702 1251 2726 una.
1274 2690 1375 2737 Ergo

314 2737 463 2779 macula
492 2755 570 2779 non
599 2749 654 2778 est
682 2741 837 2778 effectus
866 2742 1020 2790 peccati.

369 2796 442 2832 SED
478 2807 623 2833 CONTRA
655 2807 720 2831 EST
753 2793 857 2842 quod
893 2795 1044 2842 dicitur,
1073 2795 1188 2831 Eccli.
1215 2795 1372 2841 xcvi1*,

315 2848 532 2886 Salomoni:
568 2848 713 2886 Dedisti
748 2847 936 2884 maculam
975 2849 1011 2884 in
1049 2848 1174 2897 gloria
1212 2853 1288 2886 tua.
1327 2849 1376 2885 Et

311 2902 446 2949 Ephes.
468 2915 492 2938 v
509 2901 545 2938 *z
581 2902 629 2938 Ut
646 2900 838 2938 exhiberet
854 2901 925 2937 sibi
940 2901 1147 2950 gloriosam
1167 2901 1374 2939 Ecclesiam

313 2966 386 2991 non
415 2956 611 2992 habentem
631 2954 820 2991 maculam
840 2959 907 2991 aut
924 2966 1075 3004 rugam.
1106 2955 1153 2990 Et
1172 2955 1374 3003 utrobique

312 3007 477 3055 loquitur
497 3010 543 3046 de
564 3009 714 3045 macula
732 3007 889 3056 peccati.
921 3007 1022 3055 Ergo
1042 3008 1192 3044 macula
1213 3015 1268 3044 est
1287 3007 1375 3044 effe-

315 3067 394 3097 ctus
422 3061 578 3109 peccati.

367 3115 592 3151 Responmzo
622 3125 804 3151 DlCENDUM
835 3113 937 3162 quod
967 3113 1118 3149 macula
1147 3112 1297 3161 proprie
1321 3112 1374 3149 di-

316 3165 409 3202 citur
436 3166 473 3203 in
503 3167 774 3216 corporalibus,
806 3166 961 3214 quando
988 3165 1142 3214 aliquod
1162 3177 1299 3214 corpus
1320 3165 1373 3202 ni-

369 3297 395 3327 α)
414 3304 554 3327 corporum
566 3297 723 3329 fetidorum.
741 3311 759 3316 -
778 3305 922 3329 corporeae
934 3298 1020 3330 faecis
1042 3298 1124 3327 DHL,
1144 3301 1286 3328 corruptae
1307 3304 1374 3325 vocor-

311 3338 411 3363 poreae
424 3332 492 3361 KsB)
507 3332 593 3363 faecis
613 3333 651 3356 vel
670 3340 810 3363 corporum
820 3333 970 3366 fetidorum
991 3333 1104 3359 EFKsB:
1125 3333 1164 3357 vel
1182 3332 1374 3365 corpor-amse-

315 3367 431 3391 tidorum
451 3374 540 3397 margo
559 3367 593 3396 L;
613 3368 762 3391 cloacarum
782 3368 872 3392 sordes
892 3368 1060 3398 Augustinus.

1434 1150 1555 1187 tidum
1583 1150 1707 1199 pe'rdit
1735 1163 1846 1187 suurn
1872 1150 2033 1188 nitorem
2067 1163 2111 1188 ex
2140 1160 2315 1190 contactu
2343 1155 2493 1192 alterius

1436 1203 1617 1252 corporis,
1647 1204 1741 1240 sicut
1768 1203 1882 1240 vestis
1912 1212 1947 1240 et
1971 1216 2107 1242 aurum
2137 1213 2173 1242 et
2200 1214 2410 1254 argentum,
2431 1215 2496 1244 aut

1435 1256 1536 1293 aliud
1565 1257 1796 1293 huiusmodi.
1827 1257 1869 1293 In
1893 1257 2005 1293 rebus
2026 1265 2153 1294 autem
2174 1258 2426 1307 spiritualibus
2446 1262 2494 1297 ad

1435 1308 1716 1346 similitudinem
1736 1309 1848 1345 huius
1869 1316 2018 1358 oportet
2044 1311 2234 1348 maculam
2255 1311 2338 1348 dici.
2369 1313 2496 1350 Habet

1435 1369 1563 1398 autern
1593 1362 1719 1399 anima
1746 1361 1913 1399 hominis
1942 1362 2131 1411 duplicem
2161 1363 2344 1404 nitorem:
2372 1367 2517 1403 unum*

1436 1415 1591 1463 quidem
1622 1427 1666 1451 ex
1696 1415 1916 1462 refulgentia
1943 1415 2095 1452 luminis
2123 1417 2301 1454 naturalis
2329 1418 2494 1465 rationis,

1434 1479 1504 1516 per
1523 1480 1639 1517 quam
1665 1467 1831 1515 dirigitur
1850 1467 1888 1504 in
1908 1467 1984 1505 suis
2004 1468 2169 1515 actibus;
2200 1470 2316 1507 aliurn
2334 1482 2429 1507 vero
2450 1483 2496 1507 ex

1436 1521 1656 1568 refulgentia
1690 1520 1804 1557 divini
1838 1520 2010 1567 luminis,
2045 1522 2182 1559 scilicet
2216 1522 2421 1571 sapientiae
2459 1531 2496 1560 et

1434 1573 1585 1620 gratiae,
1615 1586 1683 1622 per
1711 1585 1826 1621 quam
1848 1573 1959 1610 etiam
1978 1574 2098 1611 homo
2117 1575 2310 1623 perficitur
2329 1576 2378 1613 ad
2397 1577 2494 1613 bene

1436 1633 1472 1662 et
1499 1626 1676 1663 decenter
1707 1626 1909 1674 agendum.
1945 1627 2013 1663 Est
2045 1635 2173 1664 autem
2203 1628 2310 1676 quasi
2338 1629 2494 1678 quidam

1435 1679 1585 1716 animae
1617 1687 1757 1725 tactuS,
1787 1680 1943 1727 quando
1971 1679 2141 1717 inhaeret
2169 1680 2353 1729 aliquibus
2381 1683 2495 1719 rebus

1433 1744 1502 1780 per
1530 1745 1714 1770 amorem.
1747 1733 1847 1768 Cum
1871 1740 1999 1769 autem
2018 1741 2162 1781 peccat,
2183 1733 2363 1771 adhaeret
2381 1735 2496 1772 rebus

1433 1784 1623 1833 aliquibus
1653 1792 1782 1822 contra
1810 1786 1940 1822 lumen
1970 1785 2123 1823 rationis
2153 1794 2189 1822 et
2216 1786 2367 1824 divinae
2389 1787 2494 1836 legis,

1433 1845 1475 1874 ut
1495 1850 1539 1874 ex
1567 1838 1787 1886 supradictis
1806 1837 1967 1886 *pater
1996 1838 2107 1876 Unde
2136 1838 2262 1887 ipsum
2291 1839 2494 1877 detrimen-

1433 1898 1514 1934 tum
1543 1891 1673 1928 nitoris
1703 1904 1746 1927 ex
1775 1891 1837 1927 tali
1866 1898 2041 1928 contactu
2066 1892 2315 1940 proveniens,
2346 1894 2495 1930 macula

1433 1943 1583 1981 animae
1613 1944 1871 1993 metaphorice
1899 1951 2070 1981 vocatur.

1486 1999 1545 2033 AD
1565 2009 1701 2034 PmMUM
1721 2009 1818 2033 ERGO
1838 2009 2022 2034 DICENDUM
2047 1998 2151 2046 quod
2179 1997 2305 2034 anima
2333 2010 2412 2035 non
2440 1998 2495 2036 in-

1434 2049 1610 2098 quinatur
1626 2062 1670 2086 ex
1685 2051 1798 2086 rebus
1818 2049 2057 2087 inferioribus
2071 2050 2209 2087 virtute
2226 2062 2371 2098 earum,
2388 2050 2496 2100 quasi

1434 2102 1632 2150 agentibus
1662 2103 1714 2139 eis
1738 2103 1985 2140 inanimam:
2015 2103 2082 2140 sed
2112 2103 2232 2151 magis
2256 2116 2277 2140 e
2306 2116 2494 2141 converso

1433 2156 1560 2192 anima
1589 2169 1657 2193 sua
1687 2156 1834 2192 actione
1864 2168 1903 2193 se
1932 2155 2114 2204 inquinat,
2135 2156 2348 2194 inordinate
2369 2157 2421 2194 eis
2440 2157 2495 2194 in·

1432 2209 1639 2256 haerendo,
1671 2216 1800 2246 contra
1823 2210 1952 2245 lumen
1974 2208 2126 2245 rationis
2156 2217 2192 2257 et
2216 2209 2366 2247 divinae
2391 2210 2493 2258 legis.

1485 2263 1544 2298 Ao
1577 2274 1766 2299 SECUNDUM
1798 2273 1986 2299 DICENDUM
2018 2262 2123 2310 quod
2151 2262 2248 2299 actio
2285 2262 2494 2300 intellectus

1432 2315 1625 2363 perficitur
1648 2315 1859 2351 secundum
1880 2314 1986 2363 quod
2005 2327 2064 2351 res
2084 2315 2331 2363 intelligibiles
2350 2323 2436 2352 sunt
2455 2316 2494 2353 in

1433 2367 1620 2404 intellectu
1648 2380 1716 2416 per
1743 2368 1904 2404 modum
1933 2367 2050 2416 ipsius
2084 2367 2312 2405 intellectus:
2343 2376 2379 2405 et
2405 2368 2492 2406 ideo

1433 2421 1640 2458 intellectus
1670 2433 1714 2457 ex
1744 2421 1796 2457 eis
1826 2433 1904 2457 non
1932 2420 2109 2467 inficitur,
2138 2421 2206 2458 sed
2234 2420 2354 2469 magis
2378 2421 2493 2470 perfi-

1433 2474 1537 2511 citur.
1570 2474 1647 2510 Sed
1674 2481 1779 2510 actus
1805 2474 2011 2511 voluntatis
2045 2473 2213 2510 consistit
2237 2473 2275 2510 in
2303 2481 2412 2511 motu
2443 2474 2493 2511 ad

1431 2527 1530 2576 ipsas
1551 2540 1621 2574 res,
1651 2527 1701 2563 ita
1728 2526 1832 2575 quod
1857 2539 1968 2564 amor
1988 2526 2217 2574 conglutinat
2245 2526 2413 2563 animam
2438 2527 2492 2566 rei

1433 2588 1592 2617 amatae.
1625 2581 1672 2616 Et
1701 2592 1745 2616 ex
1767 2580 1842 2616 hoc
1862 2579 1989 2616 anima
2013 2579 2233 2626 maculatur,
2254 2580 2410 2629 quando
2438 2580 2492 2617 in-

1431 2634 1601 2670 ordinate
1622 2633 1806 2678 inhaeret;
1827 2633 2041 2669 secundum
2060 2632 2150 2669 illud
2166 2633 2268 2669 Osee
2284 2632 2363 2669 1x*:
2385 2633 2495 2670 Facti

1429 2693 1516 2723 sunt
1541 2686 1821 2731 abominabiles,
1849 2685 1944 2722 sicut
1970 2697 2014 2722 ea
2043 2696 2139 2733 quae
2167 2685 2388 2722 dilexerunt.

1484 2741 1542 2776 Ao
1562 2750 1721 2775 TERTmM
1741 2750 1925 2776 DICENDUM
1945 2738 2050 2787 quod
2069 2739 2219 2775 macula
2246 2750 2325 2775 non
2354 2745 2410 2775 est
2429 2738 2493 2775 ali-

1430 2792 1520 2840 quid
1540 2791 1702 2840 positive
1722 2791 1758 2828 in
1778 2791 1916 2839 anima,
1938 2803 2008 2828 nec
2037 2790 2221 2838 significat
2238 2790 2491 2840 privationem

1430 2845 1572 2881 solam:
1603 2844 1670 2881 sed
1703 2844 1887 2891 significat
1920 2843 2174 2892 privationem
2207 2844 2402 2892 quandam
2437 2844 2492 2881 ni-

1428 2897 1519 2934 toris
1539 2897 1689 2933 animae
1718 2897 1756 2934 in
1778 2896 1912 2934 ordine
1932 2897 1979 2933 ad
2001 2909 2109 2933 suam
2131 2909 2296 2945 causam,
2318 2909 2416 2946 quae
2437 2905 2493 2934 est

1428 2957 1641 2999 peccatum.
1671 2950 1720 2986 Et
1747 2950 1834 2986 ideo
1860 2949 2009 2987 diversa
2037 2957 2193 2998 peccata
2222 2949 2391 2987 diversas
2410 2962 2491 2987 ma-

1431 3003 1531 3040 culas
1560 3003 1755 3040 inducunt.
1785 3003 1832 3039 Et
1862 3010 1915 3039 est
1940 3002 2060 3039 simile
2081 3003 2126 3039 de
2146 3004 2293 3050 umbra,
2315 3015 2413 3052 quae
2433 3010 2489 3040 est

1430 3056 1589 3105 privatio
1619 3055 1771 3092 luminis
1801 3067 1845 3092 ex
1874 3055 2023 3092 obiecto
2053 3056 2208 3093 alicuius
2238 3055 2425 3104 corporis,
2456 3063 2491 3092 et

1430 3109 1642 3146 secundum
1672 3107 1927 3145 diversitatem
1954 3121 2159 3158 corporum
2180 3109 2416 3146 obiectorum
2437 3107 2490 3146 di-

1429 3162 1691 3199 versificantur
1718 3161 1888 3198 umbrae.

1484 3295 1508 3329 (2)
1529 3300 1562 3320 ct.
1580 3309 1598 3314 —
1617 3299 1664 3319 aut
1684 3296 1713 3319 Ε.

1482 3332 1507 3364 γ)
1528 3331 1694 3355 conveniunt.
1714 3343 1731 3348 —
1750 3330 1873 3354 eveniunt
1893 3330 1938 3355 Pa.

2521 1853 2536 1901 ἒ
2547 1852 2596 1880 Qu.
2610 1859 2675 1881 uxr,
2690 1857 2739 1876 art.

2517 2645 2528 2656 ⁴*
2542 2644 2610 2666 Vera.
2625 2649 2661 2666 ιο.
