2840 4010
106 983 115 994 *
130 982 185 1009 Cap.
202 987 232 1002 tv.

105 1565 117 1575 ⁸
131 1565 198 1586 Vei-s.
212 1571 223 1592 5
238 1569 290 1591 sqq.

105 1591 128 1603 Ψ*
142 1591 209 1613 Vers.
223 1597 236 1618 7
253 1596 304 1618 sqq.

109 1835 117 1843 ¹
132 1833 189 1861 Cap.
204 1838 243 1854 xii.

110 2099 118 2107 “
132 2097 198 2119 Vers.
212 2103 247 2125 45.

109 2520 119 2529 ³
134 2519 200 2541 Vei-s.
215 2525 236 2547 5.

118 3157 128 3167 ·
140 3155 168 3178 D.
184 3155 236 3183 678.

345 192 417 228 332

1013 182 1279 231 QUAESTIO
1309 181 1445 229 CXIII,
1475 179 1771 218 ARTICULUS
1800 180 1850 216 111

1146 332 1462 375 ARTICULUS
1491 331 1718 374 TERTIUS

617 440 771 472 UTRUM
795 438 852 468 AD
878 434 1262 468 IUSTIFICATIONEM
1287 434 1388 465 1MP11
1414 434 1700 471 REQUIRATUR
1722 433 1872 465 MOTus
1896 433 2035 464 LIBERI
2059 433 2247 464 ARBITRH

653 529 672 552 11
693 528 774 556 Sent„
795 526 853 550 dist.
872 532 947 555 xxvix,
968 528 1014 549 art.
1035 531 1058 555 2,
1078 523 1109 547 ad
1129 529 1157 555 7;
1177 523 1219 551 IV,
1239 522 1297 547 dist.
1316 529 1376 553 xvu,
1396 529 1440 555 qu.
1463 530 1484 552 x,
1504 527 1551 547 art.
1571 522 1594 552 3.
1609 523 1659 555 qu²
1680 529 1707 553 23
1729 523 1770 547 De
1793 522 1881 551 Verit„
1902 530 1947 554 qu.
1965 528 2051 551 xxvm,
2071 525 2117 546 art.
2138 520 2162 551 3,
2180 528 2210 552 43

1025 559 1054 583 In
1075 559 1157 587 Ioan„
1178 565 1234 590 cap.
1251 564 1286 586 w,
1306 558 1365 582 lect.
1383 565 1414 588 ιη
1432 558 1477 583 Aa
1496 558 1601 590 Ephes„
1620 566 1676 590 cap.
1694 565 1718 587 v,
1739 559 1796 582 lect.
1815 566 1840 583 v.

464 684 515 712 *15
556 672 578 696 D
601 670 760 696 TER‘rmM
786 669 838 694 sic
859 667 1101 693 Paocamwn.
1122 654 1281 691 Videtur
1299 654 1404 702 quod

407 711 421 733 ³
484 712 531 761 ’ξ’
557 713 606 749 ad
633 709 937 748 iustificationem
967 707 1072 757 impii
1095 719 1174 744 non
1194 706 1405 756 requiratur

526 763 545 791 f
557 772 683 802 motus
699 763 804 800 liberi
819 761 970 799 arbitrii.
983 761 1169 798 Videmus
1182 759 1282 797 enim
1299 760 1404 809 quod

344 872 451 922 pueri
480 873 623 920 absque
652 877 761 906 motu
784 868 889 905 liberi
918 867 1070 914 arbitrii,
1092 874 1127 903 et
1156 866 1269 903 etiam
1293 866 1404 903 inter—

346 926 438 963 dum
467 925 602 962 adulti:
634 923 721 960 dicit
748 922 851 959 enim
879 920 1132 969 Augustinus,
1163 920 1200 956 in
1230 920 1281 955 IV
1305 919 1402 956 Con-

333 981 428 1028 fess.
448 978 479 1025 ²⁸,
510 977 615 1026 quod
636 988 723 1013 cum
748 975 904 1024 quidam
923 986 1015 1010 suus
1044 973 1188 1010 amicus
1216 973 1405 1009 laboraret

344 1031 523 1078 febribus,
549 1030 663 1068 iacuit
688 1029 751 1065 diu
769 1028 850 1065 sine
872 1039 982 1064 sensu
1002 1027 1039 1063 in
1064 1026 1201 1063 sudore
1228 1025 1346 1070 letali,·
1371 1031 1406 1062 et

344 1086 433 1122 dum
462 1085 742 1133 desperaretur,
773 1081 977 1129 baptizatus
1004 1085 1059 1116 est
1085 1080 1261 1125 nesciens,
1282 1085 1318 1116 et
1347 1091 1404 1116 re-

345 1143 492 1175 creatus
511 1143 528 1159 ‘²
556 1142 630 1180 est‚·
658 1134 763 1184 quod
782 1134 825 1171 fit
844 1146 912 1182 per
935 1132 1092 1180 gratiam
1121 1132 1401 1169 iustificantem.

346 1191 423 1228 Sed
457 1192 563 1227 Deus
593 1188 803 1237 potentiam
838 1198 953 1222 suam·
983 1197 1061 1222 non
1089 1185 1254 1233 alligavit
1281 1197 1404 1221 sacra—

345 1244 491 1282 mentis.
529 1244 631 1289 Ergo
670 1241 783 1278 etiam
818 1246 942 1288 potest
979 1237 1179 1275 iustificare
1208 1237 1404 1274 hominem

345 1297 425 1334 sine
445 1294 690 1333 sacramentis
711 1294 855 1341 absque
876 1290 982 1328 omni
998 1298 1106 1327 motu
1124 1290 1232 1327 liberi
1250 1289 1403 1328 arbitrii.

400 1362 434 1386 2.
456 1350 690 1395 PRAETEREA,
710 1347 748 1383 in
777 1344 1005 1382 dormiendo
1034 1344 1154 1380 homo
1183 1356 1262 1380 non
1289 1343 1404 1381 habet

343 1415 457 1440 usum
486 1401 658 1448 rationis,
688 1399 769 1436 sine
798 1411 876 1447 quo
905 1409 983 1434 non
1010 1404 1136 1445 potest
1165 1409 1247 1433 esse
1276 1404 1404 1433 motus

344 1455 449 1493 liberi
477 1454 628 1492 arbitrii.
659 1453 737 1490 Sed
762 1453 947 1489 Salomon
965 1450 1003 1487 in
1024 1449 1251 1487 dormiendo
1273 1461 1404 1487 conse-

346 1516 453 1546 cutus
489 1515 544 1545 est
572 1520 593 1544 a
621 1508 706 1544 Deo
737 1506 882 1542 donum
919 1503 1146 1552 sapientiae3
1175 1510 1217 1540 ut
1244 1503 1405 1551 habetur

345 1563 396 1599 III
423 1563 521 1611 Reg.
542 1572 577 1597 111
599 1561 634 1607 ²¹⁴,
665 1566 702 1596 et
730 1560 761 1596 II
781 1557 909 1595 Paral.
931 1569 940 1594 1
963 1556 1014 1593 **.
1036 1557 1137 1604 Ergo
1167 1555 1298 1603 etiam,
1323 1555 1405 1606 pari

345 1615 501 1662 ratione,
518 1614 663 1651 donum
679 1612 819 1660 gratiae
838 1609 1072 1647 iustificantis
1087 1610 1321 1657 quandoque
1341 1609 1405 1646 da-

345 1676 406 1705 tur
431 1666 577 1704 homini
606 1678 627 1702 a
655 1667 740 1702 Deo
770 1665 915 1712 absque
944 1670 1052 1700 motu
1080 1662 1188 1699 liberi
1215 1662 1367 1700 arbitrii.

401 1722 435 1758 3.
456 1721 690 1766 PRAETEREA,
713 1730 783 1767 per
806 1717 969 1754 eandem
998 1727 1153 1752 causam
1182 1715 1300 1763 gratia
1317 1727 1405 1765 pro-

346 1773 495 1811 ducitur
522 1773 560 1809 in
590 1784 671 1809 esse
696 1778 732 1807 et
751 1777 1017 1807 conservatur:
1047 1768 1135 1806 dicit
1155 1768 1257 1805 enim
1276 1770 1405 1817 Augu-

346 1827 484 1874 stinus,
513 1826 599 1863 VIII
635 1836 748 1873 super
779 1823 871 1860 Gen.
901 1823 953 1859 ad
985 1822 1050 1858 litt.
1080 1821 1115 1868 ³¹⁶,
1145 1821 1252 1870 quod
1284 1821 1335 1858 ita
1366 1833 1406 1859 se

345 1881 452 1917 debet
467 1880 579 1916 homo
594 1879 646 1915 ad
657 1879 782 1914 Deum
801 1881 1029 1922 convertere,
1051 1880 1092 1911 ut
1107 1875 1156 1911 ab
1176 1874 1239 1911 illo
1257 1886 1406 1923 semper

335 1935 413 1981 fiat
439 1933 565 1968 iustus.
596 1931 674 1968 Sed
702 1931 846 1978 absque
874 1936 983 1965 motu
1001 1928 1108 1964 liberi
1128 1927 1267 1964 arbitrii
1287 1927 1405 1975 gratia

346 1986 385 2022 in
413 1985 571 2022 homine
597 1990 855 2021 conservatur.
886 1983 988 2029 Ergo
1009 1981 1154 2030 absque
1173 1988 1282 2018 motu
1301 1980 1406 2018 liberi

347 2038 486 2076 arbitrii
513 2044 638 2087 potest
665 2049 687 2073 a
714 2035 899 2085 principio
928 2033 1084 2071 infundi.
1355 2047 1357 2049 ·

401 2093 475 2129 SED
495 2102 641 2128 CONTRA
659 2101 726 2126 EST
745 2089 850 2138 quod
870 2087 1004 2125 dicitur
1029 2088 1133 2124 Ioan.
1153 2098 1189 2123 vl
1210 2087 1251 2123 *z
1277 2086 1406 2124 Omnis

347 2145 412 2194 qui
437 2144 542 2182 audit
567 2155 591 2180 a
619 2144 732 2179 Patre
750 2148 785 2178 et
802 2141 938 2187 didicit,
957 2140 1059 2178 venit
1084 2140 1136 2176 ad
1153 2152 1224 2177 me.
1255 2140 1333 2177 Sed
1353 2139 1407 2176 di-

347 2210 451 2234 scere
470 2209 549 2234 non
570 2203 625 2233 est
652 2196 732 2232 sine
753 2202 860 2231 motu
888 2194 995 2231 liberi
1023 2192 1182 2230 arbitrii:
1207 2192 1407 2230 addiscens

348 2250 450 2287 enim
467 2249 651 2287 consentit
665 2247 828 2286 docenti.
841 2248 943 2295 Ergo
959 2247 1084 2284 nullus
1098 2245 1203 2283 venit
1216 2245 1265 2283 ad
1280 2247 1407 2283 Deum

347 2316 416 2353 per
444 2302 600 2351 gratiam
628 2301 894 2338 iustificantem
923 2301 1069 2349 absque
1088 2306 1198 2337 motu
1224 2298 1331 2336 liberi
1351 2311 1407 2336 ar-

348 2355 457 2394 bitrii.

402 2410 627 2446 RESPONDEO
655 2418 839 2444 DICENDUM
868 2405 974 2455 quod
1001 2405 1215 2442 iustificatio
1238 2404 1346 2454 impii
1365 2405 1408 2442 fit

349 2463 433 2499 Deo
462 2468 643 2499 movente
671 2460 870 2497 hominem
899 2460 946 2496 ad
974 2458 1170 2495 iustitiam:
1200 2458 1280 2507 ipse
1306 2457 1406 2495 enim

351 2522 406 2552 est
437 2515 503 2564 qui
535 2514 710 2562 iustificat
746 2513 922 2562 impium,
950 2520 992 2549 ut
1022 2511 1156 2549 dicitur
1182 2512 1295 2548 Rom.
1322 2523 1357 2548 1v
1374 2510 1406 2548 ²⁸.

349 2570 456 2606 Deus
494 2575 620 2604 autem
657 2573 788 2603 movet
829 2564 958 2603 omnia
995 2565 1209 2602 secundum
1246 2565 1408 2601 modum

350 2620 664 2669 uniuscuiusque:
686 2619 782 2656 sicut
800 2618 839 2656 in
858 2617 1090 2655 naturalibus
1108 2617 1285 2655 videmus
1305 2616 1409 2666 quod

351 2674 456 2711 aliter
470 2680 676 2710 moventur
691 2673 738 2709 ab
759 2672 842 2720 ipso
862 2671 991 2719 gravia
1012 2678 1047 2708 et
1066 2670 1171 2708 aliter
1189 2671 1301 2718 levia,
1320 2682 1409 2719 pro-

350 2735 434 2776 pter
462 2727 652 2764 diversam
685 2732 860 2762 naturam
897 2724 1103 2773 utriusque.
1137 2724 1248 2761 Unde
1278 2731 1316 2760 et
1342 2724 1411 2760 ho·

352 2778 508 2817 minesss
537 2779 584 2816 ad
612 2778 791 2815 iustitiam
820 2785 954 2814 movet
987 2777 1197 2814 secundum
1227 2775 1411 2814 conditio-

353 2845 442 2870 nem
471 2839 627 2869 naturae
655 2832 861 2869 humanae.
891 2831 1023 2867 Homo
1048 2837 1177 2867 autem
1197 2829 1410 2867 secundum

351 2885 546 2934 propriam
572 2893 746 2922 naturam
774 2884 889 2921 habet
917 2883 1022 2932 quod
1050 2883 1096 2920 sit
1123 2883 1229 2920 liberi
1257 2881 1408 2920 arbitrii.

353 2940 402 2976 Et
420 2938 506 2976 ideo
527 2938 566 2975 in
586 2950 631 2974 eo
652 2938 716 2986 qui
745 2938 861 2974 habet
888 2949 1001 2973 usum
1029 2936 1135 2973 liberi
1162 2935 1313 2982 arbitrii,
1335 2947 1412 2973 non

353 2992 396 3028 fit
423 2991 543 3028 motio
563 3003 586 3027 a
606 2992 690 3028 Deo
719 2991 768 3027 ad
797 2989 974 3027 iustitiam
1003 2990 1148 3038 absque
1177 2996 1286 3026 motu
1305 2988 1412 3026 liberi

355 3043 510 3090 arbitrii3
540 3043 606 3081 sed
626 3044 676 3080 ita
694 3043 857 3081 infundit
885 3043 1029 3080 donum
1050 3042 1189 3090 gratiae
1210 3042 1412 3079 iustifican-

354 3097 415 3144 tis,
445 3096 550 3146 quod
578 3096 691 3134 etiam
720 3096 833 3134 simul
862 3108 950 3133 cum
979 3097 1054 3133 hoc
1082 3103 1214 3133 movet
1250 3095 1413 3132 liberum

355 3150 550 3187 arbitrium
563 3149 583 3171 ’¹‘
603 3150 651 3186 ad
667 3149 812 3186 donum
833 3149 972 3197 gratiae
988 3149 1278 3197 acceptandum,
1298 3147 1337 3186 in
1356 3147 1414 3186 his

356 3203 420 3251 qui
439 3207 454 3230 Υ
483 3209 569 3239 sunt
596 3202 707 3239 huius
735 3202 915 3240 motionis
944 3214 1115 3251 capaces.

409 3256 467 3291 AD
487 3267 622 3292 PmMUM
646 3267 744 3292 ERGO
769 3267 952 3292 mCENDUM
977 3255 1083 3303 quod
1101 3254 1209 3303 pueri
1231 3267 1309 3291 non
1329 3261 1416 3291 sunt

410 3368 437 3400 α)
456 3371 598 3392 recreatus.
616 3382 635 3386 -
653 3369 778 3393 recitatus
797 3369 960 3402 ACDGLpB,
980 3369 1152 3394 resuscitatus
1171 3370 1205 3400 Κ,
1225 3373 1334 3395 renatus
1352 3370 1400 3395 Pa.

411 3402 435 3435 β)
455 3403 579 3427 homines.
598 3417 616 3422 —
634 3403 764 3428 hominem
784 3404 829 3427 Pa.
848 3418 867 3422 -
885 3404 922 3428 ad
941 3404 1069 3429 iustitiam
1089 3412 1141 3429 om.
1161 3405 1191 3430 Ε.

409 3438 436 3471 γ)
455 3438 510 3470 qui.
527 3451 545 3456 -
563 3445 630 3469 quae
648 3438 808 3463 ABCGHIK.

409 3472 434 3506 ὃ)
454 3473 584 3498 habuerit.
601 3486 620 3492 -
638 3473 730 3498 habuit
748 3473 864 3498 PEFHa.

1461 666 1619 703 capaces
1648 660 1775 690 motus
1795 653 1900 690 liberi
1920 653 2061 690 arbitrii
2079 653 2110 701 ²¹²,
2142 660 2178 689 et
2205 652 2292 690 ideo
2313 660 2520 691 moventur

1460 719 1482 744 a
1501 709 1585 744 Deo
1616 706 1664 743 ad
1684 705 1861 743 iustitiam
1880 718 1949 755 per
1969 708 2090 744 solam
2110 705 2420 743 informationem
2440 706 2519 743 ani-

1460 773 1546 797 mae
1561 760 1745 808 ipsorum.
1761 759 1853 796 Non
1869 766 1995 796 autem
2009 761 2084 797 hoc
2099 760 2140 796 fit
2160 758 2240 796 sine
2260 766 2515 796 sacramento:

1459 813 1548 862 quia
1567 813 1661 849 sicut
1679 819 1880 860 peccatum
1900 812 2092 860 originale,
2113 825 2135 849 a
2156 824 2233 860 quo
2254 811 2515 860 iustificantur,

1459 879 1538 903 non
1566 865 1719 917 propria
1746 865 1942 910 voluntate
1970 865 2019 902 ad
2047 865 2326 914 eosspervenit,
2356 864 2424 902 sed
2450 877 2519 914 per

1460 920 1648 956 carnalem
1677 917 1883 965 originem;
1913 916 1962 954 ita
1988 918 2100 955 etiam
2120 930 2189 967 per
2207 917 2441 967 spiritualem
2460 930 2517 955 re-

1458 972 1744 1020 generationem
1773 982 1795 1007 a
1824 969 1971 1007 Christo
2004 970 2043 1007 in
2072 983 2139 1008 eos
2166 971 2284 1019 gratia
2311 970 2516 1008 derivatur.

1459 1026 1508 1062 Et
1536 1025 1671 1062 eadem
1699 1023 1793 1060 ratio
1823 1029 1879 1060 est
1898 1022 1946 1060 de
1970 1022 2119 1060 furiosis
2148 1031 2184 1061 et
2211 1023 2426 1061 amentibus
2453 1023 2518 1072 qui

1459 1090 1655 1127 nunquam
1683 1088 1797 1113 usum
1825 1075 1932 1112 liberi
1959 1075 2098 1112 arbitrii
2125 1075 2350 1114 habuerunt.
2381 1077 2459 1114 Sed
2486 1076 2518 1114 si

1459 1132 1542 1180 quis
1571 1129 1774 1178 aliquando
1803 1128 1978 1166 habuerit
1995 1126 2009 1150 δ
2037 1140 2151 1165 usum
2178 1129 2284 1166 liberi
2308 1130 2459 1178 arbitrii,
2481 1137 2517 1168 et

1457 1184 1706 1234 postmodum
1728 1194 1781 1234 ρο
1811 1189 1935 1218 careat
1961 1182 2023 1219 vel
2054 1193 2123 1230 per
2154 1181 2413 1220 infirmitatem
2452 1183 2516 1220 vel

1457 1249 1526 1287 per
1545 1248 1743 1281 somnum,
1765 1247 1844 1272 non
1865 1234 2110 1282 consequitur
2129 1234 2288 1282 gratiam
2312 1233 2515 1273 iustifican-

1458 1299 1536 1328 tem
1564 1303 1631 1339 per
1659 1288 1892 1338 baptismum
1921 1287 2083 1325 exterius
2103 1287 2327 1336 adhibitum,
2357 1284 2422 1325 aut
2447 1300 2517 1336 per

1458 1343 1612 1392 aliquod
1645 1341 1746 1379 aliud
1781 1348 2083 1388 sacramentum,
2113 1340 2184 1378 nisi
2210 1340 2315 1390 prius
2343 1340 2518 1378 habuerit

1438 1403 1738 1448 ,sacramentum
1766 1394 1805 1431 in
1832 1394 2046 1443 proposito:
2077 1394 2181 1443 quod
2210 1394 2290 1431 sine
2318 1405 2391 1431 usu
2409 1389 2516 1431 liberi

1459 1449 1598 1487 arbitrii
1627 1461 1703 1486 non
1733 1447 1923 1495 contingit.
1952 1448 2002 1484 Et
2028 1448 2103 1484 hoc
2131 1447 2250 1484 modo
2274 1447 2336 1484 ille
2366 1447 2413 1484 de
2437 1459 2516 1497 quo

1458 1502 1625 1551 loquitur
1643 1500 1886 1549 Augustinus,
1908 1507 2098 1538 recreatus
2113 1505 2125 1521 Β
2145 1499 2226 1537 fuit:
2247 1500 2337 1549 quia
2356 1507 2394 1537 et
2411 1500 2516 1550 prius

1459 1563 1495 1593 et
1521 1563 1655 1605 postea
1682 1554 1913 1603 baptismum
1940 1553 2152 1602 acceptavit
2164 1553 2195 1599 ².¹‘·

1511 1611 1570 1646 AD
1604 1619 1792 1645 SECUNDUM
1825 1618 2010 1644 mcaNDuM
2041 1607 2147 1656 quod
2182 1605 2296 1643 etiam
2330 1600 2517 1644 Salomon

1459 1661 1684 1700 dormiendo
1714 1672 1791 1698 non
1821 1660 1959 1696 meruit
1986 1659 2231 1708 sapientiam,
2260 1671 2333 1696 nec
2359 1658 2516 1708 aceepit.

1460 1715 1537 1752 Sed
1564 1714 1602 1751 in
1630 1726 1767 1751 somno
1801 1713 2033 1750 declaratum
2063 1719 2118 1749 est
2147 1712 2180 1749 ei
2208 1712 2334 1760 quod,
2363 1718 2519 1761 propter

1458 1767 1690 1817 praecedens
1714 1765 1959 1814 desiderium,
1975 1765 2015 1811 ¹ei
2034 1777 2056 1802 a
2075 1766 2161 1803 Deo
2190 1764 2374 1814 sapientia
2394 1764 2518 1803 infun-

1460 1822 1628 1859 deretur:
1656 1819 1758 1857 unde
1788 1832 1834 1856 ex
1857 1819 1936 1856 eius
1955 1831 2120 1868 persona
2141 1817 2286 1865 dicitur,
2306 1819 2394 1867 Sap.
2414 1830 2463 1856 vn
2477 1817 2516 1855 *ε

1463 1874 1607 1923 Optavi,
1628 1879 1664 1910 et
1687 1874 1795 1910 datus
1821 1878 1876 1909 est
1892 1872 1987 1910 mihi
2009 1884 2150 1909 sensus.
2166 1892 2190 1899 -
2205 1872 2275 1909 Vel
2293 1878 2419 1920 potest
2446 1870 2519 1909 dici

1459 1928 1564 1977 quod
1591 1927 1651 1963 ille
1680 1938 1838 1963 somnus
1866 1938 1944 1962 non
1973 1924 2041 1962 fuit
2058 1924 2250 1972 naturalis,
2271 1924 2339 1962 sed
2358 1935 2518 1962 somnus

1458 1980 1699 2031 prophetiae;
1730 1979 1942 2016 secundum
1975 1978 2082 2027 quod
2110 1978 2243 2016 dicitur
2269 1978 2389 2015 Num.
2410 1976 2518 2015 x11*:

1459 2034 1502 2071 Si
1527 2033 1608 2083 quis
1629 2033 1749 2080 fuerit
1774 2033 1870 2069 inter
1895 2043 1963 2069 vos
1983 2032 2169 2080 propheta
2188 2030 2356 2077 Domini,
2369 2042 2444 2080 per
2460 2041 2519 2069 so-

1459 2088 1604 2125 mnium
1625 2091 1692 2123 aut
1708 2086 1744 2122 in
1764 2085 1906 2123 visione
1925 2085 2060 2133 loquar
2077 2085 2130 2122 ad
2146 2096 2244 2122 eum.
2268 2085 2311 2122 In
2330 2096 2408 2133 quo
2429 2095 2520 2122 casu

1460 2140 1594 2187 aliquis
1621 2151 1733 2175 usum
1763 2138 1869 2175 liberi
1888 2137 2029 2175 arbitrii
2047 2138 2173 2175 habet.

1514 2194 1563 2230 Et
1580 2200 1707 2229 tamen
1727 2191 1925 2229 sciendum
1941 2198 1997 2228 est
2011 2190 2117 2240 quod
2135 2202 2215 2228 non
2228 2197 2290 2227 *est
2309 2189 2446 2227 eadem
2465 2200 2522 2226 ra-

1460 2246 1511 2284 tio
1541 2245 1588 2283 de
1609 2245 1711 2282 dono
1736 2244 1941 2293 sapientiae
1966 2252 2003 2281 et
2030 2243 2078 2281 de
2103 2244 2207 2281 dono
2231 2242 2372 2291 gratiae
2394 2241 2523 2280 iustifi-

1462 2299 1590 2336 cantis.
1613 2298 1713 2335 Nam
1733 2298 1880 2335 donum
1907 2297 2047 2346 gratiae
2067 2296 2301 2334 iustificantis
2319 2294 2524 2346 praecipue

1462 2352 1611 2390 ordinat
1629 2350 1826 2388 hominem
1855 2350 1906 2388 ad
1934 2350 2093 2398 bonum,
2115 2350 2222 2399 quod
2250 2357 2306 2387 est
2329 2348 2524 2386 obiectum

1460 2405 1684 2443 voluntatis:
1707 2412 1742 2441 et
1769 2404 1856 2441 ideo
1886 2403 1936 2441 ad
1954 2403 2078 2452 ipsum
2109 2410 2288 2441 movetur
2305 2403 2426 2440 homo
2453 2411 2522 2451 per

1463 2465 1611 2496 motum
1626 2457 1842 2503 voluntatis,
1859 2456 1925 2505 qui
1940 2463 1997 2494 est
2009 2463 2137 2493 motus
2151 2455 2258 2493 liberi
2277 2454 2428 2492 arbitrii.
2446 2453 2524 2492 Sed

1463 2510 1644 2561 sapientia
1663 2510 1809 2559 perficit
1828 2510 2070 2556 intellectum,
2092 2508 2157 2558 qui
2175 2508 2368 2558 praecedit
2385 2507 2522 2545 volun-

1462 2571 1599 2602 tatem:
1619 2564 1722 2600 unde
1742 2564 1886 2612 absque
1904 2562 2096 2612 completo
2116 2570 2224 2600 motu
2243 2561 2350 2598 liberi
2369 2559 2522 2608 arbitrii,

1462 2625 1587 2667 potest
1606 2616 1814 2654 intellectus
1835 2616 1938 2653 dono
1958 2615 2164 2665 sapientiae
2186 2614 2399 2653 illuminari.
2421 2613 2527 2651 Sicut

1464 2671 1577 2708 etiam
1598 2670 1774 2707 videmus
1793 2669 1898 2718 quod
1926 2669 1965 2706 in
1994 2668 2222 2706 dormiendo
2250 2667 2375 2715 aliqua
2401 2665 2526 2704 homi·

1463 2723 1575 2761 nibus
1595 2724 1825 2760 revelantur:
1855 2722 1950 2759 sicut
1969 2721 2103 2759 dicitur
2121 2722 2191 2759 Iob
2209 2733 2318 2758 xxxm
2336 2720 2374 2757 *ε
2399 2720 2526 2762 Quan-

1464 2777 1511 2814 do
1531 2777 1641 2812 irruit
1665 2788 1779 2825 sopor
1803 2786 1916 2824 super
1942 2775 2112 2812 homines
2141 2780 2176 2812 et
2201 2773 2393 2811 dormiunt
2417 2773 2455 2811 in
2475 2771 2524 2810 le-

1465 2829 1574 2875 ctulo,
1599 2835 1686 2866 tunc
1713 2829 1835 2878 aperit
1859 2841 1971 2866 aures
1997 2829 2182 2874 virorum,
2206 2833 2242 2864 et
2263 2826 2434 2864 erudiens
2465 2837 2528 2864 eos

1465 2882 1613 2921 instruit
1631 2882 1823 2931 disciplina
1842 2881 1865 2919 t,

1519 2937 1578 2972 AD
1597 2947 1756 2972 TERTmM
1778 2946 1963 2972 DICENDUM
1992 2934 2098 2983 quod
2125 2934 2163 2971 in
2192 2931 2380 2970 infusione
2399 2937 2418 2959 η
2445 2942 2528 2980 gra-

1466 2988 1540 3025 tiae
1568 2988 1801 3025 iustificantis
1839 2995 1894 3024 est
1931 2987 2123 3036 quaedam
2159 2984 2422 3024 transmutatio
2450 2982 2528 3022 ani-

1467 3054 1576 3079 mae:
1607 3049 1644 3078 et
1670 3041 1757 3078 ideo
1787 3040 1988 3090 requiritur
2014 3047 2142 3078 motus
2173 3038 2350 3089 proprius
2378 3037 2528 3075 animae

1468 3095 1673 3142 humanae,
1694 3101 1735 3131 ut
1754 3093 1881 3131 anima
1904 3101 2107 3131 moveatur
2125 3091 2336 3130 secundum
2365 3090 2528 3128 modum

1469 3160 1595 3185 suum.
1626 3147 1703 3185 Sed
1732 3146 1970 3185 conservatio
1999 3146 2138 3195 gratiae
2167 3152 2222 3183 est
2249 3145 2394 3193 absque
2412 3151 2531 3182 trans-

1470 3200 1700 3238 mutatione:
1729 3201 1833 3239 uncle
1861 3212 1940 3237 non
1965 3199 2167 3249 requiritur
2185 3197 2318 3247 aliquis
2337 3205 2466 3234 motus
2485 3207 2530 3232 ex

1470 3261 1575 3303 parte
1595 3254 1758 3301 animae,
1774 3253 1942 3310 sed'sola
1958 3252 2196 3290 continuatio
2215 3251 2380 3289 influxus
2399 3247 2528 3288 divini.

1522 3369 1544 3401 ε)
1565 3372 1708 3394 recreatus.
1725 3382 1745 3388 ·-
1762 3371 1937 3401 regeneratus
1954 3368 1986 3398 K,
2006 3370 2115 3392 renatus
2134 3366 2180 3391 Pa.

1522 3403 1548 3435 ζ)
1568 3404 1717 3436 disciplina.
1735 3417 1754 3423 -
1771 3403 1939 3435 disciplinam
1958 3403 1987 3427 P.

1523 3440 1549 3471 η)
1570 3439 1596 3464 in
1616 3439 1756 3470 infusione.
1774 3451 1794 3458 -
1812 3438 1944 3472 infusione
1974 3437 2034 3467 ΒΗ,
2054 3436 2152 3470 infusio
2177 3434 2233 3466 EF,
2256 3434 2283 3459 in
2308 3433 2408 3458 visione
2432 3431 2456 3461 1:
2481 3439 2529 3464 pro

1470 3475 1610 3508 quaedam,
1629 3475 1706 3508 quasi
1724 3474 1776 3500 EF.
1789 3487 1808 3493 -
1821 3474 1884 3498 Post
1901 3473 2008 3498 animae
2021 3472 2105 3505 primo
2120 3472 2178 3496 loco
2197 3469 2257 3495 PFa
2278 3469 2374 3494 addunt
2389 3467 2531 3493 humanae.

2546 665 2558 676 ·
2573 665 2600 688 D.
2615 667 2668 695 269.

2544 1561 2553 1571 ·
2598 1575 2604 1582 .
2617 1560 2662 1583 loc.
2677 1559 2715 1583 eit.
2731 1559 2755 1582 in

2543 1592 2592 1615 arg.

2545 1824 2637 1848 ’να-ο.
2650 1830 2674 1853 7.

2547 1984 2556 1994 '
2570 1983 2638 2006 Vm.
2652 1983 2676 2006 6.

2552 2729 2564 2741 ⁸
2579 2728 2648 2752 Vct.
2661 2733 2682 2758 ¹⁵
2700 2733 2738 2756 oq-
