2840 4010
62 901 72 911 ⁶
82 899 118 922 Cf.
133 905 172 928 qu.
187 905 224 926 xc,
236 900 272 921 ln-

61 951 224 1006 l-Qd'ffiz„

0 1704 9 1713 'f
0 1499 12 1689 -——;r=·v-=„

65 3161 75 3171 ·
89 3159 148 3187 cap.
161 3165 202 3182 vn.

65 3213 74 3222 ¹
88 3212 156 3235 Ver..
169 3218 192 3240 5.

1005 152 1270 198 QUAESTIO
1301 153 1403 198 CIX,
1433 153 1727 190 ARTICULUS
1758 155 1770 190 l
2404 157 2477 203 289

825 367 1232 444 QUAESTIO
1273 368 1965 427 CENTESIMANONA

932 562 936 563 V
971 504 1054 544 DE
1086 503 1505 545 NECESSITATE
1541 507 1810 548 GRATIAE

1114 627 1147 652 IN
1176 627 1296 653 DECEM
1325 627 1526 654 ARTICULOS
1555 630 1670 655 DlVlSA

383 745 647 777 ONSEQUENTER
679 732 998 770 considerandum
1030 742 1084 771 est
1112 735 1159 772 de
1190 733 1362 771 exteriori
1473 731 1638 777 Quarto:
1666 740 1792 769 utrum
1812 734 1955 782 absque
1975 734 2090 781 gratia
2109 735 2225 783 possit
2244 733 2258 764 β
2278 743 2477 784 praecepta

305 743 567 836 Cprincipio
584 787 843 823 humanorum
862 794 1029 834 actuum,
1043 786 1182 824 scilicet
1200 787 1247 824 de
1263 787 1361 834 Deo,
1523 789 1613 836 legis
1643 790 1857 826 observare.

301 848 415 889 prout
429 840 477 877 ab
491 839 575 888 ipso
586 851 655 888 per
669 838 825 886 gratiam
840 839 1066 876 adiuvamur
1076 839 1125 877 ad
1136 846 1234 877 recte
1249 851 1361 887 agen·
1472 845 1630 891 Quinto:
1660 854 1787 883 utrum
1815 848 1958 896 absque
1983 848 2099 895 gratia
2121 849 2239 897 possit
2268 850 2403 887 mereri
2422 850 2478 886 vi-

302 892 394 930 dum
405 891 436 930 *.
453 893 502 929 Et
514 891 652 941 prim0‚
671 891 991 930 considerandum
1008 900 1064 929 est
1078 892 1124 930 de
1139 891 1256 940 gratia
1270 892 1360 938 Dei;
1524 910 1602 939 tam
1632 911 1837 940 aeternam.

301 945 482 992 secundo,
496 944 542 982 de
559 956 672 981 causa
684 944 763 981 eius
770 944 801 989 *ς
818 945 938 993 tertio,
952 945 999 982 de
1011 945 1090 982 eius
1102 945 1298 982 effectibus
1308 945 1359 982 *³5

354 997 481 1035 Prima
509 1004 637 1034 autem
667 997 917 1038 consideratio
947 998 1015 1035 erit
1042 997 1241 1047 tripartita:
1271 1010 1361 1036 narn

300 1049 448 1099 primo,
479 1049 805 1087 considerabimus
830 1056 847 1072 ‘²
876 1051 924 1088 de
952 1051 1172 1088 necessitate
1199 1050 1361 1099 gratiae3

301 1102 492 1149 secundo,
519 1103 566 1140 de
590 1102 671 1151 ipsa
699 1103 815 1151 gratia
845 1112 1030 1152 quantum
1058 1104 1107 1141 ad
1133 1103 1212 1140 eius
1237 1116 1363 1142 essen-

300 1155 390 1192 tiam
410 1155 450 1201 *;
479 1156 609 1202 tertio,
639 1156 685 1192 de
716 1156 797 1193 eius
827 1156 1009 1194 divisione
1028 1156 1080 1194 *³¹²-

302 1207 412 1246 Circa
440 1208 606 1257 primum
634 1216 866 1257 quaeruntur
895 1210 1040 1247 decem.

1472 959 1603 996 Sexto:
1624 967 1751 996 utrum
1777 961 1896 997 homo
1917 961 2034 1010 possit
2053 974 2094 998 se
2114 963 2161 999 ad
2186 963 2343 1010 gratiam
2369 976 2478 1012 prae-

1524 1029 1658 1064 parare
1687 1017 1766 1054 sine
1794 1018 1919 1065 gratia.

1473 1073 1662 1122 Septimo:
1683 1082 1809 1111 utrum
1834 1076 1953 1112 homo
1978 1076 2057 1112 sine
2082 1076 2198 1124 gratia
2217 1077 2335 1125 possit
2358 1090 2478 1114 resur-

1524 1143 1612 1179 gere
1642 1144 1663 1168 a
1691 1140 1860 1180 peccato,

1473 1188 1639 1224 Octavo:
1655 1196 1782 1226 utrum
1800 1190 1944 1238 absque
1959 1190 2076 1238 gratia
2095 1190 2213 1239 possit
2226 1192 2345 1228 homo
2361 1191 2478 1228 vitare

353 1260 503 1298 Primo:
515 1269 642 1298 utrum
657 1262 801 1311 absque
816 1263 932 1310 gratia
945 1263 1064 1312 possit
1077 1263 1197 1300 homo
1208 1262 1362 1312 aliquod
1524 1252 1735 1293 Peccatum·
2008 1303 2014 1310 ,
2441 1306 2448 1312 ·

406 1326 544 1352 verum
574 1326 817 1362 cognoscere·
1471 1302 1604 1338 Nono:
1625 1310 1751 1339 utrum
1779 1304 1898 1340 homo
1925 1311 2083 1351 granam
2103 1312 2328 1342 consecutus
2347 1314 2476 1354 possn⁷

355 1367 552 1405 Secundo:
573 1374 700 1404 utrum
716 1368 860 1416 absque
876 1368 993 1415 gratia
1011 1367 1084 1406 Dei
1101 1366 1220 1417 possit
1237 1368 1359 1405 homo
1524 1360 1670 1422 apsque
1699 1360 1772 1396 31Ῑο
1794 1360 1922 1397 diVissO
1953 1361 2103 1409 auxilio,
2128 1362 2273 1398 bODUm
2294 1363 2415 1399 facere
2443 1371 2479 1399 et

407 1419 563 1468 aliquod
590 1420 738 1457 bonum
766 1420 890 1457 facere
917 1421 979 1458 vel
1006 1421 1115 1459 velle.
1523 1423 1640 1453 Vltare
1669 1425 1881 1465 peccatum.

354 1473 503 1510 Tertio:
520 1480 647 1509 utrum
667 1473 788 1509 homo
804 1474 948 1522 absque
963 1474 1080 1523 gratia
1097 1473 1215 1523 possit
1234 1475 1361 1511 Deum
1471 1474 1650 1511 Decimo:
1671 1481 1798 1511 utrum
1823 1475 1942 1524 possit
1966 1488 2210 1524 perseverare
2231 1476 2267 1513 in
2288 1478 2390 1513 bono
2411 1490 2479 1525 per

409 1525 560 1573 diligere
588 1537 703 1574 super
731 1526 873 1563 omnia.
1388 1519 1392 1571 Ι
1525 1532 1703 1580 seipsum.

875 1642 895 1654 ²
1112 1647 1428 1689 ARTICULUS
1459 1647 1663 1689 PRIMUS

647 1747 802 1778 UTRUM
825 1747 956 1779 HOMO
979 1748 1073 1779 SINE
1097 1748 1260 1780 GRATIA
1283 1749 1479 1786 ALIQUOD
1503 1749 1657 1780 VERUM
1682 1749 1972 1781 COGNOSCERE
1997 1750 2142 1781 POSSIT

999 1835 1018 1859 Il
1038 1834 1122 1865 Sent„
1142 1835 1200 1860 dist.
1219 1842 1309 1864 xxvm,
1330 1840 1376 1860 art.
1393 1834 1423 1866 5;
1443 1836 1451 1859 Ι
1469 1836 1539 1863 Cor.¹
1559 1843 1615 1868 cap.
1629 1843 1676 1865 xn,
1697 1837 1754 1861 lect.
1766 1844 1785 1861 ι.

339 1964 359 1981 ἴ,
388 1949 392 1959 v
420 1951 497 1997 κ(
515 1943 537 1968 D
561 1943 699 1969 PRIMUM
727 1943 780 1968 sie
806 1943 1045 1970 PROCEDITUR.
1074 1931 1231 1970 Videtur
1259 1933 1363 1980 quod
1475 1934 1548 1970 SED
1569 1945 1714 1970 CONTRA
1733 1945 1799 1970 EST
1817 1933 1923 1981 quod
1942 1934 2174 1982 Augustinus
2194 1934 2294 1982 dicit,
2314 1935 2352 1972 in
2373 1937 2386 1972 1
2406 1937 2479 1973 Re-

329 1972 490 2043 &AR-²9
514 1985 634 2021 homo
655 1985 735 2022 sine
755 1984 872 2033 gratia
897 1986 1043 2022 nullum
1061 1997 1198 2023 verum
1223 1998 1366 2034 cogno·
1421 1991 1525 2022 tract.
1543 1985 1582 2022 *ε
1601 1987 1691 2023 Non
1712 1987 1879 2035 approbo
1895 1987 1996 2035 quod
2013 1988 2049 2024 in
2070 1989 2239 2024 oratione
2253 1988 2350 2025 dzlxi:
2364 1990 2481 2035 Deus,

318 2035 438 2080 sar,
454 2041 619 2075 '‘tscere
633 2038 764 2086 possit.
781 2038 880 2084 Quia
894 2050 1009 2087 super
1023 2038 1142 2076 illudI
1163 2039 1252 2076 Cor.
1269 2039 1361 2087 X11*‚
1421 2039 1487 2087 qui
1519 2051 1593 2075 non
1631 2039 1704 2076 nisi
1738 2040 1897 2076 mundos
1923 2051 2056 2077 verum
2097 2041 2193 2077 scire
2219 2041 2377 2078 voluisti.
2406 2044 2481 2079 Re-

358 2064 454 2118 §²⁶¹5
469 2080 639 2128 &Nemo
658 2096 781 2139 potest
801 2091 936 2137 dicere,
955 2092 1142 2129 Dominus
1160 2092 1277 2138 Iesus,
1293 2093 1369 2130 nisi
1420 2092 1595 2140 sponderi
1625 2093 1723 2128 enim
1749 2098 1873 2140 potest
1907 2093 2041 2130 multos
2069 2094 2182 2130 etiam
2216 2106 2290 2131 non
2323 2096 2481 2132 mundos

303 2142 341 2179 in
362 2141 500 2190 Spiritu
520 2144 669 2190 Sancto,
691 2144 779 2180 dicit
798 2144 935 2181 Glossa
958 2144 1152 2182 Ambrosii
1172 2145 1211 2182 *z
1245 2145 1366 2183 Omne
1421 2145 1538 2181 multa
1561 2145 1658 2181 scire
1681 2157 1785 2182 vera.
1807 2145 1885 2182 Sed
1903 2158 1973 2194 per
1991 2146 2147 2193 gratiam
2173 2147 2292 2183 homo
2314 2148 2480 2185 mundus

2509 2009 2515 2016 ·
2534 2005 2590 2032 Cap.
2606 2011 2635 2026 iv.

301 2205 448 2240 verum,
467 2207 492 2232 a
511 2207 746 2245 quocumque
764 2197 922 2243 dicatur,
942 2209 966 2234 a
986 2198 1124 2246 Spiritu
1143 2198 1282 2235 Sancto
1301 2205 1366 2236 est.
1423 2198 1593 2243 efficitur;
1617 2198 1829 2235 secundum
1849 2198 1940 2235 illud
1956 2199 2096 2236 Psalmi
2111 2211 2133 2235 L
2146 2199 2190 2236 *z-
2210 2200 2287 2236 Cor
2300 2201 2480 2238 mundum
2509 2215 2517 2223 ·
2569 2219 2591 2234 rs

265 2255 268 2259 ’
305 2247 383 2285 Sed
404 2247 562 2296 Spiritus
583 2250 744 2287 Sanctus
763 2249 906 2286 habitat
924 2249 962 2288 in
981 2250 1090 2288 nobis
1109 2262 1176 2300 per
1194 2251 1366 2299 gratiam.
1422 2262 1508 2287 crea
1537 2251 1573 2287 in
1602 2263 1674 2297 me,
1703 2252 1825 2296 Deus‚·
1853 2257 1887 2288 et
1911 2252 2082 2299 spiritum
2107 2258 2249 2289 rectum
2277 2253 2416 2290 innova
2444 2255 2481 2290 in

304 2301 406 2349 Ergo
438 2301 637 2340 veritatem
672 2315 902 2351 cognoscere
938 2316 1016 2341 non
1050 2316 1256 2353 possumus
1288 2305 1368 2342 sine
1421 2304 1622 2341 visceribus
1641 2304 1743 2341 meis.
1765 2305 1868 2352 Ergo
1888 2304 1967 2342 sine
1987 2305 2104 2352 gratia
2132 2312 2256 2354 potest
2274 2306 2393 2343 homo
2413 2319 2482 2355 per

303 2353 431 2402 gratia.
1213 2355 1220 2361 ’
1422 2357 1588 2405 seipsum
1618 2356 1815 2394 veritatem
1845 2369 2098 2405 cognoscere‘

359 2418 395 2444 2.
424 2408 656 2454 Pam-mam,
683 2408 915 2456 Augustinus
944 2409 1043 2456 dicit,
1071 2409 1110 2446 in
1138 2410 1367 2459 ISoliloq.*,
1475 2411 1700 2446 RESPONDEO
1715 2422 1899 2447 DlCENDuM
1913 2411 2019 2459 quod
2039 2423 2267 2458 cognoscere
2282 2411 2480 2448 veritatem

305 2460 408 2509 quod
443 2460 724 2509 disciplinarum
759 2462 963 2499 certissima
1000 2461 1089 2499 talia
1119 2468 1206 2499 sunt
1240 2464 1368 2512 qualia
1423 2470 1477 2499 est
1505 2475 1594 2499 usus
1614 2462 1784 2511 quidam,
1805 2464 1867 2500 vel
1891 2471 2008 2510 actus,
2030 2463 2285 2500 intellectualis
2311 2464 2480 2501 luminis:

304 2511 368 2550 illa
387 2524 485 2561 quae
502 2526 526 2550 α
544 2514 622 2551 ,ςοΙε
641 2514 874 2551 illustrantur
889 2521 928 2552 ut
943 2515 1065 2552 videri
1074 2515 1240 2563 possint‚·
1262 2518 1367 2554 Deus
1422 2516 1510 2563 quia
1539 2515 1750 2552 secundum
1779 2517 2020 2564 Apostolum,
2050 2516 2100 2553 ad
2116 2517 2250 2565 Ephes.
2270 2529 2294 2552 v
2309 2516 2339 2564 ²¹²,
2370 2529 2480 2553 omne
2510 2531 2517 2538 ·
2556 2535 2591 2550 ers

304 2571 430 2602 autem
459 2567 536 2616 ipse
568 2573 622 2604 est
652 2568 717 2616 qui
752 2567 932 2612 illustrat‚·
960 2568 1055 2605 ratio
1083 2574 1207 2606 autem
1237 2569 1287 2606 ita
1315 2577 1368 2607 est
1421 2569 1521 2617 quod
1538 2569 1810 2616 manifestatur,
1825 2569 1950 2606 lumen
1970 2575 2032 2606 est.
2055 2570 2155 2607 Usus
2175 2577 2302 2606 autem
2326 2570 2480 2617 quilibet

304 2619 342 2655 in
352 2620 544 2662 mentibus
559 2626 600 2656 ut
617 2620 654 2657 in
675 2621 791 2658 oculis
810 2627 864 2657 est
876 2627 1067 2669 aspectus,·
1091 2622 1222 2659 mentis
1240 2629 1365 2660 autem
1421 2622 1613 2669 quendam
1633 2629 1782 2658 motum
1811 2621 2008 2670 importat:
2038 2623 2138 2670 large
2158 2622 2378 2670 accipiendo
2398 2635 2480 2659 mo-

305 2671 406 2708 oculi
429 2678 516 2709 sunt
540 2684 669 2710 sensus
702 2674 864 2710 animae.
901 2674 978 2711 Sed
1006 2686 1138 2711 sensus
1172 2676 1361 2724 corporis,
1421 2683 1519 2722 tum3
1550 2675 1761 2711 secundum
1791 2675 1896 2723 quod
1933 2675 2136 2722 intelligere
2166 2683 2201 2711 et
2228 2676 2325 2711 velle
2354 2683 2480 2712 motus

305 2732 658 2773 quantumcumque
697 2726 742 2763 sit
769 2738 908 2774 purus,
938 2739 1016 2763 non
1050 2734 1175 2775 potest
1211 2728 1363 2778 aliquod
1421 2728 1576 2776 quidam
1607 2739 1688 2764 esse
1710 2727 1894 2774 dicuntur,
1923 2735 1965 2764 ut
1992 2735 2094 2776 patet
2117 2739 2186 2776 per
2204 2727 2479 2776 Philosophum

303 2776 450 2814 visibile
477 2777 609 2815 videre
643 2778 722 2815 sine
755 2778 844 2815 solis
873 2778 1127 2817 illustratione.
1162 2781 1264 2829 Ergo
1298 2782 1367 2819 hu·
1420 2781 1459 2818 in
1479 2782 1527 2817 III
1544 2781 1589 2817 de
1602 2781 1742 2817 Anima
1757 2779 1988 2817 *.Videmus
2009 2788 2135 2826 autem
2156 2780 2193 2816 in
2222 2780 2480 2829 corporalibus
2509 2793 2517 2801 ’

305 2841 420 2867 mana
454 2842 585 2876 mens,
619 2839 971 2881 quantumcumque
999 2832 1044 2870 sit
1071 2833 1256 2882 perfecta,
1285 2847 1365 2872 non
1421 2834 1526 2882 quod
1546 2833 1594 2870 ad
1614 2840 1763 2870 motum
1783 2845 1861 2870 non
1881 2834 2006 2870 solum
2026 2826 2225 2881 requiritur
2252 2833 2334 2881 ipsa
2357 2833 2480 2871 forma

304 2890 429 2931 potest
457 2883 716 2921 ratiocinando
745 2884 943 2922 veritatem
972 2897 1201 2933 cognoscere
1221 2887 1387 2937 absque*
1421 2899 1520 2935 quae
1537 2893 1591 2923 est
1609 2885 1837 2934 principium
1858 2893 1984 2923 motus
1998 2887 2060 2923 vel
2079 2886 2251 2930 actionis;
2274 2886 2340 2923 sed
2367 2886 2481 2923 etiam
2508 2903 2529 2923 v,

304 2935 547 2973 illustratione
572 2936 712 2974 divina.
733 2937 842 2983 Quae
862 2938 911 2975 ad
931 2938 1110 2976 auxilium
1130 2939 1268 2987 gratiae
1283 2953 1368 2989 per—
1422 2939 1621 2988 requiritur
1641 2939 1760 2975 motio
1785 2938 1894 2987 primi
1924 2939 2125 2976 moventis.
2155 2938 2326 2975 Primum
2353 2947 2481 2976 autem

304 2988 405 3025 tinet.
1422 3005 1584 3029 movens
1599 2992 1637 3028 in
1657 2991 1790 3029 ordine
1805 2992 2059 3040 corporalium
2075 2999 2130 3028 est
2149 3003 2287 3040 corpus
2308 2993 2478 3029 caeleste.

361 3042 394 3078 3.
416 3042 651 3090 Pluinnam,
673 3042 843 3080 humana
862 3055 971 3080 mens
989 3056 1068 3081 non
1087 3051 1211 3093 potest
1229 3045 1367 3083 verita·
1422 3045 1532 3083 Unde
1552 3052 1902 3092 quantumcumque
1922 3044 2015 3092 ignis
2035 3044 2173 3081 habeat
2190 3045 2400 3093 perfectum
2422 3058 2482 3082 ca-

304 3102 382 3131 tem
410 3094 614 3142 intelligere
642 3094 712 3131 nisi
741 3095 962 3143 cogitand03
995 3104 1037 3133 ut
1063 3104 1167 3145 patet
1191 3109 1261 3146 per
1288 3100 1368 3136 Au·
1421 3099 1554 3144 lorem,
1575 3109 1654 3134 non
1677 3097 1849 3133 alteraret
1867 3097 1937 3133 nisi
1966 3109 2035 3145 per
2067 3097 2279 3134 motionem
2314 3098 2480 3135 caelestis

303 3147 506 3195 gusfinum,
527 3148 616 3185 XIV
634 3147 680 3184 de
702 3149 739 3185 T
733 3148 805 3185 rin.
825 3148 845 3170 ²¹⁵
873 3149 951 3186 Sed
978 3149 1184 3198 Apostolus
1213 3149 1311 3198 dicit,
1334 3153 1365 3188 II
1423 3150 1602 3199 corporis.
1619 3149 1862 3186 Manifestum
1879 3156 1934 3186 est
1953 3157 2080 3186 autem
2097 3150 2212 3198 quod,
2233 3150 2328 3187 sicut
2347 3163 2481 3188 omnes

304 3201 356 3237 ad
387 3201 474 3238 Cor.
495 3213 530 3238 111
549 3200 585 3237 *z
613 3201 704 3238 Non
732 3202 956 3249 sufficientes
982 3214 1111 3239 sumus
1137 3203 1281 3251 aliquid
1305 3216 1366 3241 co·
1422 3211 1548 3240 motus
1577 3203 1792 3250 corporales
1820 3201 2052 3239 reducuntur
2070 3202 2108 3239 in
2134 3210 2284 3239 motum
2314 3204 2482 3240 caelestis

303 3254 428 3303 gitare
454 3266 478 3291 a
507 3254 624 3300 nobis,
649 3255 759 3302 quasi
785 3266 834 3291 ex
861 3255 977 3291 nobis.
1008 3255 1110 3303 Ergo
1137 3255 1257 3292 homo
1285 3269 1364 3294 non
1422 3255 1591 3304 corporis
1610 3255 1704 3291 sicut
1731 3254 1770 3291 in
1797 3254 1964 3304 primum
1993 3267 2156 3293 movens
2185 3257 2398 3305 corporale;
2433 3257 2482 3293 ita

304 3314 429 3355 potest
453 3319 683 3354 cognoscere
701 3307 900 3345 veritatem
925 3320 993 3357 per
1012 3308 1178 3358 seipsum
1198 3308 1278 3346 sine
1298 3322 1364 3346 au·
1422 3320 1556 3345 omnes
1589 3315 1717 3345 motus
1752 3315 1831 3344 tam
1870 3309 2085 3357 corporales
2118 3320 2234 3357 quarn
2272 3309 2482 3358 spirituales

304 3359 392 3397 xilio
421 3359 572 3408 gratiae.
1422 3361 1652 3398 reducuntur
1674 3361 1713 3397 in
1740 3360 1908 3409 primurn
1937 3373 2101 3398 movens
2124 3361 2351 3411 simpliciter,
2377 3363 2481 3410 quod

358 3479 385 3511 α)
404 3479 639 3504 considerabimus.
657 3493 676 3498 -
693 3479 906 3504 considerabitur
925 3480 971 3504 Pa,
1392 3476 1394 3513 Ι
1474 3480 1498 3512 β)
1514 3481 1610 3512 possit.
1627 3493 1647 3499 -—
1660 3487 1712 3512 per·
1730 3487 1778 3505 sua
1798 3480 1934 3505 naturalia
1954 3480 2049 3506 addunt
2070 3480 2114 3505 Ρα.

448 3532 557 3556 Sumam:
576 3532 677 3556 Tnmn.
697 3532 726 3556 D.
742 3531 856 3556 Tnosma
875 3532 907 3556 T.
927 3532 968 3556 IV.

2585 2806 2591 2812 .
2631 2807 2637 2818 ,
2670 2807 2675 2812 .
2713 2808 2719 2816 ,

2508 2823 2719 2874 {ffiftktftxffati

2508 2881 2518 2886 -
2529 2870 2565 2892 Cf.
2581 2870 2622 2891 hb.
2633 2870 2651 2897 1,
2667 2876 2720 2918 σεξ.

2550 2903 2571 2918 n.
2595 2897 2621 2923 8;
2640 2903 2659 2919 s.
2673 2896 2695 2918 Τ
2713 2913 2719 2919 .

2508 2924 2558 2945 lect.
2574 2928 2612 2945 xn.
