2840 4010
384 176 432 213 88

384 254 665 303 corruptionem
688 253 852 300 seminis,
874 252 958 288 licet
976 251 1057 287 talis
1078 248 1267 297 corruptio
1288 260 1366 284 non
1386 247 1439 284 di-

385 315 489 344 catur
515 307 618 356 lepra
645 307 707 343 vel
735 306 914 364 podagra.
946 304 1045 339 Cum
1074 309 1202 338 autem
1232 313 1369 348 corpus
1393 300 1439 336 sit

382 359 712 418 proportionatum
744 358 915 402 animae,
947 363 983 391 et
1010 355 1175 391 defectus
1204 353 1354 390 animae
1383 365 1439 389 re-

385 412 555 449 dundent
582 411 619 447 in
649 422 803 458 corpus,
834 416 869 444 et
898 420 917 443 e
947 419 1152 452 converso;
1182 405 1293 443 simili
1320 406 1438 443 modo

244 465 259 494 ἶ
386 465 514 501 dicunt
533 463 544 489 ζ
571 463 676 511 quod
706 460 897 520 culpabilis
918 459 1084 496 defectus
1104 459 1254 496 animae
1282 470 1351 507 per
1369 465 1440 495 tra-

385 517 603 554 ductionem
627 514 779 551 seminis
806 514 844 550 in
871 513 1020 561 prolem
1041 512 1242 558 derivatur,
1264 511 1440 559 quamvis

385 581 517 606 semen
545 567 735 604 actualiter
763 578 841 602 non
869 565 914 602 sit
943 566 1075 614 culpae
1103 564 1327 601 subiectum.

438 622 514 657 Sed
543 631 677 656 omnes
705 618 923 655 huiusmodi
941 618 1027 654 viae
1057 617 1324 654 insufficientes
1342 624 1439 654 sunt.

385 673 486 720 Quia
516 672 603 709 dato
632 672 735 720 quod
764 670 879 720 aliqui
908 671 1075 707 defectus
1100 670 1315 718 corporales
1334 682 1356 706 a
1375 681 1440 717 pa-

383 733 488 763 rente
507 732 696 762 transeant
716 724 756 761 in
774 724 924 772 prolem
942 735 1012 772 per
1030 723 1234 771 originem3
1265 729 1300 758 et
1328 722 1440 758 etiam

383 778 496 826 aliqui
530 777 697 814 defectus
730 777 878 814 animae
912 789 958 813 ex
994 775 1259 823 consequenti,
1287 781 1442 823 propter

385 830 553 879 corporis
573 829 914 878 indispositionem,
936 829 1030 866 sicut
1057 828 1247 865 interdum
1268 839 1311 863 ex
1332 826 1440 863 fatuis

383 884 474 920 fatui
498 891 737 931 generantur:
767 890 895 919 tamen
923 883 997 918 hoc
1025 881 1149 930 ipsum
1179 879 1282 928 quod
1312 887 1367 915 est
1396 891 1441 915 ex

384 936 525 984 origine
549 935 714 985 aliquem
743 935 931 972 defectum
959 934 1112 980 habere,
1140 932 1291 969 videtur
1319 932 1442 968 exclu-

385 990 473 1027 dere
502 989 687 1026 rationem
718 989 863 1036 culpae,
893 987 940 1024 de
970 986 1073 1023 cuius
1093 985 1237 1022 ratione
1258 992 1313 1021 est
1338 985 1441 1033 quod

384 1042 430 1079 sit
447 1041 670 1079 voluntaria.
700 1041 810 1078 Unde
830 1040 943 1077 etiam
963 1038 1087 1087 posito
1113 1038 1218 1086 quod
1238 1037 1366 1074 anima
1385 1050 1441 1074 ra-

383 1095 531 1132 tionalis
559 1095 836 1139 traduceretur,
867 1104 912 1128 ex
939 1093 1013 1128 hoc
1041 1091 1124 1139 ipso
1154 1090 1257 1139 quod
1290 1090 1441 1127 infectio

384 1148 534 1185 animae
553 1146 668 1206 prolis
691 1158 770 1182 non
798 1152 897 1181 esset
923 1144 961 1180 in
991 1143 1070 1180 eius
1097 1145 1305 1190 voluntate,
1335 1143 1442 1179 amit-

383 1208 477 1237 teret
497 1200 682 1236 rationem
703 1199 834 1256 culpae
850 1196 1047 1244 obligantis
1068 1197 1116 1233 ad
1134 1207 1320 1244 poenam:
1341 1196 1440 1244 quia,

147 1257 219 1305 2L00·
227 1256 265 1278 ⁰¹1
274 1256 357 1280 “¹⁸³⁸-
383 1260 425 1290 ut
443 1252 699 1300 Philosophus
720 1250 833 1288 dicit'
825 1262 863 1287 1n
887 1251 937 1286 III
956 1249 1076 1286 Ethic.
1097 1248 1128 1294 ³³⁶,
1158 1249 1281 1286 nullus
1304 1248 1442 1296 impro-

147 1306 155 1310 ”
378 1306 528 1354 perahit
553 1316 664 1341 caeco
693 1309 793 1349 nato,
821 1303 887 1340 sed
913 1302 1036 1351 magis
1064 1302 1308 1339 miserebitur.

438 1359 486 1394 Et
505 1358 591 1395 ideo
613 1357 683 1393 alia
697 1357 760 1394 via
775 1355 1062 1404 procedendum
1079 1362 1144 1401 est,
1163 1354 1322 1391 dicendo
1338 1354 1443 1402 quod

385 1423 520 1448 omnes
540 1410 715 1447 homines
745 1409 809 1457 qui
837 1415 1043 1445 nascuntur
1062 1420 1107 1443 ex
1126 1407 1266 1454 Adam,
1285 1414 1445 1455 possunt

347 1506 354 1511 ,
387 1463 616 1501 considerari
634 1470 675 1499 ut
692 1474 792 1499 unus
812 1462 944 1508 homo,
965 1461 1190 1509 inquantum
1212 1459 1444 1496 conveniunt

385 1517 423 1553 in
451 1523 596 1563 natura,
626 1527 741 1564 quam
764 1527 787 1551 a
808 1514 934 1563 primo
962 1521 1118 1562 parente
1147 1512 1357 1561 accipiunt3
1387 1525 1444 1550 se-

246 1573 261 1596 η
385 1569 554 1606 cundum
574 1568 680 1616 quod
698 1568 736 1604 in
756 1567 927 1604 civilibus
947 1579 1082 1603 omnes
1103 1572 1120 1593 η
1144 1565 1208 1614 qui
1228 1573 1315 1602 sunt
1331 1566 1444 1603 unius

385 1621 680 1668 communitatis,
701 1627 921 1669 reputantur
944 1619 1052 1668 quasi
1080 1631 1199 1655 unum
1230 1631 1378 1667 corpus,
1408 1627 1445 1656 et

384 1682 463 1711 tota
498 1674 752 1711 communitas
782 1672 889 1722 quasi
921 1684 1019 1709 unus
1047 1673 1179 1708 homo.
1209 1671 1443 1720 Porphyrius

148 1757 159 1767 .
173 1721 311 1777 „mg-ca,
338 1761 357 1776 c,
386 1728 499 1764 etiam
522 1725 534 1748 θ
565 1727 654 1763 dicit
671 1726 691 1748 '³‘
720 1726 824 1774 quod
846 1725 1135 1774 participatione
1161 1725 1296 1772 speciei
1315 1725 1445 1772 plures

151 1783 180 1804 ‘¹⁶
194 1782 283 1810 Spffl‘e·
312 1772 320 1782 ²
384 1781 552 1817 homines
569 1785 658 1816 sunt
674 1791 770 1816 unus
788 1781 912 1816 homo.
934 1778 995 1815 Sic
1014 1778 1124 1826 igitur
1143 1777 1251 1814 multi
1269 1777 1446 1814 homines

249 1836 257 1851 V.

386 1846 431 1870 ex
451 1833 576 1870 Adam
597 1832 754 1870 derivati
774 1838 793 1879 ι,
824 1839 910 1868 sunt
928 1839 1112 1879 tanquam
1132 1831 1250 1867 multa
1270 1831 1446 1868 membra

383 1886 496 1923 unius
525 1885 705 1934 corporis.
735 1887 852 1922 Actus
881 1892 1009 1921 autem
1037 1883 1148 1920 unius
1171 1883 1336 1921 membri
1365 1895 1446 1920 cor-

384 1939 536 1988 poralis,
557 1946 648 1988 puta
667 1950 816 1985 manus,
833 1950 911 1974 non
927 1945 982 1974 est
1000 1936 1236 1974 voluntarius
1250 1937 1446 1974 voluntate

247 1996 262 2012 ²
383 1992 501 2041 ipsius
519 2004 668 2038 manus,
692 1991 759 2028 sed
773 1997 789 2012 κ
808 1991 1003 2027 voluntate
1023 1989 1183 2037 animae,
1204 2002 1302 2039 quae
1321 1989 1446 2038 primo

385 2052 518 2082 movet
541 2045 727 2082 membra.
757 2043 868 2081 Unde
896 2043 1146 2080 homicidium
1177 2042 1283 2092 quod
1309 2054 1446 2080 manus

386 2098 597 2145 committit,
626 2109 705 2135 non
732 2096 981 2145 imputaretur
1009 2096 1140 2133 manui
1165 2096 1214 2134 ad
1232 2102 1444 2144 peccatum,

385 2151 416 2188 si
435 2151 736 2188 consideraretur
764 2162 901 2186 manus
928 2150 1139 2186 secundum
1164 2161 1203 2185 se
1222 2156 1264 2185 ut
1283 2148 1405 2186 divisa
1423 2161 1446 2186 a

387 2216 568 2252 corpore:
599 2203 667 2240 sed
690 2203 897 2252 imputatur
916 2202 950 2240 ei
969 2202 1195 2250 inquantum
1224 2209 1279 2238 est
1306 2201 1447 2250 aliquid

385 2257 551 2294 hominis
580 2256 684 2305 quod
712 2263 890 2293 movetur
909 2268 931 2292 a
950 2255 1074 2304 primo
1095 2254 1280 2303 principio
1298 2254 1444 2292 motivo

386 2310 563 2347 hominis.
595 2309 657 2346 Sic
685 2309 796 2357 igitur
831 2308 1059 2346 inordinatio
1093 2320 1191 2357 quae
1227 2315 1282 2344 est
1308 2307 1347 2344 in
1375 2307 1445 2345 isto

387 2363 543 2400 homine
578 2375 622 2399 ex
650 2363 777 2399 Adam
811 2369 1012 2410 generato,
1042 2374 1120 2398 non
1154 2368 1208 2398 est
1234 2361 1448 2401 voluntaria

386 2417 581 2453 voluntate
608 2415 743 2464 ipsiuS,
773 2415 839 2452 sed
867 2415 1063 2452 voluntate
1090 2413 1203 2462 primi
1231 2412 1446 2462 parentis*,

387 2469 451 2517 qui
484 2476 616 2506 movet
649 2468 818 2505 motione
852 2467 1104 2515 generationis
1137 2479 1273 2504 omnes
1305 2466 1370 2515 qui
1403 2478 1448 2503 ex

387 2522 467 2559 eius
504 2521 646 2569 origine
679 2521 918 2568 derivantur,
952 2521 1047 2558 sicut
1083 2521 1260 2557 voluntas
1297 2519 1447 2556 animae

148 2428 156 2436 ·
172 2425 199 2447 D.
215 2425 293 2447 100612.

438 2627 464 2660 ζ)
485 2627 585 2652 dicunt.
602 2640 621 2645 —
639 2626 738 2651 dicitur
758 2626 785 2650 Ρ.

438 2663 465 2694 η)
484 2662 604 2687 civilibus
623 2668 721 2686 omnes.
738 2674 757 2679 -
774 2661 873 2686 civibus
893 2661 1028 2691 (civilibus
1047 2661 1087 2685 ed.
1102 2661 1135 2691 a)
1154 2667 1245 2685 omnes
1263 2660 1381 2685 homines
1401 2660 1447 2684 Pa.

439 2696 463 2730 θ)
483 2697 651 2730 Porphyrius
669 2696 758 2721 etiam.
776 2710 794 2715 —
812 2697 880 2721 sicut
898 2697 978 2721 et1'am
997 2695 1167 2729 Porphyrius
1186 2695 1216 2720 Ρ.

439 2735 458 2765 ι)
479 2732 602 2758 derivati.
620 2745 639 2750 -
655 2732 778 2765 generati
797 2732 837 2756 vel
856 2731 971 2756 derivati
989 2731 1040 2756 EF.

1047 171 1311 219 QUAESTIO
1342 171 1516 217 LXXXI,
1545 170 1838 208 ARTICULUS
1868 172 1882 208 Ι

1495 254 1625 284 movet
1645 247 1775 283 omnia
1794 248 1968 285 membra
1987 250 2035 286 ad
2054 256 2192 287 actum.
2219 249 2330 287 Unde
2349 255 2548 298 peccatum

1494 299 1598 348 quod
1626 299 1678 336 sic
1702 312 1724 336 a
1743 299 1866 348 primo
1894 308 2050 348 parente
2079 301 2118 338 in
2144 309 2317 350 posteros
2346 302 2549 348 derivatur,

1494 352 1628 390 dicitur
1656 351 1859 402 originale:
1887 352 1982 389 sicut
2008 361 2207 402 peccatum
2226 354 2330 402 quod
2350 355 2398 391 ab
2422 354 2550 391 anima

1494 405 1684 442 derivatur
1703 404 1752 441 ad
1771 405 1946 442 membra
1963 405 2145 453 corporis,
2167 405 2300 443 dicitur
2318 407 2474 443 actuale.
2502 407 2550 442 Et

1494 457 1589 494 sicut
1615 465 1814 506 peccatum
1843 458 1988 494 actuale
2017 459 2121 505 quod
2148 470 2217 506 per
2244 459 2462 495 membrum
2488 458 2551 495 ali-

1495 511 1598 558 quod
1619 510 1875 557 committitur,
1892 522 1969 547 non
1991 517 2046 547 est
2064 518 2264 558 peccatum
2279 510 2374 547 illius
2387 511 2552 547 membri

1495 563 1563 600 nisi
1584 563 1807 611 inquantum
1828 563 1918 600 illud
1938 563 2156 600 membrum
2183 570 2238 599 est
2265 562 2406 610 aliquid
2433 563 2551 612 ipsius

1494 616 1671 663 hominis,
1700 623 1855 664 propter
1883 617 1987 664 quod
2015 622 2175 652 vocatur
2196 621 2392 663 peccatum
2420 617 2552 652 huma-

1496 680 1606 711 num‚·
1633 668 1682 704 ita
1709 675 1908 716 peccatum
1941 668 2119 716 originale
2152 680 2231 704 non
2264 674 2320 704 est
2351 675 2551 716 peccatum

1495 720 1608 756 huius
1634 731 1836 768 personae,
1857 720 1927 758 nisi
1949 721 2172 770 inquantum
2191 721 2287 757 haec
2305 732 2469 769 persona
2497 732 2554 757 re·

1496 772 1584 821 cipit
1610 779 1784 809 naturam
1813 785 1835 809 a
1861 773 1986 821 primo
2014 781 2182 822 parente.
2209 773 2322 810 Unde
2341 780 2378 810 et
2395 780 2555 810 vocatur

1491 831 1687 874 peccatum
1716 830 1875 862 naturae
1892 825 1930 872 *3
1959 827 2171 864 secundum
2190 826 2279 863 illud
2297 827 2432 874 Ephes.
2453 838 2476 863 11
2495 825 2552 862 **:

1495 880 1661 915 Eramus
1689 883 1826 914 natura
1842 877 1923 925 filii
1948 879 2038 915 irae.

1548 933 1607 968 An
1624 942 1759 967 ramum
1778 941 1876 966 ERGO
1891 942 2074 968 montinum
2090 932 2195 980 quod
2213 931 2313 968 filius
2329 931 2462 968 dicitur
2476 943 2556 968 non

1495 991 1646 1032 portare
1679 990 1879 1032 peccatum
1911 983 2046 1031 patris,
2075 984 2164 1032 quia
2190 996 2270 1023 non
2305 984 2458 1033 punitur
2483 996 2554 1032 pro

1496 1044 1653 1085 peccato
1673 1036 1804 1085 patris,
1825 1035 1896 1073 nisi
1915 1035 1961 1072 sit
1978 1035 2165 1084 particeps
2186 1037 2330 1085 eulpae.
2360 1038 2408 1074 Et
2427 1037 2480 1074 sic
2500 1044 2556 1074 est

1497 1090 1535 1126 in
1561 1089 1779 1138 proposito:
1810 1088 2003 1126 derivatur
2030 1088 2131 1126 enirn
2154 1101 2223 1137 per
2241 1089 2425 1137 originem
2445 1090 2557 1138 culpa

1497 1155 1519 1179 a
1547 1150 1652 1201 patre
1682 1142 1719 1178 in
1746 1142 1878 1188 filium,
1909 1141 2003 1178 sicut
2031 1148 2066 1178 et
2093 1149 2292 1189 peccatum
2321 1143 2464 1180 actuale
2487 1153 2556 1191 per

1496 1195 1758 1231 imitationem.

1549 1250 1608 1284 Ao
1637 1259 1826 1285 SECUNDUM
1859 1258 2043 1284 mCENDUM
2072 1246 2194 1306 quod,
2226 1246 2293 1284 etsi
2325 1246 2451 1284 anima
2478 1258 2557 1284 non

1497 1301 1730 1347 traducatur,
1762 1300 1852 1348 quia
1878 1299 1997 1336 virtus
2025 1299 2180 1337 seminis
2208 1312 2287 1336 non
2313 1306 2438 1348 potest
2471 1311 2557 1336 cau-

1498 1366 1580 1390 sare
1609 1354 1778 1390 animam
1798 1352 2038 1398 rationalem;
2068 1360 2200 1390 movet
2218 1360 2347 1389 tamen
2366 1351 2442 1389 ad
2433 1364 2556 1400 1psam

1498 1406 1731 1455 dispositive.
1759 1406 1870 1442 Unde
1889 1417 1957 1453 per
1975 1404 2154 1442 virtutem
2175 1405 2329 1442 seminis
2353 1405 2558 1442 traducitur

1497 1460 1667 1496 humana
1686 1466 1819 1495 natura
1838 1471 1860 1494 a
1878 1465 2034 1506 parente
2054 1458 2092 1495 in
2110 1459 2271 1507 prolem,
2288 1466 2324 1494 et
2338 1457 2448 1494 simul
2468 1469 2557 1494 cum

1498 1519 1632 1549 natura
1659 1519 1815 1549 naturae
1843 1510 2011 1548 infectio:
2041 1523 2086 1548 ex
2104 1512 2179 1548 hoc
2199 1511 2300 1548 enim
2327 1511 2371 1548 fit
2396 1510 2464 1547 iste
2493 1509 2558 1559 qui

1498 1565 1662 1602 nascitur
1691 1576 1848 1601 consors
1876 1564 2009 1612 culpae
2029 1563 2140 1612 primi
2158 1564 2339 1612 parentis,
2361 1563 2466 1612 quod
2493 1575 2560 1600 na-

1499 1625 1622 1655 turam
1651 1618 1699 1654 ab
1728 1630 1774 1653 eo
1804 1616 1955 1653 sortitur
1981 1629 2050 1665 per
2078 1617 2271 1665 quandam
2299 1616 2557 1664 generativam

1498 1671 1722 1708 motionem.

1551 1726 1609 1760 AD
1637 1735 1796 1760 TERTmM
1825 1734 2009 1759 DICENDUM
2038 1722 2153 1771 quod,
2181 1721 2248 1758 etsi
2277 1722 2388 1770 culpa
2415 1733 2494 1759 non
2513 1720 2558 1758 sit

1499 1785 1586 1814 actu
1613 1777 1652 1813 in
1679 1775 1836 1822 semine,
1860 1783 1916 1811 est
1934 1782 2063 1812 tamen
2081 1775 2133 1812 ibi
2151 1775 2289 1812 virtute
2306 1775 2476 1813 humana
2493 1785 2559 1839 uae

1499 1838 1582 1867 tura
1600 1828 1626 1877 λ,
1656 1841 1772 1878 quam
1801 1828 2077 1865 concomitatur
2103 1828 2184 1865 talis
2213 1828 2336 1876 culpa.

1553 1885 1611 1920 An
1641 1893 1813 1924 QUARTUM
1836 1892 2020 1918 DICENDUM
2049 1881 2152 1930 quod
2180 1893 2314 1918 semen
2343 1886 2398 1918 est
2422 1877 2560 1936 princi

1499 1936 1605 1985 pium
1625 1933 1888 1983 generationis,
1918 1946 2015 1993 quae
2045 1941 2100 1972 est
2126 1933 2301 1983 proprius
2320 1941 2426 1970 actus
2452 1938 2560 1973 nam-

1500 2001 1575 2035 rae,
1597 1988 1677 2026 eius
1704 1986 1967 2036 propagationi
1995 1987 2225 2024 deserviens.
2255 1987 2305 2024 Et
2329 1985 2418 2023 ideo
2440 1985 2562 2034 magis

1499 2041 1663 2079 inficitur
1681 2040 1807 2078 anima
1834 2051 1902 2088 per
1929 2052 2063 2077 semen
2086 2052 2203 2088 quam
2222 2051 2291 2088 per
2310 2051 2463 2078 carnem
2482 2038 2559 2083 iarn

1498 2095 1723 2144 perfectam,
1753 2105 1851 2141 quae
1880 2092 1956 2130 iam
1990 2093 2239 2132 determinata
2271 2099 2326 2129 est
2354 2091 2404 2130 ad
2428 2103 2560 2141 perso·-

1500 2160 1603 2186 nam.

1552 2203 1611 2238 AD
1631 2211 1793 2243 Qumruu
1817 2210 2000 2236 DICENDUM
2029 2198 2134 2246 quod
2161 2198 2252 2236 illud
2279 2198 2384 2247 quod
2414 2204 2561 2246 est-per

1501 2254 1698 2302 originem,
1727 2265 1805 2289 non
1826 2260 1880 2288 est
1899 2251 2139 2300 increpabile,
2165 2251 2196 2289 si
2216 2251 2475 2289 consideretur
2492 2250 2560 2289 iste

1501 2307 1566 2355 qui
1598 2306 1762 2343 nascitur
1793 2305 2006 2342 secundum
2039 2316 2091 2341 se.
2127 2304 2204 2342 Sed
2235 2304 2267 2342 si
2304 2303 2562 2343 consideretur

1500 2367 1613 2408 prout
1641 2359 1797 2396 refertur
1825 2358 1872 2395 ad
1901 2357 2055 2417 aliquod
2082 2357 2327 2406 principium,
2357 2356 2410 2394 sic
2437 2363 2562 2405 potest

1502 2425 1586 2450 esse
1606 2412 1639 2449 ei
1663 2411 1911 2470 increpabile:
1941 2411 2035 2447 sicut
2054 2410 2188 2458 aliquis
2214 2410 2279 2458 qui
2307 2409 2471 2447 nascitur
2493 2421 2562 2458 pa·-

1500 2465 1588 2502 titur
1606 2464 1854 2512 ignominiam
1874 2463 2021 2511 generis
2041 2475 2086 2500 ex
2107 2463 2216 2511 culpa
2245 2463 2399 2500 alicuius
2426 2474 2562 2511 progee-

1502 2518 1667 2555 nitorum
1695 2523 1900 2554 causatam.

1554 2624 1579 2656 κ)
1599 2624 1766 2648 voluntarius
1836 2622 1892 2647 sed.
1908 2634 1927 2640 -
1945 2623 2017 2646 mota
2031 2627 2048 2645 a
2061 2638 2083 2646 ..
2095 2638 2102 2646 .
2119 2620 2166 2645 sed
2184 2627 2202 2644 a
2219 2620 2311 2653 EFpB.
2328 2633 2348 2638 -
2366 2620 2416 2644 Pro
2435 2620 2562 2650 membra,

1500 2659 1644 2684 membrum
1664 2659 1710 2683 Pa.

1553 2693 1581 2726 λ)
1601 2694 1700 2718 virtute
1718 2693 1835 2718 humana
1853 2695 1960 2717 natura.
1978 2704 1997 2711 -
2015 2690 2114 2716 uirtute
2132 2690 2265 2715 humanae
2278 2693 2392 2716 naturae
2406 2691 2452 2720 Pa,
2466 2690 2493 2715 in
2506 2690 2563 2716 wir-

1501 2732 1557 2754 tute
1574 2729 1692 2754 humana
1710 2729 1762 2753 EF.

1061 2801 1392 2834 Conmentaria
1414 2799 1664 2832 Cardinalis
1686 2799 1885 2831 Caietani

417 2886 437 2906 N
461 2875 592 2906 articulo
617 2874 721 2915 primo
741 2873 935 2915 quaestionis
953 2872 1295 2912 octogesimaeprimae,
1313 2871 1447 2902 dubium

390 2889 522 2961 Iprimo
540 2919 738 2949 novitiorum
752 2917 898 2954 occurrit,
920 2927 986 2957 quo
1006 2923 1099 2957 pacto
1117 2923 1176 2947 stat
1193 2916 1361 2947 declaratio
1380 2918 1447 2946 Au-

387 2964 481 2995 ctoris
497 2964 535 2994 de
551 2963 651 2993 modo
667 2973 734 3003 quo
751 2961 902 3002 originale
918 2967 1084 3001 peccatum
1105 2960 1287 2991 traducitur.
1311 2961 1447 3000 Propor-

386 3007 511 3039 tionalis
535 3017 672 3048 namque
697 3006 871 3038 similitudo
896 3006 934 3036 de
958 3012 1086 3045 peccato
1110 3004 1244 3035 membri
1272 3014 1307 3035 ac
1334 3004 1448 3035 volun-

386 3052 456 3083 tatis
480 3051 636 3082 moventis
652 3051 740 3088 illud,
758 3058 788 3082 et
803 3050 898 3081 huius
913 3049 1052 3080 hominis
1073 3049 1112 3079 ad
1128 3048 1269 3089 primum
1286 3055 1448 3088 parentem

386 3103 588 3136 generantem
603 3095 719 3136 ipsum,
737 3095 914 3125 inconsona
929 3100 983 3124 est.
997 3094 1080 3124 Nam
1096 3093 1171 3134 quia
1185 3092 1332 3123 voluntas
1348 3102 1447 3122 mem-

387 3141 480 3170 brum
504 3139 592 3181 quod
612 3146 666 3176 est,
684 3145 791 3170 movet
810 3139 850 3169 ad
866 3137 1083 3169 executionem
1108 3136 1228 3176 culpae,
1252 3136 1324 3166 ideo
1349 3146 1448 3166 mem-

388 3184 480 3214 brum
504 3184 614 3224 culpae
630 3183 784 3224 particeps
804 3182 849 3214 fit.
875 3182 1035 3213 Generans
1058 3188 1165 3212 autem
1184 3190 1249 3210 non
1266 3187 1375 3211 movet
1396 3190 1447 3220 ge-

389 3227 558 3257 nerationis
582 3227 725 3258 motione
744 3228 830 3258 hunc
844 3226 1009 3257 hominem
1034 3226 1228 3263 existentem,
1245 3224 1284 3254 ad
1304 3224 1447 3264 culpam:

388 3271 443 3301 sed
466 3270 538 3301 facit
561 3271 645 3302 hunc
668 3271 832 3302 hominem
855 3272 921 3301 esse
939 3281 1012 3301 cum
1029 3270 1082 3301 tali
1099 3269 1232 3306 defectu,
1250 3278 1316 3309 quo
1332 3278 1398 3299 non
1414 3267 1449 3299 fit

389 3314 584 3354 participatio
609 3316 728 3355 culpae,
754 3316 808 3346 sed
831 3324 953 3355 poenae
975 3315 1026 3345 vel
1049 3314 1188 3345 defectus
1212 3312 1329 3354 potius.

444 3358 481 3388 11.
499 3358 549 3388 Ad
564 3358 624 3388 hoc
649 3359 761 3389 dicitur
784 3360 871 3399 quod
892 3358 1066 3389 similitudo
1086 3364 1249 3393 consonat,
1275 3363 1305 3387 et
1327 3356 1447 3397 optime

390 3402 524 3432 declarat
546 3402 712 3438 intentum,
738 3403 762 3432 si
782 3403 973 3433 attendimus
993 3403 1032 3432 ad
1051 3402 1130 3432 illud
1153 3402 1242 3442 quod
1261 3407 1307 3431 est
1329 3410 1385 3440 per
1404 3410 1447 3431 se.

390 3445 424 3475 In
441 3445 584 3476 motione
601 3445 685 3475 enim
699 3446 831 3476 membri
847 3457 864 3476 a
879 3446 1052 3482 voluntate,
1067 3455 1123 3486 per
1139 3456 1170 3476 se
1190 3445 1225 3476 fit
1243 3444 1331 3486 quod
1349 3454 1447 3474 mem-

389 3491 483 3520 brum
507 3489 708 3520 constituitur
730 3490 762 3519 in
786 3489 846 3520 hoc
870 3490 958 3529 quod
982 3496 1027 3520 est
1051 3499 1116 3520 esse
1131 3489 1377 3520 instrumentum
1392 3499 1447 3519 vo-

1498 2870 1627 2901 luntatis
1651 2871 1691 2900 ad
1713 2870 1774 2900 tale
1791 2878 1890 2910 opus:
1916 2876 1946 2900 et
1969 2879 2006 2900 ex
2034 2868 2096 2899 hoc
2118 2868 2198 2908 ipso,
2225 2867 2391 2909 supposito
2411 2868 2500 2909 quod
2522 2868 2562 2899 sit

1500 2925 1597 2955 capax
1620 2914 1745 2964 culpae,
1770 2916 2017 2944 instrumentum
2040 2912 2119 2943 illud
2143 2912 2253 2952 culpae
2276 2911 2312 2942 fit
2333 2911 2497 2952 particeps.
2520 2909 2562 2943 Et

1500 2958 1642 2989 similiter
1670 2958 1703 2988 in
1726 2957 1926 2998 generatione
1957 2957 2052 2987 huius
2082 2956 2222 2986 hominis
2245 2956 2284 2986 ab
2307 2956 2425 2992 Adam,
2450 2965 2505 2997 per
2527 2965 2561 2986 se

1500 3002 1536 3034 fit
1557 3002 1646 3043 quod
1668 3001 1719 3032 hic
1737 3001 1837 3032 homo
1857 3001 2058 3032 constituitur
2076 3000 2109 3031 in
2128 3000 2190 3031 hoc
2209 3000 2298 3041 quod
2313 3006 2359 3031 est
2375 3010 2443 3031 esse
2459 3009 2564 3032 mems-

1500 3048 1595 3078 brum
1615 3047 1705 3077 Adae
1730 3052 1766 3076 ut
1796 3045 1922 3086 capitis:
1948 3055 1984 3076 ex
2012 3045 2072 3076 hoc
2095 3054 2233 3086 namque
2257 3045 2347 3084 quod
2371 3054 2427 3084 per
2453 3053 2562 3077 semen

1501 3091 1538 3121 ab
1562 3091 1632 3130 ipso
1655 3096 1829 3130 generatur,
1855 3089 1922 3120 eius
1946 3089 2126 3119 membrum
2149 3087 2198 3125 fit;
2223 3088 2302 3119 adeo
2318 3088 2416 3129 quod,
2434 3087 2460 3119 si
2475 3087 2562 3119 aliter

1500 3140 1699 3175 generaretur
1726 3140 1780 3164 aut
1803 3133 1905 3170 fieret,
1930 3143 1995 3163 non
2020 3140 2100 3164 esset
2123 3133 2190 3163 eius
2213 3133 2404 3164 membrum.
2427 3131 2475 3163 Ex
2499 3123 2561 3162 hoc

1501 3185 1608 3209 autem
1631 3178 1719 3219 quod
1750 3177 1816 3208 eius
1840 3178 2021 3208 membrum
2053 3183 2114 3213 est,
2140 3176 2307 3218 supposito
2340 3176 2428 3217 quod
2458 3185 2561 3206 susce-

1501 3223 1623 3263 ptivum
1640 3223 1762 3263 culpae,
1779 3222 1933 3262 particeps
1956 3221 1992 3252 fit
2014 3221 2135 3262 culpae,
2156 3227 2188 3252 et
2209 3230 2275 3251 non
2299 3220 2404 3252 solum
2426 3228 2560 3260 poenae.

1501 3267 1687 3298 Generativa
1717 3276 1791 3306 ergo
1814 3266 1917 3297 motio
1941 3266 2111 3316 respondet
2137 3265 2273 3296 motioni
2304 3263 2505 3304 imperativae
2527 3262 2560 3293 in

1500 3311 1562 3341 hoc
1579 3311 1667 3352 quod
1683 3317 1730 3342 est
1745 3316 1912 3351 utramque
1936 3309 2125 3343 constituere
2143 3316 2270 3341 motum
2284 3308 2317 3339 in
2332 3307 2395 3338 hoc
2409 3307 2499 3347 quod
2515 3313 2562 3337 est

1501 3365 1568 3385 esse
1582 3355 1701 3395 aliquid
1716 3354 1884 3391 moventis,
1902 3361 1937 3384 ut
1960 3353 2002 3384 sic
2026 3354 2126 3394 possit
2149 3354 2177 3384 ei
2199 3351 2347 3392 imputari
2366 3351 2406 3381 ad
2422 3351 2558 3390 culpam,

1501 3399 1740 3440 praesupposita
1764 3398 1830 3429 eius
1855 3398 2033 3438 capacitate.

1557 3443 1654 3493 Quod
1682 3450 1788 3474 autem
1811 3442 1854 3472 ibi
1883 3442 2063 3472 membrum
2091 3439 2219 3480 praesit,
2244 3445 2275 3469 et
2296 3437 2347 3469 hic
2374 3448 2458 3474 non,
2483 3437 2561 3468 nihil

1502 3486 1610 3519 efficit:
1626 3487 1727 3517 immo
1743 3485 2070 3526 proportionalitatem
2084 3483 2220 3514 adiuvat.
2245 3482 2327 3520 Quia
2343 3482 2423 3513 sicut
2438 3482 2478 3512 ad
2495 3480 2562 3512 cul-'

2582 830 2591 839 '
2605 828 2633 850 D.
2649 827 2732 851 1006«.

2580 856 2601 866 ··
2615 854 2683 877 Vers-
2696 860 2718 883 3.
