2840 4010
153 934 161 943 ¹
177 932 243 954 Vers.
259 939 282 960 9.

151 1410 159 1419 ⁶
174 1410 225 1430 Art.
241 1415 256 1430 1.

389 163 463 200 336

446 242 480 278 3.
511 243 743 289 PRAETEREA‚
773 243 945 280 remissio
974 250 1219 291 peccatorum
1250 241 1451 290 consequi-

391 301 450 331 tur
478 295 525 332 ad
554 303 703 332 motum
732 295 838 332 liberi
866 295 1006 332 arbitrii
1034 295 1072 331 in
1101 296 1228 332 Deum
1250 302 1286 331 et
1305 294 1343 330 in
1362 306 1451 342 pec-

392 354 531 395 catum,
553 348 647 385 sicut
677 348 831 384 effectus
852 349 899 385 ad
921 359 1091 384 causam:
1121 359 1189 396 per
1207 347 1325 384 fidem
1347 347 1448 384 enim

393 407 428 437 et
448 400 710 437 contritionem
740 400 979 437 remittuntur
997 408 1164 449 peccata.
1195 400 1272 437 Sed
1292 399 1450 437 effectus

390 465 469 489 non
486 453 599 490 debet
614 453 882 490 connumerari
902 465 994 490 suae
1010 465 1163 490 causae:
1181 452 1270 500 quia
1287 465 1331 490 ea
1351 465 1449 501 quae

392 513 712 542 connumerantur
740 506 846 553 quasi
875 506 924 543 ad
948 505 1112 542 invicem
1133 505 1341 552 condivisa,
1364 513 1451 542 sunt

392 558 500 594 simul
534 565 677 595 natura.
712 559 814 606 Ergo
853 558 1024 595 remissio
1059 559 1192 606 culpae
1229 570 1307 595 non
1337 558 1450 595 debet

392 610 656 648 connumerari
690 611 769 648 aliis
797 623 895 659 quae
929 611 1170 660 requiruntur
1197 611 1245 648 ad
1273 610 1448 648 iustifica-

392 663 533 700 tionem
562 663 680 712 impii.

444 716 518 753 SED
547 728 693 754 CONTRA
720 728 786 753 EST
814 717 918 765 quod
946 717 984 754 in
1005 716 1292 754 enumeratione
1312 729 1447 755 eorum

391 781 488 816 quae
517 769 758 818 requiruntur
785 770 833 806 ad
859 782 953 818 rem,
974 782 1052 806 non
1072 769 1186 806 debet
1203 769 1448 818 praetermitti

389 822 487 868 finis,
517 822 581 871 qui
610 829 665 859 est
692 821 932 871 potissimum
958 821 995 859 in
1015 834 1263 870 unoquoque.
1296 823 1372 860 Sed
1393 835 1448 859 re-

388 874 516 911 missio
541 883 786 924 peccatorum
806 883 860 912 est
879 875 966 913 finis
985 875 1024 912 in
1043 875 1306 912 iustificatione
1325 875 1446 925 impii:

391 927 523 964 dicitur
542 928 643 965 enirn
665 928 782 965 Isaiae
801 940 896 965 xxvii
912 927 948 965 *z
977 929 1051 965 Iste
1069 934 1123 965 est
1148 929 1269 965 omnis
1281 929 1447 976 fructus,

390 986 431 1017 ut
449 981 647 1029 auferatur
666 987 683 1003 ²
704 987 903 1029 peccatum
922 982 1011 1018 eius.
1042 982 1144 1029 Ergo
1167 981 1339 1018 remissio
1358 993 1447 1030 pec-

390 1041 561 1071 catorum
591 1035 704 1072 debet
734 1034 998 1071 connumerari
1019 1034 1115 1071 inter
1135 1046 1180 1071 ea
1200 1047 1299 1082 quae
1325 1034 1447 1083 requi-

389 1093 522 1123 runtur
549 1087 598 1124 ad
626 1087 929 1124 iustificationem
959 1087 1079 1136 impii.

442 1140 667 1177 RESPONDEO
696 1151 880 1177 mcaNDUM
908 1139 1012 1189 quod
1036 1147 1199 1187 quatuor
1219 1151 1446 1176 enumeran—

388 1199 448 1228 tur
463 1204 560 1240 quae
580 1192 821 1241 requiruntur
840 1193 888 1230 ad
907 1191 1214 1229 iustificationem
1233 1192 1357 1240 impii:
1379 1192 1449 1229 sci-

388 1243 473 1281 licet
491 1245 628 1292 gratiae
648 1245 802 1292 infusio;
824 1253 951 1283 motus
975 1244 1080 1282 liberi
1100 1245 1241 1282 arbitrii
1260 1245 1298 1282 in
1317 1246 1446 1283 Deum

387 1308 456 1346 per
469 1297 605 1344 fidem;
622 1305 659 1334 et
672 1306 800 1335 motus
824 1298 930 1335 liberi
956 1297 1096 1334 arbitrii
1116 1297 1154 1334 in
1173 1305 1390 1347 peecatum;
1411 1305 1448 1335 et

388 1349 560 1387 remissio
590 1351 734 1400 culpae.
765 1351 883 1388 Cuius
913 1350 1006 1388 ratio
1037 1357 1092 1387 est
1119 1351 1220 1399 quia,
1251 1348 1375 1387 sicut?
1395 1350 1449 1388 di-

389 1410 491 1439 ctum
525 1410 580 1440 est
603 1403 639 1451 ²¹⁸,
674 1404 886 1441 iustificatio
924 1411 979 1441 est
1012 1402 1169 1451 quidam
1203 1410 1330 1440 motus
1369 1415 1446 1453 quo

389 1455 515 1507 anima
544 1464 722 1494 movetur
749 1469 771 1494 a
798 1458 884 1504 Deo
914 1469 935 1493 a
963 1464 1060 1493 statu
1090 1456 1224 1505 culpae
1248 1456 1287 1493 in
1308 1463 1447 1494 statum

387 1508 559 1546 iustitiae.
591 1511 634 1546 In
661 1509 832 1558 quolibet
851 1517 979 1547 autern
1004 1516 1113 1546 motu
1136 1521 1213 1558 quo
1238 1509 1380 1558 aliquid
1399 1510 1447 1546 ab

388 1562 504 1599 altero
524 1570 713 1609 movetur,
743 1563 812 1600 tria
841 1562 1098 1610 requiruntur:
1127 1562 1253 1611 primo
1274 1561 1442 1611 quidem,

387 1614 506 1651 motio
536 1615 653 1664 ipsius
682 1615 892 1662 moventis;
922 1615 1104 1662 secundo⁷
1130 1622 1258 1652 motus
1278 1614 1444 1660 mobilis;

390 1674 425 1703 et
452 1666 572 1713 tertio,
604 1668 883 1705 consummatio
914 1675 1053 1715 motus,
1084 1668 1162 1705 sive
1181 1667 1380 1717 perventio
1401 1668 1449 1705 ad

389 1719 520 1757 finem.
550 1721 607 1758 Ex
626 1724 732 1771 parte
754 1721 863 1770 igitur
882 1721 1061 1759 motionis
1082 1720 1245 1768 divinae,
1267 1720 1447 1770 accipitur

439 1841 466 1872 α)
485 1840 634 1874 auferatur.
653 1854 670 1859 —
687 1841 796 1874 auferat
815 1833 1065 1873 ABCDE'GIKLpffl
1084 1840 1140 1865 eius
1158 1847 1212 1865 om.
1231 1840 1261 1865 P.
1274 1833 1280 1839 '

1066 163 1331 210 QUAESTIO
1362 163 1499 210 CXIII,
1529 163 1824 200 ARTICULUS
1852 163 1903 199 Vl

1502 241 1641 289 gratiae
1670 241 1829 286 infusio;
1860 253 1904 277 ex
1931 249 2037 289 parte
2056 254 2148 279 vero
2169 243 2276 281 liberi
2295 244 2435 281 arbitrii
2457 244 2563 291 moti,

1503 294 1739 343 accipiuntur
1758 294 1835 330 duo
1852 301 1978 330 motus
1996 293 2124 342 ipsius,
2141 296 2353 333 secundum
2369 309 2562 334 recessum

1503 360 1525 384 a
1554 348 1716 384 termino
1747 359 1768 383 a
1797 358 1886 394 quo,
1917 354 1953 383 et
1980 359 2177 383 accessum
2206 348 2254 385 ad
2282 349 2486 387 terminum
2513 350 2562 387 ad

1503 412 1636 449 quem;
1659 398 1938 436 consummatio
1955 406 2096 446 autem,
2112 399 2193 437 sive
2211 401 2410 448 perventio
2425 402 2475 440 ad
2493 409 2564 440 ter-

1503 453 1651 490 minum
1674 452 1787 489 huius
1806 459 1945 499 motus,
1969 451 2195 500 importatur
2213 464 2282 501 per
2300 453 2562 492 remissionem

1503 507 1653 555 culpae,
1682 506 1719 542 in
1748 506 1823 542 hoc
1852 504 1953 541 enim
1983 504 2193 541 iustificatio
2223 513 2523 543 consummatur.

1555 561 1614 595 An
1630 570 1766 595 ramum
1782 569 1879 595 ERGO
1895 569 2077 605 mcaunum
2094 557 2198 606 quod
2218 557 2432 595 iustificatio
2457 557 2562 607 impii

1503 611 1637 648 dicitur
1666 622 1748 647 esse
1775 609 1858 659 ipsa
1878 610 2050 647 remissio
2071 617 2329 659 peccatorum,
2350 610 2562 648 secundum

1503 665 1606 713 quod
1635 661 1760 700 omnis
1789 670 1916 700 motus
1944 663 2079 712 accipit
2094 663 2260 712 speciem
2281 675 2304 700 a
2323 662 2496 701 termino.
2513 663 2563 701 Et

1502 724 1630 754 tamen
1659 715 1708 753 ad
1741 715 1947 753 terminum
1985 716 2301 765 consequendum
2338 717 2457 754 multa
2491 716 2563 754 alia

1503 769 1753 818 requiruntur,
1784 775 1824 804 ut
1854 780 1898 804 ex
1926 769 2149 817 supradictis
2167 769 2187 791 ²⁸
2214 776 2328 818 patet.

1554 824 1613 859 An
1643 832 1832 858 sECUNDUM
1864 832 2048 858 mcuNDUM
2072 822 2177 871 quod
2196 822 2334 870 gratiae
2359 822 2497 859 infusio
2527 829 2564 859 et

1502 874 1671 912 remissio
1710 873 1843 921 culpae
1882 873 2079 923 dupliciter
2116 875 2345 912 considerari
2387 882 2559 924 possunt.

1502 928 1588 965 Uno
1618 927 1747 973 modo,
1778 925 1991 964 secundum
2019 927 2141 976 ipsam
2169 928 2419 966 substantiam
2444 935 2560 966 actus,

1502 982 1550 1018 Et
1578 980 1630 1017 sic
1649 980 1749 1016 idem
1778 986 1880 1015 sunt:
1910 979 2050 1017 eodem
2079 981 2181 1018 enim
2200 989 2286 1019 actu
2312 983 2418 1019 Deus
2438 989 2474 1018 et
2492 981 2564 1018 lar-

1500 1034 1596 1082 gitur
1615 1033 1770 1080 gratiam
1788 1039 1823 1068 et
1842 1031 1995 1068 remittit
2012 1033 2176 1082 culpam.
2192 1054 2216 1062 -
2231 1034 2316 1071 Alio
2337 1034 2456 1072 modo
2476 1047 2563 1084 pos-

1501 1094 1588 1123 sunt
1608 1084 1838 1123 considerari
1854 1097 1899 1121 ex
1917 1091 2023 1133 parte
2044 1085 2293 1127 obiectorum.
2315 1088 2364 1124 Et
2383 1087 2435 1124 sic
2456 1087 2563 1124 diffe-

1502 1147 1599 1186 runt,
1621 1137 1833 1175 secundum
1858 1137 2108 1175 differentiam
2140 1139 2272 1188 culpae
2293 1152 2390 1188 quae
2409 1141 2560 1187 tollitur,

1501 1199 1538 1229 et
1564 1191 1702 1241 gratiae
1732 1203 1830 1239 quae
1858 1190 2078 1228 infunditur.
2106 1191 2213 1228 Sicut
2241 1191 2356 1229 etiam
2384 1192 2423 1231 in
2449 1193 2562 1230 rebus

1500 1244 1731 1282 naturalibus
1745 1244 1938 1291 generatio
1955 1251 1991 1281 et
2010 1244 2200 1293 corruptio
2221 1244 2411 1292 differunt,
2427 1258 2560 1294 quam-

1499 1297 1558 1335 vis
1587 1296 1778 1345 generatio
1806 1296 1919 1333 unius
1947 1297 1994 1334 sit
2012 1297 2214 1347 ¹corruptio
2243 1297 2409 1335 alterius.
2542 1312 2544 1315 ·

2592 771 2640 793 In
2655 777 2684 793 co
2715 777 2767 799 ore,
2781 774 2805 794 et

2591 798 2698 846 icharticu
2707 798 2727 820 is
2737 804 2804 826 prae-

1553 1352 1612 1387 An
1631 1361 1791 1387 TER-num
1811 1361 1994 1387 DICENDUM
2014 1351 2120 1399 quod
2144 1349 2214 1387 ista
2233 1363 2312 1388 non
2333 1358 2388 1387 est
2417 1362 2562 1388 connu-
2587 1385 2594 1392 ,

1501 1403 1658 1440 meratio
1688 1402 1899 1440 secundum
1929 1402 2156 1440 divisionem
2177 1403 2323 1452 generis
2343 1403 2381 1440 in
2401 1403 2562 1453 species,

1501 1456 1539 1493 in
1566 1469 1643 1505 qua
1663 1463 1812 1504 oportet
1830 1455 1935 1504 quod
1956 1463 2230 1494 connumerata
2249 1456 2322 1494 sint
2341 1456 2472 1494 simul:
2492 1454 2560 1494 sed

1501 1509 1712 1546 secundum
1749 1508 2000 1547 differentiam
2033 1521 2168 1547 eorum
2196 1522 2294 1558 quae
2322 1510 2565 1559 requiruntur

1501 1562 1549 1599 ad
1578 1562 1872 1611 completionem
1906 1562 2073 1599 alicuius.
2105 1563 2147 1599 ln
2176 1574 2252 1611 qua
2280 1562 2437 1611 quidem
2471 1574 2565 1599 enu-

1501 1615 1711 1652 meratione
1733 1614 1875 1663 aliquid
1894 1622 2020 1664 potest
2039 1627 2122 1652 esse
2141 1613 2257 1664 prius,
2278 1621 2316 1652 et
2334 1615 2474 1664 aliquid
2485 1619 2562 1666 ³p'o-

1501 1667 1654 1705 sterius:
1686 1667 1773 1716 quia
1797 1667 2070 1716 principiorum
2091 1675 2128 1704 et
2145 1667 2310 1717 partium
2329 1667 2383 1705 rei
2404 1671 2565 1718 comp&

1501 1719 1592 1758 sitae
1620 1728 1744 1769 potest
1773 1733 1854 1757 esse
1884 1720 2026 1770 aliquid
2055 1720 2128 1758 alio
2156 1719 2274 1770 prius.

1559 1838 1584 1872 β)
1604 1840 1679 1864 sicut.
1697 1853 1716 1857 -
1734 1840 1876 1864 secundum
1896 1839 1968 1872 quod
1985 1838 2037 1864 EF.

1065 1910 1396 1944 Commentarius
1419 1909 1667 1943 Cardinalis
1690 1910 1888 1943 Caietam

416 2005 436 2025 u
460 1994 591 2025 articulo
621 2001 724 2030 sexto,
748 1994 781 2024 in
810 1994 892 2025 calce
922 1994 1063 2035 corporis
1087 1994 1226 2030 articuli,
1252 1994 1307 2024 ubi
1335 1991 1448 2025 dicitur

389 2006 506 2080 Iquod
529 2038 671 2069 remissio
690 2045 893 2079 peccatorum
914 2045 959 2069 est
975 2039 1215 2076 consummatio,
1230 2039 1297 2070 sive
1311 2047 1449 2079 perven-

386 2084 428 2114 tio
451 2083 495 2113 ad
517 2084 687 2113 terminum
710 2083 806 2113 huius
831 2088 954 2119 motus,
980 2083 1035 2123 qui
1060 2089 1106 2113 est
1133 2081 1313 2113 iustificatio
1337 2081 1446 2122 impii,

386 2125 521 2157 dubium
549 2126 693 2157 occurrit.
717 2127 806 2157 Tum
829 2126 903 2168 quia
926 2126 1059 2163 iustitia,
1084 2133 1119 2157 ut
1137 2126 1170 2156 in
1186 2126 1291 2167 primo
1315 2126 1447 2158 articulo

386 2171 506 2202 dictum
529 2170 598 2207 fuit,
619 2177 665 2202 est
688 2170 841 2202 terminus
865 2171 904 2201 ad
927 2181 1035 2212 quem,
1060 2171 1092 2200 in
1117 2171 1207 2202 cuius
1222 2170 1446 2204 consecutione

385 2221 626 2246 consummatur
638 2214 695 2246 iste
707 2221 825 2246 motus.
835 2215 949 2246 -Tum
961 2215 1035 2256 quia
1047 2214 1190 2255 expulsio
1203 2214 1327 2246 termini
1340 2225 1358 2246 a
1370 2225 1446 2256 quo,

383 2259 418 2289 in
441 2257 531 2290 nullo
555 2265 647 2290 motu
671 2259 764 2290 habet
787 2258 943 2292 rationem
966 2258 1092 2290 termini
1111 2259 1151 2289 ad
1170 2269 1277 2300 quem,
1302 2265 1338 2290 ut
1361 2265 1447 2300 patet

383 2302 553 2334 inductive.
572 2302 705 2334 Constat
727 2310 833 2334 autem
848 2303 938 2344 quod
953 2303 1096 2334 remissio
1118 2310 1321 2344 peccatorum
1337 2309 1384 2334 est
1398 2313 1447 2334 ex-

384 2347 490 2387 pulsio
516 2347 637 2387 culpae,
661 2357 742 2388 quae
767 2354 812 2378 est
835 2347 988 2384 terminus
1005 2358 1022 2378 a
1037 2356 1117 2388 quo:
1138 2353 1169 2378 et
1190 2347 1248 2378 iste
1264 2354 1311 2379 est
1325 2354 1443 2378 motus.

383 2391 478 2432 Ergo,
503 2397 562 2422 etc.

442 2435 478 2466 II.
490 2435 540 2466 Ad
551 2435 614 2466 hoc
626 2434 739 2466 dicitur
751 2435 848 2476 quod,
863 2435 1138 2476 quemadmodum
1150 2435 1182 2466 in
1195 2436 1285 2466 omni
1297 2436 1446 2468 mutatio-

383 2489 422 2510 ne
443 2479 522 2510 ordo
545 2486 674 2510 naturae
689 2489 726 2510 ex
748 2486 835 2520 parte
851 2479 970 2520 agentis
990 2479 1082 2519 exigit
1097 2480 1184 2520 quod
1207 2480 1346 2512 duorum
1364 2490 1450 2522 quae·

382 2523 587 2555 inveniuntur
602 2523 634 2554 in
650 2522 786 2554 termino
806 2523 846 2554 ad
862 2534 968 2565 quem,
986 2523 1103 2554 scilicet
1117 2524 1310 2555 inductionis
1326 2524 1446 2556 formae

382 2567 519 2598 intentae
536 2574 566 2598 et
582 2567 775 2608 expulsionis
799 2567 949 2608 oppositi,
974 2567 1078 2608 primo
1101 2568 1141 2599 sit
1163 2568 1305 2600 inductio
1325 2568 1446 2600 formae

382 2611 519 2643 intentae
542 2619 573 2643 et
596 2611 710 2642 ultimo
735 2612 774 2642 sit
793 2612 936 2653 expulsio
953 2612 1107 2653 oppositi;
1129 2619 1164 2643 ut
1179 2619 1264 2652 patet
1278 2613 1311 2643 in
1326 2612 1444 2644 illumi-

383 2655 520 2692 natione,
545 2655 577 2686 in
602 2666 664 2697 qua
687 2655 760 2687 licet
782 2655 878 2687 simul
902 2666 954 2687 aer
971 2656 1168 2687 illuminetur
1184 2663 1215 2687 et
1229 2657 1445 2688 excludatura

382 2700 526 2736 tenebra,
552 2710 588 2730 ex
611 2700 673 2731 hoc
697 2707 802 2730 tamen
826 2701 915 2740 quod
938 2699 1144 2736 illuminatur,
1169 2701 1344 2731 excluditur
1365 2711 1382 2731 a
1401 2708 1444 2732 te-

383 2744 493 2780 nebra;
519 2754 553 2774 ac
578 2754 633 2784 per
656 2744 727 2780 hoc,
752 2744 891 2775 exclusio
911 2751 957 2775 est
973 2744 1207 2775 consummatio
1232 2752 1262 2775 et
1278 2745 1441 2785 perventio

382 2788 421 2818 ad
436 2788 621 2819 terminum:
638 2788 680 2819 ita
695 2788 728 2818 in
743 2788 805 2819 hoc
819 2795 911 2819 motu
926 2788 1155 2819 iustificationis
1172 2788 1271 2829 impii,
1291 2789 1443 2821 terminus

382 2832 421 2862 ad
444 2842 541 2872 quem
565 2832 658 2863 habet
682 2832 714 2862 in
735 2843 767 2863 se
784 2833 859 2869 duo,
885 2832 1001 2863 scilicet
1023 2833 1243 2863 inductionem
1261 2833 1397 2864 iustitiae
1414 2839 1446 2864 et

381 2877 602 2914 remissionem
621 2876 741 2917 culpae,
758 2883 788 2907 et
802 2876 879 2907 haec
898 2877 991 2907 habet
1011 2876 1114 2907 ultimi
1129 2877 1294 2908 rationem.
1313 2877 1353 2909 Et
1369 2887 1442 2918 pro—

382 2927 487 2960 pterea
503 2921 536 2950 in
551 2920 652 2951 littera
668 2920 782 2951 dicitur
796 2921 885 2962 quod
899 2921 931 2950 in
948 2920 1132 2951 remissione
1147 2927 1351 2961 peccatorum
1368 2931 1441 2952 con-

382 2971 560 2995 summatur
583 2964 762 2995 iustificatio
785 2964 885 3005 impii.

439 3009 491 3039 ΙΙΙ.
516 3009 550 3038 In
574 3009 779 3048 responsione
796 3009 836 3039 ad
855 3009 1005 3049 primurn,
1026 3008 1160 3039 dubium
1179 3009 1340 3049 consurgit
1363 3009 1442 3040 circa

384 3052 436 3082 illa
460 3053 570 3083 verba:
596 3053 784 3094 Iustficatio
804 3054 891 3094 impii
909 3053 1027 3084 dicitur
1043 3062 1111 3083 esse
1126 3054 1195 3093 ipsa
1211 3053 1356 3083 remissio
1365 3063 1440 3093 pec-

383 3101 545 3134 catorum,
569 3097 742 3127 secundum
771 3097 855 3137 quod
877 3098 982 3128 omnis
1004 3102 1108 3128 motus
1130 3098 1265 3137 speciem
1285 3098 1353 3128 acci
1375 3098 1399 3128 it
1421 3107 1441 3128 a

383 3141 526 3171 termino.
551 3141 635 3171 Nam
658 3139 730 3181 plus
754 3141 922 3182 requiritur
938 3141 978 3172 ad
993 3151 1059 3172 esse
1075 3141 1247 3172 terminum
1262 3141 1346 3182 speci
1371 3150 1441 3172 can-

383 3189 446 3213 tem
460 3191 595 3220 motum‚
609 3195 707 3225 quam
719 3186 758 3215 ad
774 3195 840 3215 esse
857 3185 1029 3216 terminum
1044 3185 1195 3216 eiusdem.
1213 3185 1254 3216 Et
1266 3192 1441 3226 propterea,

382 3226 455 3257 licet
477 3228 619 3268 expulsio
644 3229 785 3278 oppositi
803 3229 916 3260 habeat
930 3229 1086 3260 rationem
1102 3229 1206 3260 ultimi
1224 3229 1359 3266 termini,
1375 3239 1442 3260 non

384 3269 477 3301 habet
492 3278 597 3302 tamen
621 3273 777 3304 rationem
800 3273 925 3303 termini
941 3272 1165 3313 specificantis:
1190 3283 1256 3304 non
1273 3273 1358 3304 enim
1373 3283 1442 3314 spe-

385 3312 522 3344 cificatur
545 3315 733 3347 illuminatio
757 3317 795 3347 ab
819 3317 1004 3356 expulsione
1027 3318 1182 3354 tenebrae,
1202 3318 1256 3348 sed
1276 3328 1294 3348 a
1309 3317 1441 3349 lumine.

384 3357 466 3388 Male
486 3367 559 3398 ergo
579 3358 701 3390 videtur
718 3360 838 3391 dictum
858 3361 947 3401 quod
970 3367 1077 3392 motus
1093 3361 1150 3391 iste
1167 3361 1280 3393 dicitur
1295 3361 1438 3392 remissio

384 3407 596 3441 peccatorum,
614 3404 789 3434 secundum
812 3404 901 3444 quod
924 3404 1029 3434 omnis
1053 3411 1161 3435 motus
1185 3405 1321 3446 speciem
1345 3405 1443 3436 sumit

377 3454 403 3475 ,a
427 3445 576 3481 termino,
600 3451 751 3486 tanquam
775 3447 918 3478 remissio
948 3448 1058 3488 culpae
1082 3449 1120 3479 sit
1143 3449 1295 3480 terminus
1320 3448 1442 3490 specifi-

385 3498 457 3519 cans
481 3489 577 3519 talem
599 3496 735 3519 motum.

1557 1994 1608 2024 IV.
1623 1994 1672 2024 Ad
1688 1994 1749 2024 hoc
1766 1993 1878 2024 dicitur
1891 1994 1979 2034 quod
2001 2000 2118 2030 motus,
2136 2003 2191 2033 seu
2208 1995 2353 2031 mutatio,
2371 2002 2417 2026 est
2432 1995 2564 2036 duplffl

1502 2038 1658 2078 quaedam
1682 2039 1721 2068 de
1745 2037 1835 2068 cuius
1858 2037 1983 2068 termini
2002 2038 2195 2070 inductionis
2214 2038 2334 2070 ratione
2354 2045 2403 2070 est
2419 2038 2562 2079 expulsio

1502 2081 1648 2112 contrarii
1665 2092 1719 2112 seu
1737 2082 1897 2122 privativi;
1917 2082 2076 2123 quaedam
2090 2082 2140 2114 cui
2155 2082 2267 2114 accidit
2280 2083 2353 2114 hoc.
2370 2083 2565 2124 Exemplum

1502 2125 1595 2166 primi
1620 2131 1666 2158 est
1689 2125 1794 2156 omnis
1817 2132 1924 2157 motus
1943 2136 1999 2157 seu
2015 2127 2150 2158 mutatio
2165 2133 2232 2158 tam
2254 2127 2439 2165 successiva,
2456 2137 2566 2168 qum

1501 2179 1558 2210 per
1573 2180 1605 2200 se
1621 2170 1774 2200 terminus
1798 2170 2000 2201 successivae.
2020 2171 2212 2212 Exemplum
2230 2171 2362 2203 secundi
2377 2179 2424 2203 est
2441 2171 2563 2210 illumi?

1502 2213 1588 2245 natio
1612 2214 1750 2254 partium
1774 2214 1858 2244 orbis
1874 2214 1950 2245 solis
1970 2224 2086 2246 coaeva
2108 2215 2186 2246 soli·
2210 2215 2286 2256 quia
2309 2225 2477 2256 nunquam
2491 2214 2560 2249 fuo-

1501 2264 1575 2288 runt
1597 2257 1630 2288 in
1654 2258 1798 2294 tenebris,
1824 2268 1880 2289 nec
1899 2258 2047 2290 terminat
2061 2258 2253 2290 illuminatio
2269 2259 2322 2291 illa
2338 2259 2377 2291 ali
2379 2269 2477 2301 quem
2491 2269 2564 2291 mo-

1501 2308 1580 2338 tum,
1606 2308 1640 2332 ut
1664 2309 1756 2342 patet.
1782 2302 1817 2332 In
1841 2302 1951 2343 primis
1967 2303 2108 2334 motibus
2126 2303 2247 2344 species
2262 2303 2399 2335 sumitur
2412 2304 2453 2334 ab
2466 2303 2562 2341 iudu-

1502 2346 1606 2377 ctione
1629 2346 1764 2383 termini,
1785 2353 1815 2377 et
1830 2357 1896 2377 non
1913 2347 1954 2378 ab
1967 2347 2153 2387 expulsione
2176 2347 2325 2388 oppositi.
2350 2348 2387 2387 In
2405 2348 2561 2387 secundis,

1501 2390 1576 2431 quia
1585 2390 1717 2421 inveniri
1734 2398 1868 2431 possunt
1883 2391 2058 2431 dupliciter,
2070 2391 2188 2423 scilicet
2203 2391 2372 2425 coniuncte
2384 2391 2565 2432 expulsioni.

1501 2434 1641 2475 oppositi
1665 2442 1695 2465 et
1709 2442 1848 2475 separate
1874 2436 1912 2466 ab
1931 2435 1994 2472 illa,
2012 2442 2048 2466 ut
2061 2442 2148 2476 patet
2163 2435 2203 2466 de
2220 2435 2473 2474 illuminatione,
2478 2445 2563 2477 quae

1500 2478 1657 2509 invenitur
1681 2485 1816 2519 utroque
1839 2479 1952 2515 modo;
1969 2479 2009 2510 ad
2026 2479 2244 2510 denotandum
2259 2477 2465 2511 differentiam
2479 2479 2562 2515 inter

1501 2529 1672 2564 utrumque
1695 2524 1841 2560 modum,
1865 2523 1995 2564 qnando
2015 2522 2151 2554 occurrit
2165 2533 2240 2554 cum
2255 2523 2440 2563 expulsione
2456 2533 2561 2564 oppo-

1500 2566 1559 2603 siti,
1585 2566 1775 2607 specificatio
1798 2566 1834 2598 fit
1856 2568 1895 2598 ab
1919 2566 2100 2598 exclusione
2119 2567 2269 2608 oppositi,
2286 2574 2439 2618 tanquam
2455 2568 2494 2599 ab
2507 2567 2560 2600 111-

1499 2610 1577 2641 tima
1606 2611 1726 2642 ratione
1758 2611 1884 2642 termini
1911 2611 1952 2642 ad
1978 2621 2090 2652 quem,
2115 2621 2152 2642 ex
2180 2621 2244 2652 qua
2271 2611 2409 2643 sumitur
2431 2611 2561 2652 propria

1499 2654 1670 2686 differentia
1699 2655 1809 2696 ipsius.
1834 2655 1928 2686 Verbi
1952 2655 2065 2695 gratia,
2089 2655 2164 2696 quia
2187 2655 2356 2696 dupliciter
2378 2654 2413 2686 fit
2440 2655 2565 2695 illum&

1499 2699 1595 2735 natio,
1620 2699 1735 2730 scilicet
1758 2709 1814 2739 per
1837 2699 1973 2729 modum
1997 2699 2146 2739 simplicis
2170 2698 2390 2739 generationis,
2415 2706 2451 2731 ut
2473 2705 2560 2740 patet

1499 2753 1572 2773 cum
1595 2750 1698 2783 partes
1722 2743 1806 2774 orbis
1830 2753 1964 2774 coaevae
1988 2753 2113 2784 semper
2127 2743 2356 2779 illuminantur,
2375 2749 2405 2773 et
2418 2753 2475 2783 per
2488 2753 2559 2774 mo-

1499 2787 1576 2818 dum
1601 2794 1717 2823 motus,
1743 2794 1778 2818 ut
1797 2794 1883 2827 patet
1899 2797 1973 2818 cum
1989 2797 2040 2817 aer
2055 2797 2092 2817 ex
2107 2787 2274 2818 tenebroso
2291 2786 2326 2817 fit
2344 2787 2554 2824 illuminatum

1497 2837 1529 2862 et
1551 2831 1583 2862 in
1607 2831 1711 2871 primo
1736 2832 1834 2862 modo
1858 2831 1894 2862 fit
1915 2831 2025 2862 lumen
2049 2838 2183 2868 tantum,
2201 2838 2232 2862 et
2250 2841 2315 2861 non
2330 2830 2366 2862 fit
2379 2831 2489 2862 lumen
2504 2841 2556 2862 a·

1499 2875 1616 2915 pellens
1641 2876 1801 2906 tenebram
1812 2899 1819 2912 ,
1842 2875 1875 2906 in
1899 2876 2040 2907 secundo
2057 2882 2165 2907 autem
2180 2874 2216 2907 fit
2234 2882 2340 2907 totum
2354 2875 2425 2911 hoc,
2442 2875 2560 2907 scilicet

1496 2919 1607 2950 lumen
1630 2919 1787 2960 expellens
1811 2920 1985 2955 tenebram;
2006 2926 2037 2950 et
2052 2929 2088 2950 ex
2104 2919 2166 2950 hoc
2180 2919 2239 2950 ista
2253 2919 2442 2950 illuminatio
2459 2918 2561 2951 differt

1497 2964 1535 2994 ab
1559 2963 1621 3000 illa,
1646 2963 1799 3004 quoniam
1823 2974 1859 2994 ex
1882 2964 1943 2994 hoc
1967 2963 2060 2994 habet
2075 2963 2231 2995 rationem
2246 2970 2354 2994 motus
2377 2973 2432 2994 seu
2455 2969 2558 2994 muta-

1498 3007 1592 3038 tionis
1623 3008 1661 3038 de
1685 3007 1841 3038 contrario
1875 3018 1930 3038 seu
1962 3007 2115 3048 privativo
2140 3007 2171 3038 in
2196 3007 2390 3039 contrarium
2413 3017 2469 3038 seu
2495 3007 2558 3038 for-

1498 3062 1598 3088 mam,
1623 3058 1752 3092 propter
1775 3052 1863 3092 quod
1886 3051 1988 3082 differt
2010 3062 2028 3082 a
2043 3051 2155 3092 prima,
2180 3061 2261 3093 quae
2285 3051 2378 3082 habet
2401 3051 2556 3082 rationem

1497 3076 1647 3136 simplicis
1671 3095 1889 3136 productionis
1913 3106 1950 3126 ex
1974 3095 2108 3146 simplici
2127 3096 2295 3147 negatione
2318 3096 2351 3126 in
2375 3095 2557 3135 affirmatio—

1497 3149 1586 3170 nem:
1611 3140 1683 3171 ideo
1707 3140 1746 3170 ab
1769 3140 1827 3170 ista
1854 3140 1967 3171 ultima
1995 3139 2116 3171 ratione
2143 3139 2269 3171 termini
2293 3140 2332 3170 ad
2355 3148 2481 3182 quem,
2492 3146 2558 3184 qm

1497 3184 1623 3224 expellit
1646 3183 1842 3225 oppositum,
1867 3191 1974 3216 motus
1997 3183 2183 3215 huiusmodi
2205 3183 2318 3215 dicitur
2341 3192 2473 3235 sumere
2482 3188 2555 3225 φᾶ

1496 3228 1587 3259 ciem.

1551 3272 1602 3303 Sic
1630 3279 1736 3303 autem
1764 3282 1830 3303 esse
1857 3272 1890 3303 in
1920 3272 2087 3313 proposito
2116 3278 2201 3313 patet
2228 3281 2265 3303 ex
2294 3271 2414 3314 primo
2411 3253 2556 3305 amulo

1496 3316 1591 3347 huius
1615 3316 1837 3358 quaestionis,
1847 3316 1902 3348 ubi
1925 3316 2046 3347 dictum
2070 3323 2116 3348 est
2138 3316 2228 3357 quod
2249 3314 2428 3350 iustificatio
2450 3313 2554 3364 dupli-

1496 3360 1571 3391 citer
1593 3359 1659 3391 fieri
1682 3367 1799 3401 potest:
1825 3360 1941 3391 scilicet
1959 3370 2015 3400 per
2030 3360 2166 3392 modum
2181 3358 2331 3402 simplicis
2345 3357 2555 3400 generationis

1496 3414 1532 3435 ex
1556 3404 1722 3444 negatione
1750 3404 1824 3435 iusti
1847 3404 1887 3434 ad
1914 3403 2095 3435 faciendum
2122 3404 2259 3438 iustum;
2284 3409 2315 3434 et
2335 3410 2397 3452 per
2419 3401 2555 3431 modurn

1496 3455 1603 3479 motus
1627 3449 1665 3479 de
1689 3447 1846 3479 contrario
1870 3447 1902 3478 in
1927 3447 2131 3483 contranum‚
2155 3447 2195 3477 de
2217 3446 2311 3486 culpa
2333 3445 2367 3476 in
2390 3445 2553 3476 iustitiam.

1496 3493 1635 3531 Quando
1659 3492 1763 3532 primo
1787 3492 1886 3522 modo
1909 3491 1961 3528 fit,
1990 3491 2143 3522 terminus
2162 3490 2203 3521 ad
2225 3498 2322 3530 quem
2348 3495 2395 3520 est
2417 3489 2485 3520 sola
2507 3489 2556 3520 iu-
