2840 4010
111 1607 119 1616 ⁶
129 1606 185 1633 Cap.
199 1612 245 1632 vm,
257 1612 278 1627 n.
291 1612 319 1632 ¹7·

108 2048 116 2056 ⁴
132 2047 168 2068 Cf.
185 2053 247 2068 num.
266 2053 291 2068 η.

108 2180 114 2187 ·
131 2178 167 2200 et.

107 2210 175 2231 art-2,

208 2185 229 2200 u.
249 2185 302 2201 exui
310 2196 315 2205 ,

205 2210 315 2227 omment.

106 2267 116 2277 ⁴
131 2267 165 2288 Cf.
181 2273 244 2288 num.
260 2273 292 2288 tn.

106 3222 165 3258 :fia
183 3237 189 3243 .
204 3228 227 3245 x,
241 3228 275 3244 xi.

107 3249 172 3297 xwlfit
189 3265 195 3270 .
209 3248 248 3275 111,
264 3254 314 3275 cap.

352 176 424 214 302

351 256 389 292 in
417 255 573 293 homine
601 267 670 304 per
697 255 852 303 gratiam
883 253 1169 296 iustificantem3
1198 249 1266 285 sed
1294 248 1405 284 huius

351 308 578 357 principium
600 315 653 345 est
673 308 800 356 gratia,
822 319 918 354 quae
938 304 1078 342 tollitur
1101 314 1169 351 per
1192 308 1404 351 peccatum.

354 362 402 398 Et
428 361 515 398 ideo
537 373 615 398 non
642 367 766 410 potest
783 361 903 396 homo
931 370 1000 406 per
1028 355 1196 403 seipsum
1226 353 1403 403 reparari,

352 414 418 451 sed
446 413 588 461 indiget
615 421 655 449 ut
687 412 813 449 denuo
843 411 875 448 ei
902 411 1034 446 lumen
1067 407 1207 456 gratiae
1235 406 1408 444 infunda-

352 475 428 503 tur:
458 467 552 502 sicut
580 466 610 501 si
639 463 788 512 corpori
811 470 962 499 mortuo
993 459 1249 498 resuscitando
1279 459 1407 496 denuo

352 519 609 556 infunderetur
636 517 774 553 anima.

404 573 462 607 AD
490 581 647 607 TER-rum
667 579 849 606 DICENDUM
878 566 994 616 quod7
1016 565 1171 614 quando
1191 571 1324 602 natura
1353 572 1408 602 est

351 624 504 670 integra,
533 634 601 671 per
629 622 791 670 selpsam
817 627 942 668 potest
970 618 1133 667 reparari
1161 618 1210 655 ad
1238 617 1276 655 id
1298 618 1409 667 ‘quod

403 734 426 767 Θ)
446 734 666 766 supernatur-alis.
677 748 696 752 —
714 733 918 765 supernaturale
937 733 965 757 Ρ.

1018 171 1283 219 QUAESTIO
1314 170 1415 216 CIX,
1444 169 1740 206 ARTICULUS
1768 170 1854 206 VIII

1463 255 1518 285 est
1537 248 1606 285 sibi
1636 248 1869 285 conveniens
1890 255 1926 285 et
1943 249 2293 297 proportionatum:
2324 251 2390 288 sed
2419 250 2467 287 ad
2488 250 2527 288 id

1462 301 1569 351 quod
1597 300 1860 350 superexcedit
1886 312 1997 338 suam
2024 302 2342 351 proportionem,v
2358 303 2525 353 reparari

1463 366 1541 391 non
1569 361 1694 403 potest
1730 353 1809 391 sine
1839 353 2011 391 exteriori
2045 354 2195 392 auxilio.
2226 355 2288 392 Sic
2319 355 2429 404 igitur
2455 357 2526 394 hu-

1463 419 1578 444 mana
1605 414 1738 444 natura
1776 406 1948 444 defluens
1981 419 2051 455 per
2087 414 2215 444 actum
2246 409 2410 457 peccati,
2438 409 2526 458 quia

1463 472 1542 497 non
1570 467 1699 497 manet
1725 459 1880 507 integra,
1901 459 1969 496 sed
1998 460 2264 508 corrumpitur,
2293 468 2335 497 ut
2362 473 2477 510 supra
2499 462 2524 495 ⁷*

1464 513 1605 550 dictum
1635 520 1700 560 est,
1730 525 1808 550 non
1836 520 1960 561 potest
1987 524 2056 561 per
2079 513 2243 561 seipsam
2272 513 2437 562 reparari
2460 525 2526 551 ne-

1464 578 1538 615 que
1567 565 1680 602 etiam
1709 565 1757 603 ad
1777 566 1923 603 bonum
1952 565 2022 602 sibi
2051 566 2312 611 connaturale3
2340 573 2376 603 et
2402 567 2522 603 multo

1464 618 1590 655 minus
1619 618 1667 655 ad
1696 619 1843 656 bonum
1873 618 2166 668 supernaturalis
2185 617 2198 640 ⁰
2226 618 2396 656 iustitiae.

1023 803 1355 836 Commentaria.
1378 801 1626 834 Cardinalis
1649 801 1848 843 Caietani

379 907 398 926 N
427 896 557 926 articulo
586 893 720 934 septimo
751 893 893 923 eiusdem
917 892 1126 932 quaestionis,
1155 891 1279 921 adverte
1303 890 1407 930 primo

353 909 522 971 Iordinem
550 938 765 969 articulorum.
792 938 953 967 Hactenus
977 936 1133 976 siquidem
1158 935 1196 965 de
1227 934 1408 965 necessitate

348 985 463 1025 gratiae
487 985 518 1014 in
543 983 673 1014 homine
697 983 735 1012 ad
759 982 900 1017 bonum;
923 981 955 1010 in
981 980 1106 1010 duobus
1130 986 1236 1010 autem
1252 987 1337 1011 nunc
1361 988 1407 1010 se-

349 1029 517 1070 quentibus
541 1027 676 1058 articulis
701 1026 739 1056 de
769 1025 951 1056 necessitate
982 1024 1123 1054 eiusdem
1148 1029 1290 1063 respectu
1315 1023 1406 1058 mali;

349 1080 379 1104 et
403 1074 532 1103 demum
556 1072 588 1101 in
621 1070 740 1101 ultimis
772 1070 898 1100 duobus
927 1068 965 1099 de
997 1067 1178 1098 necessitate
1209 1067 1351 1097 eiusdem
1373 1066 1406 1096 in

348 1117 478 1147 homine
501 1117 564 1146 iam
588 1114 760 1146 constituto
781 1113 813 1143 in
828 1113 936 1153 gratia,
952 1119 1115 1148 tractatur;
1134 1119 1169 1142 ut
1192 1111 1279 1141 nulla
1302 1121 1407 1141 neces-

348 1162 420 1192 sitas
444 1159 659 1201 praetermissa
683 1158 834 1187 videatur.

404 1205 440 1235 II.
457 1205 491 1234 In
516 1213 647 1243 corpore
676 1201 795 1232 articuli
819 1201 979 1236 eiusdem,
1003 1207 1033 1231 et
1057 1199 1262 1240 responsione
1286 1200 1325 1229 ad
1349 1205 1406 1229 ter-

348 1250 439 1284 tium,
456 1248 588 1278 dubium
609 1246 744 1277 occurrit
767 1245 846 1275 circa
861 1245 950 1280 illud,
969 1243 1084 1274 scilicet
1100 1243 1189 1284 quod
1212 1243 1292 1274 ordo
1316 1249 1406 1273 natu-

348 1304 398 1323 rae
422 1291 555 1332 reparari
579 1301 644 1322 non
675 1296 779 1330 potest
802 1288 861 1319 nisi
884 1289 953 1318 Deo
976 1288 1175 1318 voluntatem
1204 1287 1344 1318 hominis
1367 1287 1406 1318 ad

348 1347 380 1368 se
412 1336 552 1367 trahente
576 1344 631 1375 per
654 1334 794 1374 gratiam.
818 1333 866 1363 Ex
889 1331 1008 1372 duplici
1031 1331 1188 1372 siquidem
1221 1331 1322 1372 capite
1345 1331 1407 1362 hoc

348 1382 440 1411 habet
463 1379 688 1410 difficultatem.
704 1378 821 1413 Primo,
839 1387 875 1407 ex
898 1383 985 1416 parte
1008 1376 1081 1406 Dei:
1104 1385 1141 1406 ex
1164 1385 1202 1406 eo
1222 1376 1311 1416 quod
1331 1385 1407 1416 qua-

347 1426 550 1464 lemcumque
573 1429 677 1463 potest
699 1422 786 1453 Deus
812 1431 914 1452 creare
944 1420 1127 1456 hominem,
1151 1420 1247 1450 talem
1270 1420 1408 1460 praecise

348 1476 452 1510 potest
475 1477 626 1508 reparare.
642 1467 703 1498 Sed
727 1466 892 1496 hominem
914 1471 996 1496 recte
1015 1464 1198 1495 ordinatum
1221 1464 1288 1494 sine
1310 1464 1408 1504 gratia

348 1519 452 1554 potest
475 1522 587 1543 creare.
604 1511 688 1551 Ergo
713 1517 743 1540 et
765 1517 839 1550 post
853 1509 986 1550 'lapsum
1010 1518 1151 1548 reparare
1176 1509 1241 1538 sine
1265 1507 1372 1548 gratia.

403 1557 454 1587 III.
475 1556 632 1591 Secundo,
650 1565 686 1585 ex
702 1561 787 1595 parte
807 1553 955 1584 hominis.
973 1553 1066 1590 Quia,
1084 1560 1118 1583 ut
1135 1552 1247 1583 dicitur
1261 1552 1294 1583 in
1309 1552 1406 1583 Prae-

347 1601 533 1632 dia-amentis
541 1599 567 1636 *‚
578 1606 607 1630 et
619 1599 811 1639 approbatur
824 1598 861 1628 ab
874 1600 1013 1628 Auctore
1025 1597 1057 1626 in
1071 1597 1096 1626 11
1108 1597 1207 1634 Sem„
1220 1597 1290 1628 dist.
1300 1607 1405 1635 xxvut,

347 1646 379 1675 in
404 1644 599 1684 expositione
627 1644 761 1678 litterae,
779 1651 905 1682 pravus
927 1642 970 1672 ad
994 1642 1140 1672 meliores
1164 1643 1406 1673 exercitationes

346 1690 510 1726 deductus,
518 1688 674 1729 proficiet.
691 1687 732 1718 Et
747 1686 889 1717 consistit
902 1685 1068 1717 difficultas
1083 1685 1116 1715 in
1130 1686 1202 1722 hoc,
1217 1687 1306 1727 quod
1317 1693 1406 1718 actus

347 1741 376 1764 et
399 1733 524 1763 habitus
546 1731 631 1772 pravi
655 1741 721 1762 non
736 1731 779 1761 ita
801 1730 983 1761 diminuunt
1007 1736 1135 1760 naturae
1151 1731 1275 1761 bonum
1298 1738 1332 1762 ut
1352 1741 1405 1769 ne-

347 1777 507 1808 cessitetur
522 1776 561 1806 ad
585 1776 779 1806 manendum
795 1774 827 1804 in
852 1775 954 1811 malo;
979 1775 1033 1804 sed
1049 1781 1152 1812 potest
1170 1775 1317 1806 voluntas
1334 1776 1405 1806 rnu—

346 1822 402 1851 tari
426 1820 458 1851 in
475 1820 661 1860 oppositum
677 1820 810 1854 bonum,
828 1826 858 1850 et
882 1819 1032 1849 continua
1049 1818 1267 1849 exercitatione
1289 1819 1405 1850 volun-

347 1873 443 1896 tatem
467 1864 602 1895 stabilire
617 1864 650 1894 in
674 1863 867 1894 subiectione
890 1863 928 1893 ad
950 1863 1055 1893 Deum
1079 1870 1114 1894 ut
1137 1862 1329 1903 principium
1344 1870 1404 1894 ¹na·-

347 1917 444 1940 turae.
462 1910 502 1939 Et
518 1909 562 1939 sic
578 1909 657 1938 ordo
673 1915 802 1938 naturae
818 1914 978 1947 reparatus
992 1907 1048 1938 erit
1063 1907 1130 1937 sine
1145 1907 1264 1938 auxilio
1276 1908 1406 1948 gram·

346 1961 376 1984 et
399 1954 499 1984 homo
516 1953 555 1983 ad
579 1953 700 1983 bonum
718 1952 775 1982 sibi
793 1951 994 1982 connaturale
1009 1961 1066 1991 per
1090 1951 1231 1991 seipsum
1254 1959 1404 1992 assurget.

346 1998 446 2029 Cuius
470 1997 656 2037 oppositum
679 1996 711 2036 in
734 1996 835 2026 littera
854 1995 974 2026 dicitur.

402 2042 453 2072 IV.
472 2041 521 2071 Ad
545 2040 684 2080 primum
708 2040 824 2070 horum
838 2039 855 2059 *
871 2040 984 2070 dicitur
1007 2040 1095 2080 quod
1119 2049 1184 2069 non
1199 2046 1245 2070 est
1268 2040 1308 2070 ad
1331 2038 1405 2083 ptoss

345 2086 485 2126 positum
510 2084 680 2125 praesentis
713 2084 848 2119 articuli,
875 2084 928 2114 ubi
953 2084 990 2114 de
1022 2084 1203 2114 necessitate
1226 2084 1341 2124 gratiae
1365 2084 1407 2117 ad

345 2130 424 2160 vires
448 2129 587 2159 hominis
611 2128 754 2169 quaestio
779 2135 833 2159 est.
860 2128 945 2159 Cum
969 2135 1076 2158 autem
1106 2134 1274 2168 quaeretur
1296 2129 1335 2159 de
1358 2134 1406 2160 re->

345 2174 495 2204 missione
519 2174 639 2212 culpae,
656 2183 696 2202 an
719 2173 820 2212 possit
843 2172 909 2203 sine
929 2173 1026 2212 gratia
1049 2171 1115 2202 fieri
1129 2171 1157 2209 ³²,
1175 2172 1405 2204 examinabitur

346 2218 507 2248 conclusio
531 2217 614 2248 illius
638 2217 776 2253 rationis,
804 2227 868 2257 qua
891 2217 1004 2248 Scotus
1027 2217 1136 2247 utitur.

389 2263 428 2292 V.
445 2262 495 2292 Ad
511 2261 687 2292 secundum
703 2267 809 2292 autern
821 2261 847 2297 *,
864 2261 952 2302 quod
969 2269 1014 2292 est
1031 2261 1146 2291 directe
1162 2267 1270 2295 contra
1285 2271 1403 2302 propo-

345 2307 451 2342 situm,
468 2305 580 2336 dicitur
592 2306 679 2346 quod
697 2305 841 2335 ordinem
857 2312 984 2336 naturae
997 2305 1131 2345 reparari
1147 2305 1190 2335 sic
1206 2312 1242 2336 ut
1256 2305 1404 2336 voluntas

345 2350 482 2380 hominis
506 2350 574 2380 Deo
606 2349 805 2385 subiiciatur,
831 2355 936 2389 potest
967 2349 1097 2389 intelligi
1128 2349 1310 2390 dupliciter:
1337 2350 1403 2380 uno'

344 2395 455 2432 modo,
480 2394 518 2424 de
542 2393 736 2424 subiectione
759 2392 909 2429 limitata,
938 2403 992 2423 seu
1017 2393 1193 2424 secundum
1221 2393 1316 2434 quid;
1341 2393 1406 2424 alio

345 2439 454 2473 modo,
472 2438 510 2468 de
534 2437 728 2468 subiectione
748 2437 938 2477 simpliciter.
956 2438 997 2468 Et
1016 2437 1105 2473 scito,
1123 2444 1158 2468 ut
1176 2445 1319 2477 penetres
1343 2444 1403 2469 ter-.

345 2483 459 2518 minos,
476 2482 564 2523 quod
582 2482 607 2512 si
630 2481 787 2521 fingamus
810 2481 934 2512 homini
956 2491 1021 2512 non
1045 2481 1141 2512 fuisse
1164 2482 1338 2513 revelatum
1353 2481 1405 2515 ali-

345 2527 421 2567 quid
438 2533 580 2566 spectans
605 2526 643 2556 ad
660 2525 805 2556 ordinem
824 2525 950 2566 gratiae,
967 2533 1042 2556 tunc
1059 2536 1126 2556 esse
1141 2526 1317 2556 subiectum
1333 2526 1403 2558 Deo

1463 897 1499 921 ut
1522 891 1676 931 principio
1702 897 1848 926 naturae,
1873 898 1903 921 et
1927 901 1993 921 esse
2017 892 2195 924 subiectum
2218 893 2287 923 Deo
2321 892 2523 932 simpliciter,

1464 935 1682 965 coinciderent.
1705 934 1804 964 Modo
1830 941 1946 971 autem,
1970 935 2025 965 ubi
2050 943 2171 966 constat
2195 946 2261 967 esse
2286 936 2432 967 ordinem
2454 946 2524 976 gra-

1462 978 1523 1011 tiae
1546 979 1731 1014 revelatum,
1748 978 1825 1008 haec
1849 978 1914 1008 duo
1938 988 2003 1009 non
2024 979 2225 1011 coincidunt:
2250 981 2305 1011 sed
2329 991 2396 1011 esse
2418 980 2524 1011 subie-

1463 1030 1550 1054 ctum
1573 1023 1642 1053 Deo
1667 1030 1702 1053 ut
1724 1022 1880 1062 principio
1911 1029 2057 1059 naturae,
2085 1030 2130 1055 est
2154 1034 2220 1055 esse
2251 1024 2430 1055 subiectum
2452 1025 2522 1056 Deo

1463 1068 1638 1097 secundum
1671 1066 1763 1107 quid;
1788 1076 1854 1096 esse
1886 1073 1992 1096 autem
2025 1067 2203 1098 subiectum
2227 1069 2296 1099 Deo
2319 1068 2520 1109 simpliciter,

1463 1117 1508 1141 est
1520 1111 1629 1141 subiici
1643 1111 1700 1141 sibi
1715 1118 1751 1141 ut
1763 1110 1918 1151 principio
1938 1117 1968 1140 et
1979 1109 2034 1141 fini
2046 1118 2185 1148 naturae,
2196 1113 2321 1152 gratiae,
2333 1120 2364 1144 et
2375 1113 2523 1144 omnium

1462 1155 1714 1196 quomodolibet.

1518 1199 1609 1230 Unde
1633 1199 1745 1230 dicitur
1762 1199 1860 1238 quod,
1881 1198 1953 1228 licet
1975 1199 2123 1229 voluntas
2147 1199 2296 1236 humana,
2313 1200 2395 1232 sicut
2417 1207 2523 1242 potest

1462 1243 1529 1274 sine
1551 1243 1648 1283 gratia
1672 1243 1786 1274 mutari
1811 1243 1848 1272 de
1872 1242 2112 1283 intemperantia
2134 1243 2167 1273 in
2199 1253 2265 1274 esse
2289 1250 2352 1274 tem
2378 1252 2520 1282 eratum,

1461 1287 1504 1318 ita
1527 1294 1631 1328 potest
1664 1287 1777 1317 mutari
1806 1287 1844 1317 de
1874 1286 2086 1318 inobedientia
2109 1286 2168 1318 Dei
2202 1294 2238 1318 ut
2260 1284 2524 1339 pri-netpiutn‘eqt

1462 1339 1600 1368 naturae,
1618 1331 1656 1362 ad
1680 1331 1908 1362 subiectionem
1930 1330 2015 1362 illius
2039 1331 2133 1362 etiam
2156 1337 2194 1362 ut
2217 1325 2523 1378 pfincipiuffiv'fflt

1460 1375 1531 1406 finis
1555 1383 1698 1411 naturae;
1723 1375 1777 1406 sed
1796 1376 1858 1406 hoc
1882 1384 1948 1405 non
1972 1382 2018 1406 est
2040 1374 2239 1406 voluntatem
2261 1369 2519 1419 subieesssassase

1461 1421 1531 1451 Deo
1555 1420 1745 1460 simpliciter,
1762 1420 1817 1450 sed
1838 1420 2016 1450 secundum
2038 1420 2135 1460 quid,
2161 1427 2195 1451 ut
2218 1420 2335 1452 scilicet
2358 1412 2405 1452 'es‘t
2427 1415 2523 1472 apin

1462 1472 1606 1496 naturae:
1624 1482 1643 1486 -
1659 1474 1724 1495 non
1745 1470 1849 1503 potest
1867 1470 1973 1494 tamen
1989 1463 2106 1495 mutari
2122 1463 2189 1495 sine
2202 1465 2301 1504 gratia
2316 1465 2356 1495 ad
2372 1463 2520 1505 obedienss

1461 1509 1540 1539 dum
1555 1509 1624 1539 Deo
1641 1508 1832 1548 simpliciter,
1844 1508 1923 1538 idest
1939 1507 2006 1538 sine
2027 1508 2287 1540 determinatione
2302 1508 2425 1550 aliqua;
2446 1502 2522 1552 quia

1461 1553 1530 1584 talis
1554 1552 1705 1583 subiectio
1729 1551 1900 1582 voluntatis
1923 1562 1941 1582 a
1964 1551 2090 1592 speciali
2114 1552 2230 1583 auxilio
2253 1553 2369 1593 gratiae
2398 1559 2462 1591 est‚·
2486 1544 2523 1585 iit

1460 1597 1493 1627 in
1509 1597 1641 1628 articulo
1658 1597 1861 1637 praecedente
1876 1596 1998 1626 dictum
2020 1602 2076 1632 est,
2094 1603 2125 1627 et
2140 1597 2326 1628 terminatur
2342 1597 2521 1629 ad²donuni

1461 1641 1618 1672 habituale
1642 1641 1756 1681 gratiae
1785 1647 1911 1681 gratum
1934 1640 2084 1671 facientis.
2110 1641 2151 1671 Et
2174 1641 2235 1672 hoc
2263 1642 2397 1673 intendit
2419 1642 2521 1674 littae

1460 1686 1620 1717 remittens
1644 1696 1676 1715 se
1700 1686 1738 1715 ad
1762 1685 1998 1725 praecedentem
2024 1685 2203 1722 articulum.
2242 1709 2246 1714 .
2321 1704 2345 1723 ff
2372 1718 2374 1721 ¹

1516 1730 1569 1761 VI.
1595 1731 1635 1760 Et
1657 1729 1682 1759 si
1706 1729 1838 1760 instetur
1859 1729 1949 1769 quod
1971 1728 2040 1759 talis
2064 1728 2219 1760 subiectio
2246 1738 2312 1767 non
2334 1730 2523 1775 Spemtsffld

1461 1773 1605 1805 ordinem
1621 1780 1758 1810 naturae,
1780 1773 1834 1803 sed
1857 1773 1987 1813 gratiae:
2006 1773 2214 1814 respondetur
2228 1772 2328 1814 quod,
2351 1769 2431 1812 licet„=
2445 1767 2524 1814 hae‘jff.

1460 1818 1613 1849 subiectio
1638 1818 1763 1848 excedat
1784 1817 1865 1847 vires
1889 1823 2027 1854 naturae,
2045 1824 2076 1848 et
2098 1824 2217 1858 spectet
2235 1817 2275 1847 ad
2297 1813 2421 1858 gratiae*
2437 1816 2522 1851 oi'diss

1460 1872 1544 1899 nem,
1562 1870 1597 1893 ut
1619 1863 1651 1892 in
1675 1861 1871 1902 praecedenti
1887 1861 2020 1892 articulo
2041 1862 2163 1892 dictum
2187 1868 2251 1899 est;
2266 1859 2524 1902 ipsmtameffss‘t
2560 1894 2562 1896 ,

1460 1907 1634 1938 necessario
1658 1906 1806 1947 requisita
1827 1906 1866 1936 ad
1890 1906 1951 1936 hoc
1971 1906 2061 1947 quod
2075 1903 2522 1939 voluntasmbiitiamwbe'o

1460 1951 1636 1982 secundum
1661 1958 1787 1981 naturae
1804 1950 1959 1981 ordinem.
1982 1950 2023 1982 Et
2041 1950 2120 1981 ratio
2140 1957 2187 1981 est
2208 1950 2523 1991 quinpost-lapmm

1461 2005 1527 2026 non
1551 1996 1642 2026 datur
1665 1995 1788 2025 medius
1804 2001 1902 2025 status
1926 1995 2006 2026 inter
2021 1995 2260 2035 conversionem
2285 1992 2326 2033 ad
2347 1995 2455 2030 Deum
2464 2003 2521 2036 eu-

1460 2040 1690 2080 pernaturalem
1703 2038 1808 2074 finem,
1821 2046 1851 2069 et
1865 2038 2062 2069 aversionem
2074 2039 2111 2069 ab
2127 2038 2197 2079 ipso
2207 2047 2213 2068 :
2225 2038 2300 2070 licet
2313 2031 2523 2084 ante'laps‘tirii

1460 2083 1526 2114 dari
1543 2083 1680 2124 potuerit
1696 2083 1818 2113 medius
1842 2089 1950 2119 status,
1968 2092 2034 2124 quo
2051 2083 2083 2113 in
2101 2089 2211 2114 natura
2227 2083 2346 2123 integra
2361 2090 2420 2116 nec
2435 2076 2529 2113 aveas

1459 2138 1513 2158 sus
1544 2138 1601 2158 nec
1630 2137 1799 2158 conversus
1830 2134 1895 2158 erat
1922 2127 2022 2157 homo
2051 2127 2090 2158 ad
2119 2127 2224 2158 Deum
2252 2122 2539 2168 supemamrssffl'

1459 2171 1565 2203 finem.
1590 2172 1713 2202 Fuisset
1732 2172 1851 2212 quippe
1874 2178 1951 2202 tunc
1973 2171 2258 2202 homnsubiectus
2279 2172 2358 2203 Deo·
2373 2170 2524 2212 simplici·

1446 2223 1515 2254 fter,
1531 2226 1597 2247 non
1614 2216 1804 2246 includendo
1821 2225 1879 2246 nec
1894 2216 2090 2246 excludendo
2106 2216 2251 2255 ordinem
2265 2215 2283 2236 *
2297 2215 2432 2256 gratiae:
2450 2220 2524 2257 pqq‘t

1457 2260 1585 2301 lapsum
1601 2268 1706 2291 autem
1728 2266 1853 2300 oportet
1875 2260 1907 2290 in
1925 2260 2130 2291 conversione
2153 2260 2194 2290 ad
2211 2260 2317 2301 Deum
2341 2259 2525 2305 simplicitet=

1457 2302 1577 2342 includi
1601 2304 1744 2335 ordinem
1768 2304 1893 2344 gratiae.
2451 2302 2454 2305 ’

1510 2348 1612 2386 'Quod
1636 2354 1742 2387 autem
1764 2348 1876 2379 dicitur
1889 2348 1922 2378 in
1938 2347 2144 2388 responsione
2160 2348 2203 2378 ad
2217 2348 2355 2384 tertium,
2375 2340 2524 2390 quod&

1458 2393 1599 2423 naturale
1622 2393 1744 2422 bonum
1768 2392 1903 2432 reparari
1918 2401 1985 2422 non
2009 2398 2123 2432 potest,
2141 2392 2180 2422 de
2198 2392 2309 2432 vigore
2325 2389 2527 2423 rationisafl'*

1457 2437 1664 2476 telligendum
1679 2443 1738 2467 est:
1757 2437 1797 2467 ad
1811 2436 1892 2467 illud
1911 2436 1998 2467 enim
2013 2436 2111 2466 semel
2127 2436 2217 2476 lapsa
2228 2443 2342 2467 natura
2355 2442 2524 2476 nunqu-

1458 2491 1495 2512 ex
1518 2491 1550 2511 se
1574 2490 1732 2520 resurgere
1757 2487 1870 2520 potest.
1888 2481 1929 2510 Et
1943 2480 1988 2511 sic
2000 2489 2059 2511 nec
2082 2479 2275 2516 Aristotelis,
2295 2489 2354 2511 nec
2372 2479 2523 2520 Auctoris

1458 2525 1540 2555 dicta
1563 2525 1595 2555 in
1614 2525 1639 2555 11
1661 2525 1759 2562 Sent„
1780 2524 2007 2566 praesentibus,
2031 2524 2131 2564 magis
2155 2524 2293 2565 digestis,
2315 2523 2455 2555 obviant.

1124 2678 1440 2722 ARTICULUS
1470 2678 1742 2724 OCTAVUS

872 2771 1026 2802 UTRUM
1051 2771 1180 2802 HOMO
1204 2771 1298 2802 susa
1323 2770 1486 2802 GRAT1A
1507 2770 1655 2801 POSSlT
1678 2770 1770 2802 NON
1793 2769 1990 2802 PECCARE

459 2849 550 2882 Supra,
565 2858 608 2883 qu.
622 2858 691 2880 nnn,
704 2855 749 2874 art.
766 2857 789 2882 2,
803 2850 835 2875 ad
851 2857 878 2880 2;
894 2858 939 2882 qu.
953 2857 1033 2878 mov,
1047 2855 1093 2875 art.
1109 2850 1133 2879 3,
1147 2850 1179 2875 ad
1195 2857 1224 2880 25
1239 2850 1260 2874 11
1274 2850 1357 2881 Sene„
1371 2850 1431 2875 dist.
1444 2857 1484 2879 xx,
1498 2857 1542 2882 qu.
1555 2857 1582 2880 11,
1597 2855 1643 2875 art.
1660 2850 1681 2879 3,
1697 2851 1728 2875 ad
1745 2849 1772 2879 5;
1789 2850 1846 2875 dist.
1861 2857 1926 2881 xxiv,
1943 2857 1987 2882 qu.
2000 2857 2017 2879 1,
2032 2854 2079 2874 art.
2092 2857 2123 2882 4;
2140 2849 2199 2875 dist.
2210 2857 2296 2880 xxvnx.
2310 2854 2357 2875 art.
2373 2857 2403 2881 2;
2443 2876 2445 2878 ,

380 2885 410 2909 III
434 2886 511 2910 Cont.
534 2886 628 2916 Gent.‚
649 2893 704 2918 cap.
724 2893 784 2915 ειη
806 2885 847 2910 De
870 2885 967 2914 Verit.,
988 2892 1032 2917 qu.
1051 2892 1110 2916 xxn,
1131 2890 1176 2909 art.
1199 2885 1228 2914 5,
1249 2885 1279 2909 ad
1299 2893 1331 2918 7;
1346 2891 1395 2918 ·qu.
1413 2892 1485 2913 ΠΝ,
1505 2890 1550 2909 art.
1575 2893 1601 2914 1,
1621 2885 1652 2909 ad
1676 2893 1718 2916 10,
1742 2892 1784 2915 iz:
1805 2891 1851 2910 art.
1875 2891 1913 2915 12,
1938 2885 1980 2914 13;
2002 2884 2043 2909 De
2061 2884 2149 2913 Malo,
2169 2892 2215 2918 qu.
2233 2892 2275 2915 m.
2294 2889 2342 2910 art.
2365 2893 2385 2914 ι,
2405 2882 2436 2909 ad
2454 2888 2486 2918 '9;

1034 2921 1043 2944 1
1065 2921 1137 2949 Cor„
1157 2927 1215 2953 cap.
1231 2928 1275 2949 ιιι.
1295 2921 1354 2946 lect.
1376 2927 1403 2951 1;
1421 2920 1465 2945 Ad
1483 2920 1574 2949 Hebr„
1595 2928 1650 2952 cap.
1669 2929 1692 2951 x,
1712 2921 1769 2945 lect.
1787 2927 1827 2945 111.

376 3022 437 3065 {ex
459 3026 515 3059 με(
553 3021 575 3046 D
596 3020 767 3046 OCTAVUM
785 3020 839 3046 SIC
862 3019 1102 3046 PROCEDITUR.
1123 3008 1280 3046 Videtur
1297 3007 1404 3057 quod

369 3040 529 3122 [ἦμῖιη
553 3062 671 3099 homo
710 3061 790 3099 sine
825 3061 942 3110 gratia
969 3061 1088 3111 possit
1125 3073 1204 3099 non
1230 3072 1401 3110 peccare.

361 3112 475 3171 '55‘an
496 3104 691 3152 ““Nullus
726 3114 829 3152 enim
852 3120 988 3163 peccat
1014 3115 1051 3152 in
1081 3126 1133 3153 eo
1153 3114 1255 3164 quod
1283 3114 1404 3152 vitare

401 3141 461 3195 ἑὲ
512 3159 627 3204 Knon
645 3173 785 3215 potest‚·
804 3175 845 3204 ut
868 3167 1101 3215 Augustinus
1126 3166 1225 3214 dicit,
1245 3167 1284 3204 in
1305 3166 1402 3205 libro

345 3216 390 3252 de
412 3218 536 3254 Duah.
561 3220 737 3257 Animah.
757 3220 796 3267 ²¹⁸,
827 3228 863 3257 et
890 3221 936 3257 de
958 3221 1041 3258 Lib.
1061 3221 1156 3258 Arh.
1174 3219 1215 3243 ’Μ’
1243 3220 1284 3257 Si
1311 3231 1402 3268 ergo

345 3268 463 3306 homo
494 3271 653 3309 existens
680 3272 718 3309 in
746 3280 902 3321 peccato
928 3273 1078 3310 mortali
1106 3285 1184 3310 non
1212 3273 1330 3322 possit
1347 3273 1403 3311 vi-

345 3327 424 3357 tare
451 3331 662 3372 peccatum,
681 3325 831 3362 videtur
855 3325 961 3374 quod
988 3326 1185 3375 peccando
1210 3338 1288 3364 non
1316 3338 1403 3375 pec-

347 3382 417 3410 cet.
439 3375 555 3421 Quod
584 3385 638 3413 est
665 3377 948 3415 inconveniens.

399 3493 426 3526 α)
445 3495 600 3526 corripitur.
613 3508 631 3514 —
649 3496 804 3527 corrupitur
823 3496 858 3526 G,
878 3497 1026 3529 corrigitur
1045 3498 1121 3522 ceteri
1141 3503 1166 3522 et
1183 3506 1209 3523 a.

1513 3019 1547 3044 2.
1569 3009 1801 3056 PRAETEREA,
1822 3008 1871 3046 ad
1889 3009 1966 3046 hoc
1985 3008 2182 3058 corripitur
2197 3013 2215 3030 ⁸
2237 3008 2358 3047 homo
2382 3015 2425 3046 ut
2442 3019 2522 3049 non

1457 3068 1600 3110 peccet.
1622 3061 1662 3099 Si
1681 3060 1790 3110 igitur
1810 3062 1930 3099 homo
1950 3061 1988 3099 in
2007 3069 2166 3111 peccato
2185 3060 2336 3099 mortali
2361 3060 2522 3101 existens

1458 3126 1537 3151 non
1564 3122 1689 3163 potest
1717 3126 1797 3152 non
1824 3126 1997 3163 peccare,
2017 3114 2168 3153 videtur
2194 3114 2301 3163 quod
2329 3113 2523 3157 frustrate}

1458 3167 1646 3215 correptio
1667 3166 1681 3196 β
1709 3166 1944 3205 adhibeatur.
1966 3167 2086 3215 Quod
2113 3174 2170 3205 est
2195 3166 2522 3208 inconveniens-c„

1512 3219 1547 3256 3.
1564 3221 1796 3267 Pmramza,
1811 3220 1927 3258 Eccli.
1943 3232 1992 3258 xv
2010 3220 2030 3243 ’¹‘
2044 3219 2195 3258 dicitur:
2214 3220 2314 3258 Ante
2330 3219 2521 3261 hominem

1456 3273 1534 3310 vita
1553 3278 1588 3309 et
1613 3285 1728 3319 mors,
1748 3274 1888 3310 bonum
1907 3279 1944 3310 et
1964 3273 2128 3311 malum:
2148 3273 2250 3322 quod
2268 3272 2457 3322 placuerit
2466 3271 2520 3318 εἱ,-

1458 3325 1607 3363 dabitur
1626 3326 1689 3363 illi.
1712 3326 1790 3363 Sed
1809 3326 1943 3375 aliquis
1961 3325 2158 3376 peccando
2183 3337 2263 3363 non
2282 3323 2518 3363 desinit-esse

1458 3379 1590 3416 homo.
1617 3380 1718 3427 Ergo
1748 3379 1875 3416 adhuc
1903 3379 1940 3416 in
1969 3379 2050 3416 eius
2081 3385 2267 3428 potestate
2294 3384 2352 3416 est
2383 3376 2518 3425 eligere

1513 3497 1536 3530 β)
1556 3499 1699 3531 correptio.
1710 3512 1730 3518 -
1747 3498 1877 3523 correctio
1896 3498 1997 3522 codices
2017 3501 2042 3522 et
2059 3503 2086 3522 a.

2552 473 2563 484 ⁵
2578 472 2603 493 ln
2618 478 2723 500 corpore.

2549 2220 2561 2232 ⁸
2574 2220 2757 2242 conversionem

2550 2246 2587 2269 ed.
2602 2253 2656 2275 ¹5¹4-

2548 3234 2556 3244 ’
2574 3233 2640 3255 Ver·-
2655 3233 2691 3255 18.
2723 3261 2725 3266 A
