2840 4010
935 174 1199 220 QUAESTIO
1230 176 1385 222 LXXII,
1415 175 1708 213 ARTICULUS
1735 176 1770 212 V

270 250 408 297 Deum,
437 251 649 288 secundum
678 252 782 300 quod
812 252 906 289 ordo
935 253 999 300 qui
1029 261 1083 289 est
1109 254 1157 290 ad
1181 255 1325 299 Deum,

272 303 427 340 includit
459 315 615 340 omnem
649 305 860 341 humanum
896 305 1090 351 ordinem,
1121 318 1326 342 commune

273 363 328 392 est
350 355 456 392 omni
483 364 653 404 peccat0.
676 358 753 394 Sed
777 365 961 406 quantum
981 358 1029 394 ad
1049 358 1086 394 id
1106 357 1210 405 quod
1231 359 1326 394 ordo

272 407 344 444 Dei
372 409 519 445 excedit
546 409 639 446 alios
667 410 763 446 duos
793 410 957 454 ordines,
987 410 1039 446 sic
1062 417 1260 457 peccatum
1290 409 1327 446 in

272 461 399 497 Deum
430 469 485 497 est
513 461 674 509 speciale
703 474 821 510 genus
848 461 1003 510 peccati.

329 514 388 550 An
421 525 610 551 SECUNDUM
646 526 828 552 mcmmum
866 513 972 561 quod
1007 512 1161 560 quando
1203 513 1328 561 aliqua

273 577 438 614 quorum
466 579 586 603 unurn
615 567 768 604 includit
796 567 966 611 alterurn,
996 565 1044 601 ab
1072 564 1237 601 invicem
1258 565 1329 601 dis-

273 617 503 666 tinguuntur,
532 619 745 667 intelligitur
771 618 853 655 fieri
882 617 1066 654 distinctio
1095 629 1173 654 non
1198 629 1330 654 secun-

274 670 366 707 dum
394 671 484 709 illud
517 671 622 719 quod
649 682 769 708 unum
800 670 1010 707 continetur
1037 670 1075 706 in
1103 671 1236 716 altero,
1261 670 1329 707 sed

275 724 484 760 secundum
501 723 591 760 illud
610 723 716 771 quod
734 735 854 759 unum
872 722 1015 759 excedit
1034 723 1204 759 alterum.
1226 723 1330 759 Sicut

2390 188 2432 223 17

1380 262 1482 302 patet
1500 254 1537 290 in
1559 254 1743 291 divisione
1771 266 2019 291 numerorum
2045 262 2080 291 et
2098 255 2326 302 figurarum:
2357 267 2435 292 non

1383 304 1483 342 enim
1518 307 1722 354 triangulus
1756 307 1934 344 dividitur
1962 314 2092 344 contra
2120 308 2345 355 quadratum
2379 320 2435 343 se-

1384 360 1551 395 cundum
1583 360 1687 408 quod
1721 360 1931 396 continetur
1963 360 2001 397 in
2034 372 2099 406 eo,
2129 362 2195 397 sed
2224 360 2434 397 secundum

1382 411 1486 458 quod
1515 412 1706 449 exceditur
1733 413 1781 448 ab
1810 425 1878 458 eo;
1909 420 1944 449 et
1970 413 2137 449 similiter
2165 420 2220 449 est
2247 410 2260 434 δ
2290 413 2335 449 de
2363 420 2434 449 ter-

1382 462 1486 498 nario
1518 471 1552 499 et
1580 465 1830 511 quaternario.

1435 516 1493 550 An
1512 527 1669 553 TER-rum
1689 529 1870 554 DICENDUM
1899 517 2003 565 quod
2030 518 2135 554 Deus
2164 525 2199 554 et
2226 517 2433 566 proximus,

1383 568 1559 613 quamvis
1588 568 1661 604 sint
1689 570 1870 606 exteriora
1898 578 2070 619 respectu
2098 570 2214 619 ipsius
2233 570 2434 619 peccantis,

1383 630 1460 654 non
1479 626 1608 656 tamen
1628 629 1713 656 sunt
1733 630 1907 658 extranea
1922 628 1933 643 ⁸
1958 630 2130 671 respectu
2149 630 2254 660 actus
2272 623 2434 671 peccati;

1383 670 1451 729 sed
1480 680 1746 720 comparantur
1773 675 1820 710 ad
1848 674 1972 722 ipsum
2002 676 2095 712 sicut
2116 675 2269 724 propria
2289 675 2435 712 obiecta

1382 735 1510 770 ipsius.

327 840 352 873 δ)
372 844 418 865 est.
436 854 455 859 -
472 843 511 864 est
530 840 669 865 dicendum
690 840 718 863 P.

1438 841 1460 874 ε)
1480 844 1620 866 extranea.
1638 856 1656 860 -
1674 843 1811 868 exteriora
1830 843 1880 867 EF.

949 909 1278 941 Commentario„
1301 909 1548 942 Carfflnahs
1572 910 1770 943 Caietam

305 997 326 1018 n
348 994 461 1028 quarto
480 997 556 1018 vero
579 987 722 1025 articulo,
747 989 870 1019 adverte
893 989 981 1029 quod
1004 988 1126 1019 codices
1146 988 1238 1019 multi
1260 998 1327 1019 cor·
1355 987 1358 1026 Ι
1384 990 1422 1019 de
1445 991 1551 1025 rebus,
1581 991 1663 1021 dicat
1689 991 1823 1031 quisque
1847 999 1882 1022 ut
1904 992 1980 1023 vult.
2004 1010 2025 1015 -
2048 993 2088 1023 Et
2111 993 2143 1022 in
2167 994 2278 1023 eodem
2306 994 2434 1024 articulo

279 999 390 1071 Irupti
413 1038 487 1062 sunt
509 1031 681 1062 evidenter:
706 1031 827 1071 primus
847 1032 931 1062 enim
947 1032 1026 1062 ordo
1050 1033 1145 1062 debet
1159 1042 1225 1062 esse
1250 1033 1329 1062 ordo
1384 1040 1459 1064 nota
1482 1034 1623 1073 regulam
1643 1035 1850 1065 universalem
1870 1036 1974 1066 datam
1997 1036 2028 1065 in
2048 1037 2253 1076 responsione
2269 1038 2308 1067 ad
2326 1048 2436 1068 secun-

275 1074 398 1104 divinae
420 1075 508 1114 legis,
533 1075 689 1105 secundus
713 1076 851 1112 rationis,
876 1076 984 1107 tertius
1012 1075 1144 1106 socialis.
1168 1076 1235 1106 Nisi
1259 1076 1330 1116 quis
1385 1077 1472 1113 dum,
1486 1078 1524 1107 de
1538 1078 1746 1118 intelligendis
1762 1089 1797 1109 ac
1818 1079 2012 1119 exponendis
2024 1080 2311 1120 comparationibus
2327 1091 2437 1111 eorum

275 1117 357 1149 dicat
380 1119 468 1159 quod
491 1118 524 1159 ly
539 1119 678 1159 primus,
702 1120 860 1150 secundus
885 1127 915 1150 et
935 1121 1048 1150 tertius
1066 1129 1132 1149 non
1155 1119 1332 1150 referuntur
1385 1131 1524 1161 quorum
1548 1131 1650 1152 unum
1674 1122 1828 1153 clauditur
1851 1123 1883 1152 in
1907 1123 2037 1164 reliquo.
2058 1124 2098 1154 Et
2116 1124 2141 1154 si
2157 1124 2280 1154 sciveris
2299 1134 2369 1155 eam
2384 1135 2436 1164 ap-

275 1161 315 1192 ad
338 1162 592 1192 numerationem
615 1162 728 1193 factam
751 1163 784 1193 in
807 1163 917 1200 littera,
942 1163 996 1193 sed
1019 1163 1058 1193 ad
1078 1163 1331 1194 numerationem
1385 1164 1509 1204 plicare,
1534 1166 1648 1196 multas
1672 1166 1774 1196 solves
1798 1166 2006 1207 quaestiones.

276 1207 451 1237 secundum
471 1213 598 1238 naturae
615 1206 768 1238 ordinem.
787 1207 827 1238 Et
849 1207 924 1248 quia
947 1207 1090 1247 quaestio
1106 1207 1183 1237 haec
1199 1217 1263 1237 non
1287 1214 1332 1237 est

254 1277 328 1287 ,ι’-4

1059 1360 1374 1403 ARTICULUS
1403 1361 1658 1410 QUINTUS

658 1453 811 1483 UTRUM
836 1452 990 1484 DIVISIO
1014 1452 1311 1484 PECCATORUM
1343 1453 1460 1490 QUAE
1491 1454 1571 1484 EST
1599 1454 1834 1486 SECUNDUM
1857 1455 2052 1491 REATUM,

1103 1496 1400 1527 DIVERSIFICET
1425 1497 1604 1528 SPECIEM

711 1574 785 1605 Infra,
805 1582 849 1606 qu.
868 1581 988 1604 Lxxxvxu,
1007 1580 1053 1599 art.
1072 1581 1092 1604 1;
1110 1574 1132 1609 ll
1153 1574 1235 1602 Sent„
1255 1575 1313 1599 dist.
1328 1582 1391 1604 xm,
1411 1583 1455 1607 qu.
1470 1583 1492 1605 ι,
1513 1581 1559 1601 art.
1577 1575 1604 1606 3;
1625 1576 1665 1600 De
1684 1576 1766 1606 Malo,
1788 1584 1831 1608 qu.
1844 1584 1893 1606 vn,
1913 1582 1958 1600 art.
1978 1585 1998 1600 ι.

396 1683 464 1724 aa«
486 1673 509 1697 D
529 1673 690 1703 Qum'ruM
711 1673 763 1698 sm
783 1673 1020 1698 PROCEDITUR.
1049 1661 1207 1698 Videtur
1226 1662 1330 1710 quod

416 1713 464 1762 23
488 1713 621 1750 divisio
650 1722 896 1762 peccatorum
920 1726 1017 1763 quae
1043 1722 1097 1751 est
1121 1714 1331 1751 secundum

426 1752 449 1782 'j
472 1765 478 1769 .

436 1772 458 1812 (23
487 1774 647 1813 reatum,

448 1812 664 1856 dividitur
691 1820 902 1856 secundum
930 1819 1078 1856 veniale
1105 1827 1142 1856 et
1160 1821 1330 1857 mortale.

278 1871 336 1907 Ea
365 1870 467 1907 enim
488 1884 587 1920 quae
607 1872 644 1908 in
663 1872 850 1908 infinitum
870 1872 1057 1918 differunt,
1078 1884 1155 1909 non
1175 1881 1333 1921 possunt

43 2825 54 2835 ·
60 2824 112 2846 Art.
118 2829 140 2852 3.
148 2835 159 2840 -
165 2823 201 2846 Cf.
211 2827 254 2846 an.

43 2856 61 2877 1,
74 2849 104 2872 nd
117 2856 134 2872 ι.

279 1934 361 1960 esse
388 1923 500 1961 unius
529 1924 676 1973 speciei,
707 1937 777 1961 nec
806 1925 919 1961 etiarn
937 1924 1049 1962 unius
1068 1925 1225 1973 generis.
1257 1926 1333 1962 Sed

277 1975 427 2013 veniale
457 1985 493 2013 et
519 1978 679 2014 mortale
707 1986 906 2026 peccatum
940 1977 1116 2015 differunt
1144 1979 1182 2015 in
1210 1978 1333 2015 infini-

278 2035 377 2066 tum:
397 2029 536 2066 veniali
551 2030 653 2067 enim
674 2030 832 2067 debetur
846 2043 972 2079 poena
986 2031 1215 2079 temporalis,
1233 2043 1333 2068 mor-

279 2081 342 2118 tali
355 2093 482 2130 poena
497 2090 665 2128 aeterna;
680 2095 858 2120 mensura
873 2090 1000 2120 autem
1016 2095 1162 2132 poenae
1178 2096 1334 2132 respon-

281 2133 344 2170 det
361 2135 557 2182 quantitati
585 2137 730 2184 culpae,
752 2136 961 2173 secundum
979 2136 1070 2173 illud
1088 2137 1197 2173 Deut.
1214 2149 1285 2173 xxv
1298 2137 1333 2173 *ε

278 2187 356 2223 Pro
370 2199 547 2224 mensura
559 2192 576 2208 ‘²
589 2188 711 2225 delicti
724 2189 795 2225 erit
806 2194 842 2224 et
852 2189 1059 2238 plagarum
1074 2190 1217 2226 modus.
1234 2190 1335 2237 Ergo

280 2238 429 2276 veniale
458 2247 493 2276 et
520 2242 678 2278 mortale
712 2253 789 2278 non
819 2248 906 2278 sunt
930 2241 1043 2278 unius
1074 2242 1242 2290 generis,
1271 2255 1334 2279 ne-

281 2292 374 2330 dum
394 2290 409 2321 β
437 2293 541 2341 quod
569 2293 642 2330 sint
667 2293 778 2330 unius
806 2293 956 2342 speciei.

334 2356 370 2381 2.
398 2345 631 2392 ΡΜΕΤΕΚΕΑ,
660 2346 851 2394 quaedam
879 2354 1033 2394 peccata
1056 2354 1142 2384 sunt
1165 2348 1338 2385 mortalia

282 2409 326 2434 ex
345 2409 496 2445 genere,
523 2399 618 2435 sicut
636 2399 885 2436 homicidium
906 2406 942 2436 et
960 2399 1201 2437 adulterium:
1223 2413 1336 2449 quae-

281 2449 370 2487 dam
398 2462 492 2487 vero
522 2463 566 2487 ex
595 2464 664 2488 suo
693 2463 830 2499 genere
859 2460 944 2488 sunt
970 2460 1125 2501 peccata
1153 2453 1334 2500 venialia,

281 2503 377 2540 sicut
402 2504 564 2540 verbum
595 2504 758 2541 otiosum
789 2512 824 2540 et
852 2504 946 2541 risus
974 2505 1199 2553 superfluus.
1234 2507 1334 2554 Ergo

280 2564 480 2606 peccatum
508 2556 656 2594 veniale
686 2565 721 2594 et
748 2558 906 2594 mortale
935 2558 1059 2606 specie
1088 2557 1276 2595 differunt.

337 2609 370 2646 3.
390 2609 622 2657 PRAETEREA,
647 2610 742 2647 sicut
764 2622 804 2646 se
823 2611 938 2646 habet
956 2618 1060 2647 actus
1078 2610 1268 2647 virtuosus
1288 2612 1336 2648 ad

279 2662 516 2711 praemium,
544 2662 593 2698 ita
626 2675 666 2699 se
700 2663 814 2699 habet
845 2670 1044 2711 peccatum
1076 2663 1124 2700 ad
1155 2676 1334 2712 poenam.

282 2713 360 2750 Sed
387 2714 601 2762 praemium
636 2723 691 2752 est
716 2715 803 2752 finis
831 2715 990 2752 virtuosi
1018 2722 1134 2752 actus.
1168 2717 1269 2764 Ergo
1300 2724 1336 2753 et

280 2777 406 2815 poena
427 2774 481 2803 est
499 2767 586 2804 finis
604 2767 758 2816 peccati.
790 2768 866 2805 Sed
884 2775 1040 2816 peccata
1062 2768 1336 2816 distinguuntur

281 2818 406 2867 specie
421 2820 631 2856 secundum
649 2821 759 2867 fines,
775 2828 815 2856 ut
830 2821 971 2858 dictum
988 2828 1043 2857 est
1052 2820 1083 2857 ²¹⁸.
1105 2822 1206 2869 Ergo
1221 2822 1334 2859 etiam

281 2871 558 2919 distinguuntur
582 2873 707 2920 specie
735 2874 944 2910 secundum
974 2881 1119 2910 reatum
1147 2887 1306 2922 poenae.

335 2924 409 2961 SED
438 2936 594 2972 coum,
621 2937 666 2962 ea
684 2937 782 2974 quae
802 2926 1033 2963 constituunt
1051 2926 1228 2975 speciem,
1249 2934 1336 2964 sunt

280 2976 419 3025 priora,
440 2977 534 3013 sicut
554 2977 785 3016 differentiae
805 2978 1017 3028 specificae.
1039 2979 1115 3016 Sed
1134 2991 1260 3028 poena
1278 2991 1335 3016 se-

281 3029 407 3076 quitur
435 3030 596 3078 culpam,
626 3030 720 3067 sicut
748 3031 902 3068 effectus
931 3032 1021 3068 eius.
1051 3032 1153 3079 Ergo
1180 3040 1336 3080 peccata

280 3094 359 3119 non
387 3081 563 3119 differunt
590 3083 714 3131 specie
742 3084 953 3121 secundum
982 3091 1127 3121 reatum
1154 3097 1314 3132 poenae.

333 3136 557 3172 Respouosso
576 3146 759 3172 DlCENDuM
787 3136 891 3184 quod
919 3148 1053 3173 eorum
1082 3148 1180 3184 quae
1209 3137 1333 3186 specie

281 3187 473 3234 differunt,
503 3187 641 3236 duplex
670 3187 878 3225 differentia
904 3188 1104 3226 invenitur,
1138 3189 1223 3226 Una
1254 3190 1333 3238 qui-

281 3240 371 3278 dem
399 3253 497 3289 quae
530 3240 719 3277 constituit
751 3240 1006 3278 diversitatem
1036 3241 1268 3289 specierum:
1298 3249 1335 3279 et

279 3293 360 3330 talis
381 3293 590 3330 differentia
618 3305 813 3341 nunquam
840 3292 1029 3330 invenitur
1046 3293 1116 3329 nisi
1134 3293 1172 3330 in
1192 3294 1333 3342 specie-

333 3408 360 3440 α)
380 3407 432 3431 Pro
452 3414 584 3432 mensura.
601 3420 619 3425 -
638 3392 788 3431 Se’cundum
808 3413 957 3430 mensuram
977 3406 1078 3430 codices
1097 3411 1121 3430 et
1139 3413 1164 3430 a.

334 3441 358 3475 β)
379 3442 482 3467 nedum.
499 3455 519 3461 -
537 3449 584 3466 nec
602 3442 740 3466 dicendum
760 3441 811 3471 EF,
830 3448 877 3466 nec
896 3441 994 3465 dicitur
1013 3441 1053 3465 ed.
1067 3448 1093 3466 a.

332 3478 358 3511 γ)
377 3477 517 3509 speciebus.
535 3490 554 3496 -
571 3477 694 3502 subiectis
713 3477 748 3505 Η,
768 3484 821 3500 om.
834 3476 1033 3500 ABCDEFGIL.

421 3531 530 3555 Sumum
549 3530 649 3554 Tuam„
670 3530 700 3554 D.
713 3528 826 3553 Tnoma
846 3528 878 3553 T.
896 3528 937 3552 lv.

669 1767 895 1803 diversificet
918 1767 1104 1816 speciem}
1128 1775 1219 1816 puta
1243 1776 1347 1803 curn⁴

1387 1663 1456 1698 bus
1471 1667 1486 1690 Υ
1503 1662 1678 1708 diversis;
1701 1662 1795 1699 sicut
1809 1663 1986 1699 rationale
2008 1671 2042 1699 et
2058 1663 2279 1711 irrationale,
2297 1666 2438 1702 anima-

1386 1722 1464 1750 tum
1499 1723 1535 1751 et
1566 1715 1824 1752 inanimatum.
1859 1715 1942 1752 Alia
1977 1723 2103 1752 autern
2142 1716 2350 1754 differentia
2383 1727 2438 1755 est

1388 1779 1623 1815 consequens
1661 1768 1916 1805 diversitatem
1953 1768 2111 1816 speciei:
2146 1777 2182 1805 et
2215 1770 2294 1806 talis
2333 1770 2438 1807 diffe-

1388 1820 1515 1866 rentia,
1537 1820 1604 1857 etsi
1632 1820 1669 1857 in
1693 1820 1878 1868 aliquibus
1908 1829 2159 1868 consequatur
2182 1821 2435 1859 diversitatem

1387 1873 1535 1921 speciei,
1565 1873 1602 1909 in
1630 1873 1712 1910 aliis
1739 1881 1867 1909 tamen
1886 1881 2009 1921 potest
2034 1873 2191 1910 inveniri
2213 1874 2251 1910 in
2271 1875 2404 1911 eadem
2424 1873 2438 1897 ὅ

1388 1925 1533 1974 specie;
1564 1926 1658 1962 sicut
1685 1926 1815 1963 album
1844 1934 1880 1962 et
1907 1926 2055 1973 nigrum
2086 1935 2368 1974 consequuntur
2387 1928 2439 1965 di—

1387 1978 1600 2014 versitatem
1621 1978 1759 2027 speciei
1780 1978 1883 2015 corvi
1903 1986 1939 2015 et
1958 1978 2087 2026 cygni,
2108 1986 2236 2016 tamen
2255 1979 2440 2017 invenitur

1389 2031 1606 2067 huiusmodi
1640 2030 1850 2068 differentia
1877 2031 1916 2067 in
1945 2031 2078 2068 eadem
2106 2031 2271 2068 hominis
2299 2033 2432 2081 specie.

1442 2083 1652 2120 Dicendum
1682 2091 1738 2120 est
1765 2095 1854 2131 ergo
1877 2083 1982 2132 quod
2002 2083 2210 2120 differentia
2229 2085 2384 2122 venialis
2405 2093 2440 2122 et

1390 2136 1555 2172 mortalis
1584 2136 1739 2185 peccati,
1758 2137 1821 2172 vel
1841 2148 2104 2184 quaecumque
2131 2137 2203 2173 alia
2232 2137 2440 2174 differentia

1390 2189 1548 2225 sumitur
1574 2194 1586 2209 ⁸
1615 2200 1732 2237 penes
1764 2196 1931 2235 reatum,
1965 2201 2042 2225 non
2069 2196 2192 2237 potest
2222 2201 2302 2226 esse
2335 2190 2439 2227 diffe-

1391 2241 1506 2278 rentia
1526 2242 1755 2278 constituens
1775 2241 2028 2278 diversitatem
2052 2241 2201 2290 speciei.
2230 2243 2438 2290 Nunquam

1391 2294 1491 2331 enim
1527 2294 1565 2331 id
1599 2294 1702 2342 quod
1736 2301 1791 2330 est
1822 2306 1890 2342 per
1921 2293 2112 2340 accidens,
2142 2294 2330 2331 constituit
2357 2307 2440 2343 spe-

1391 2347 1498 2383 ciem.
1539 2346 1580 2383 Id
1617 2354 1744 2383 autem
1782 2346 1887 2394 quod
1923 2354 1979 2382 est
2013 2354 2162 2394 praeter
2194 2347 2439 2384 intentionem

1391 2399 1542 2447 agentis,
1573 2407 1627 2435 est
1653 2411 1722 2447 per
1749 2399 1935 2445 accidens,
1964 2406 2005 2434 ut
2028 2390 2131 2447 patet
2148 2399 2186 2435 in
2206 2401 2238 2435 II
2257 2400 2404 2448 Physic.
2419 2400 2440 2421 '¹‘

1391 2452 1634 2488 Manifestum
1670 2459 1724 2487 est
1757 2459 1884 2488 autem
1918 2451 2022 2499 quod
2058 2463 2183 2499 poena
2213 2460 2268 2488 est
2293 2460 2441 2501 praeter

1390 2505 1636 2541 intentionem
1650 2503 1851 2552 peccantis.
1868 2503 1978 2540 Unde
1993 2516 2062 2552 per
2080 2503 2254 2540 accidens
2270 2517 2310 2540 se
2328 2506 2440 2541 habet

1390 2558 1437 2594 ad
1466 2564 1676 2605 peccatum,
1698 2569 1744 2593 ex
1770 2563 1876 2604 parte
1903 2556 2018 2604 ipsius
2044 2556 2245 2604 peccantis.
2275 2577 2299 2584 -
2328 2557 2438 2594 Ordi-

1390 2618 1500 2646 natur
1526 2617 1652 2646 tamen
1676 2609 1725 2645 ad
1747 2616 1946 2656 peccatum
1966 2609 2014 2644 ab
2035 2609 2218 2657 exteriori,
2239 2609 2376 2645 scilicet
2395 2622 2439 2645 ex

1389 2662 1523 2699 iustitia
1550 2661 1759 2707 iudicantis,
1789 2661 1854 2709 qui
1883 2661 2092 2697 secundum
2123 2661 2288 2698 diversas
2314 2662 2439 2698 condi-

1389 2715 1509 2752 tiones
1536 2721 1780 2763 peccatorum
1810 2713 1977 2750 diversas
1995 2725 2140 2762 poenas
2159 2713 2298 2761 infligit.
2328 2714 2438 2750 Unde

1390 2767 1598 2805 differentia
1627 2779 1725 2815 quae
1754 2774 1809 2803 est
1835 2778 1879 2802 ex
1897 2773 2008 2803 reatu
2026 2778 2185 2814 poenae,
2205 2773 2327 2814 potest
2352 2778 2439 2802 con-

1389 2821 1495 2868 sequi
1520 2820 1710 2857 diversam
1738 2819 1905 2867 speciem
1923 2826 2187 2867 peccatorum3
2217 2830 2293 2855 non
2311 2826 2437 2855 autem

1390 2873 1577 2910 constituit
1606 2871 1859 2909 diversitatem
1888 2871 2037 2919 speciei.

1442 2925 1662 2962 Differentia
1694 2932 1821 2960 autem
1853 2923 1995 2972 peccati
2023 2922 2178 2959 venialis
2207 2929 2243 2958 et
2274 2922 2438 2958 mortalis

1389 2978 1630 3027 consequitur
1645 2976 1898 3014 diversitatem
1914 2974 2211 3021 inordinationis,
2223 2986 2318 3022 quae
2335 2987 2439 3011 com-

1387 3032 1464 3080 plet
1491 3031 1676 3067 rationem
1703 3028 1859 3078 peccati.
1888 3029 2036 3076 Duplex
2057 3027 2157 3063 enim
2177 3034 2232 3063 est
2249 3026 2438 3064 inordina-

1387 3084 1456 3120 tio:
1484 3096 1560 3120 una
1587 3095 1657 3131 per
1679 3081 1971 3120 subtractionem
1991 3079 2159 3128 principii
2179 3079 2338 3125 ordinis3
2367 3079 2438 3116 alia

1389 3149 1476 3185 qua,
1493 3137 1636 3173 salvato
1652 3134 1663 3160 ζ
1677 3134 1858 3183 principio
1875 3132 2027 3178 ordinis,
2043 3132 2086 3168 fit
2100 3131 2324 3168 inordinatio
2341 3131 2437 3168 circa

1390 3201 1434 3226 ea
1460 3201 1557 3238 quae
1586 3195 1671 3224 sunt
1702 3193 1788 3235 post
1813 3184 2048 3234 principium.
2080 3184 2185 3220 Sicut
2211 3183 2249 3220 in
2278 3196 2437 3232 corpore

1389 3241 1559 3278 animalis
1581 3238 1810 3287 quandoque
1838 3237 1993 3285 quidem
2017 3236 2242 3274 inordinatio
2272 3238 2437 3286 comple-

1387 3293 1508 3330 xionis
1535 3290 1706 3340 procedit
1727 3302 1847 3338 usque
1876 3290 1924 3326 ad
1953 3289 2245 3326 destructionem
2267 3289 2437 3338 principii

1438 3404 1463 3435 δ)
1482 3404 1582 3429 eadem.
1600 3417 1617 3422 -
1635 3403 1689 3428 alia
1705 3402 1958 3435 PCDEFGHIKLpB
1978 3407 2002 3426 et
2020 3409 2052 3432 α;
2071 3402 2096 3426 in
2116 3402 2175 3426 aliis
2238 3402 2322 3434 specie
2340 3410 2391 3426 orn.
2407 3404 2436 3427 Α.

1439 3439 1460 3471 ε)
1480 3439 1602 3463 sumitur.
1620 3451 1639 3457 —
1657 3445 1724 3470 quae
1742 3438 1856 3462 sumitur
1875 3437 1925 3462 PL.

1440 3474 1464 3506 ζ)
1484 3475 1595 3498 saIvato.
1614 3488 1631 3492 -
1650 3473 1728 3498 etiam
1747 3473 1850 3497 salvato
1869 3473 1915 3496 Pa.

2468 2403 2540 2451 Issffpr*

2467 2462 2499 2477 ιι.

2541 2409 2675 2456 ιῖῖιὲὲέἑῖῧζ
