2840 4010
1007 176 1272 222 QUAESTIO
1303 176 1439 224 CVIII,
1468 177 1764 214 ARTICULUS
1794 177 1844 214 IV

104 263 314 317 Lngeae-ssarm,
341 262 409 300 pra
427 250 448 272 *
475 251 618 288 dictum
652 260 718 289 est.
754 253 804 289 Et
830 254 906 290 hoc
933 254 1088 303 quidem
1118 255 1176 291 lex
1205 254 1401 291 mandavit

100 937 111 948 “
124 937 182 960 Loe-
197 938 244 965 cit„
260 945 310 966 cap.

100 968 194 992 susq,

93 1736 106 1747 ·
120 1735 188 1758 Veu.
201 1741 232 1763 21,
247 1741 281 1764 ²3-

58 2038 63 2042 .
90 2052 103 2062 ·
116 2051 184 2076 Van.
198 2052 230 2074 1⁶.

88 2473 102 2484 ⁸
115 2470 182 2496 Vm.
197 2479 212 2495 ι.

171 3177 186 3192 x
197 3177 218 3197 v,
229 3174 271 3192 art.

102 627 190 654 ⁶1bid„
199 630 260 655 art.3
269 644 274 654 ‚
285 627 313 648 ad

282 3176 301 3194 2.

341 310 497 352 propter
519 304 699 342 iustitiam
728 306 1024 354 observandam,
1054 319 1132 344 non
1155 314 1198 344 ut
1212 308 1318 344 daret
1337 319 1400 343 cu-

341 355 640 405 piditatilocum.
670 359 720 395 Et
738 358 824 395 ideo
853 359 1044 396 Dominus
1069 361 1180 397 docet
1207 367 1248 395 ut
1272 371 1317 395 ex
1337 371 1400 395 cu-

341 407 495 457 piditate
523 418 652 447 nostra
675 423 755 448 non
782 420 1011 460 repetamus,
1030 412 1098 449 sed
1126 411 1243 448 simus
1266 411 1396 459 parati,

341 461 372 497 si
399 473 554 499 necesse
586 463 708 510 fuerit,
738 464 851 500 etiam
884 464 1068 512 ampliora
1088 465 1189 500 dare.
1206 484 1230 491 -
1246 464 1398 500 Motum

341 525 435 550 vero
450 514 527 552 odii
543 516 747 553 credebant
762 528 846 553 esse
859 516 1012 563 licitum,
1027 523 1182 564 propter
1195 523 1399 564 praecepta

341 567 432 615 legis
452 568 539 605 data
558 569 606 605 de
629 569 795 606 hostium
810 569 1078 606 interfectione.
1105 568 1222 615 Quod
1241 568 1397 616 quidem

341 620 400 656 Iex
419 621 545 657 statuit
562 629 719 669 propter
731 621 910 657 iustitiam
928 621 1176 669 implendam,
1191 629 1233 657 ut
1251 632 1365 669 supra
1379 621 1399 642 '¹‘

342 672 484 710 dictum
500 681 566 721 est,
586 686 665 710 non
683 681 838 722 propter
853 673 941 710 odia
961 674 1221 711 exsaturanda.
1242 674 1292 710 Et
1310 673 1397 710 ideo

341 725 531 762 Dominus
565 727 678 763 docet
710 734 753 762 ut
780 726 829 762 ad
855 725 1029 765 inimicos
1058 727 1298 764 dilectionem
1331 727 1397 762 ha-

341 778 512 826 beamus,
534 786 571 815 et
595 778 715 827 parati
744 778 875 826 simus,
905 779 935 815 si
963 791 1061 828 opus
1085 777 1099 801 ³⁵
1127 779 1252 826 fuerit,
1283 778 1396 816 etiam

341 831 575 868 benefacere.
597 832 704 868 Haec
724 831 825 867 enim
845 840 1047 881 praecepta
1066 832 1270 869 secundum
1282 843 1398 879 prae-

335 883 574 931 parationem
602 884 724 920 animi
749 892 835 920 sunt
854 885 1147 933 accipiendam
1164 884 1397 933 Augustinus

341 936 495 984 exponit
511 936 543 972 *.
728 955 729 961 1
1110 954 1112 957 ⁴

391 990 458 1037 An
478 1000 639 1026 TER-rum
665 1001 849 1034 nicENDUM
876 991 981 1039 quod
1009 997 1210 1039 praecepta
1237 990 1396 1026 moralia

339 1041 497 1078 omnino
530 1042 704 1078 innova
731 1043 814 1090 lege
842 1055 1039 1080 remanere
1069 1043 1278 1080 debebant:
1307 1043 1396 1092 quia

338 1094 553 1130 secundum
568 1106 608 1131 se
627 1094 815 1143 pertinent
835 1096 884 1133 ad
903 1097 1089 1134 rationem
1104 1095 1262 1133 virtutis.
1283 1096 1396 1132 Prae-

339 1154 447 1194 cepta
476 1154 604 1184 autem
628 1147 817 1185 iudicialia
836 1161 914 1186 non
934 1149 1186 1186 remanebant
1201 1159 1246 1185 ex
1265 1160 1395 1185 neces-

337 1198 443 1236 sitate
471 1201 684 1237 secundum
714 1202 874 1238 modum
894 1214 1010 1251 quem
1031 1203 1090 1238 lex
1109 1201 1394 1247 determinavit3

326 1252 725 1301 sed-*relinquebatur
756 1254 910 1291 arbitrio
942 1255 1143 1292 hominum
1177 1254 1303 1291 utrum
1341 1255 1396 1291 sic

337 1306 399 1345 vel
427 1305 535 1342 aliter
562 1311 661 1343 esset
688 1306 1032 1345 determinandum.
1066 1309 1116 1344 Et
1141 1307 1229 1345 ideo
1256 1318 1395 1344 conve-

338 1357 485 1394 nienter
502 1359 693 1395 Dominus
722 1359 819 1396 circa
847 1361 943 1396 haec
971 1361 1048 1397 duo
1076 1368 1214 1408 genera
1240 1371 1394 1411 praece-

337 1417 579 1459 ptommnos
593 1412 793 1449 ordinavit.
815 1414 1254 1462 Praeceptorum‘auter'n
1270 1424 1395 1450 caere-

337 1462 563 1500 monialium
577 1465 794 1502 observatio
808 1466 969 1502 totaliter
983 1478 1052 1515 per
1066 1465 1120 1503 rei
1134 1466 1394 1515 impletionem

336 1516 546 1553 tollebatur.
561 1518 626 1553 -Et
652 1517 740 1554 ideo
769 1517 868 1555 circa
886 1519 1336 1568 huiusmodipraecepta,
1358 1519 1395 1556 in

335 1568 398 1606 illa
425 1570 622 1607 communi
651 1570 840 1618 doctrina,
874 1572 966 1609 nihil
994 1571 1193 1610 ordinavit.
1219 1572 1397 1609 Ostendit

334 1624 464 1658 tamen
491 1622 580 1659 alibi
608 1623 714 1671 quod
733 1631 833 1661 totus
854 1625 1060 1673 corporalis
1080 1626 1210 1662 cultus.
1227 1625 1291 1672 qui
1317 1633 1395 1662 erat

337 1673 608 1712 determinatus
626 1676 666 1712 in
686 1677 779 1724 Iege,
810 1685 890 1714 erat
909 1678 947 1714 in
970 1677 1200 1726 spiritualem
1218 1689 1395 1715 ‘commu-

335 1728 494 1774 tandus3
522 1735 563 1764 ut
589 1736 693 1777 patet
713 1731 817 1766 Ioan.
839 1742 874 1767 iv
892 1730 923 1777 ³⁸²,
952 1731 1018 1768 ubi
1037 1731 1146 1768 dixit:
1182 1731 1288 1768 Venit
1299 1732 1395 1768 hora

334 1781 485 1827 quando
513 1793 632 1830 neque
653 1783 697 1818 in
734 1788 859 1819 monte
885 1784 957 1820 hoc
990 1795 1109 1832 neque
1141 1785 1178 1821 in
1205 1784 1394 1832 lerosoly-

334 1833 406 1869 mis
432 1834 637 1871 adorabitis
662 1836 838 1880 Patrem‚·
864 1837 930 1873 sed
954 1837 1037 1873 veri
1061 1838 1281 1874 adoratores
1304 1838 1394 1874 ado-

334 1887 475 1923 rabunt
498 1887 648 1924 Patrem
678 1888 715 1925 in
742 1889 873 1936 spiritu
901 1895 938 1926 et
963 1890 1127 1927 veritate.

385 1941 446 1977 An
469 1951 642 1982 QUARTUM
661 1953 845 1979 DICENDUM
865 1942 970 1990 quod
999 1955 1136 1980 omnes
1148 1954 1212 1980 ¹res
1231 1943 1393 1980 munda-

333 2003 405 2029 nae
433 1993 483 2030 ad
511 1993 581 2030 tria
600 1994 850 2042 reducuntur,
875 1995 1016 2032 scilicet
1033 1996 1081 2033 ad
1101 1997 1279 2044 honoreS,
1300 1996 1394 2034 divi-

332 2044 401 2082 tias
430 2053 468 2082 et
490 2046 660 2092 delicias;
685 2049 898 2086 secundum
918 2048 1006 2086 illud
1027 2048 1250 2086 IIoan.>11*:
1276 2049 1394 2087 Omne

333 2098 436 2146 quod
451 2105 507 2135 est
522 2099 560 2136 in
580 2100 733 2146 mundo,
753 2101 1050 2149 concupiscentia
1069 2102 1196 2139 carnis
1208 2107 1272 2148 est,
1288 2103 1392 2151 quod

331 2149 494 2200 pertinet
511 2152 562 2189 ad
586 2152 738 2190 delicias
757 2154 900 2200 carnis;
929 2160 964 2191 et
989 2155 1286 2204 concupiscentia
1305 2167 1393 2192 ocu-

332 2204 476 2249 lorum,
506 2205 613 2253 quod
639 2205 802 2255 pertinet
830 2209 876 2245 ad
898 2207 1067 2254 divitias;
1095 2213 1131 2244 et
1146 2208 1321 2258 superbia
1339 2210 1393 2246 vi-

332 2262 412 2302 tae,
445 2258 552 2304 quod
580 2259 742 2307 pertinet
769 2259 817 2296 ad
846 2259 1031 2297 ambitum
1055 2260 1196 2308 gloriae
1216 2268 1254 2298 et
1270 2261 1392 2299 hono-

331 2309 391 2346 ris.
423 2310 646 2359 Superfluas
673 2319 802 2348 autem
836 2313 958 2350 carnis
987 2313 1138 2350 delicias
1156 2314 1215 2351 Iex
1233 2327 1312 2351 non
1337 2327 1393 2351 re-

329 2362 516 2411 promisit,
543 2364 612 2401 sed
636 2364 756 2412 magis
775 2366 978 2413 prohibuit.
1009 2366 1240 2415 Repromisit
1263 2375 1391 2405 autem

331 2415 590 2453 celsitudinem
615 2418 786 2465 honoris,
807 2426 843 2455 et
866 2419 1138 2456 abundantiam
1156 2419 1390 2458 divitiarum:

331 2468 464 2505 dicitur
482 2469 586 2518 enim
601 2471 712 2508 Deut.
733 2483 840 2508 xxvut
855 2471 891 2508 *ε
920 2472 963 2508 Si
984 2472 1147 2509 audieris
1165 2483 1296 2510 vocem
1314 2475 1393 2511 Do-

381 2563 407 2599 ὀ)
427 2572 501 2597 opus.
519 2579 538 2584 —
555 2573 658 2592 necesse
677 2567 722 2591 Pa.

2440 177 2515 226 287

1454 255 1548 292 mini
1573 256 1648 292 Dei
1673 256 1737 301 tui,
1755 255 1880 303 faciet
1905 261 1940 292 te
1966 255 2208 293 excelsiorem
2234 258 2374 293 cunctis
2392 257 2514 306 genti-

1454 308 1533 353 bus,
1564 316 1747 356 quantum
1767 308 1816 345 ad
1830 308 2016 356 primum3
2037 316 2074 345 et
2090 317 2178 358 post
2195 321 2318 358 pauca
2333 309 2456 346 subdit
2475 309 2512 346 *ε

1452 361 1659 397 Abundare
1685 366 1719 397 te
1738 361 1863 409 faciet
1890 362 2214 408 omnibus'bonis,
2245 369 2430 411 quantum
2462 362 2511 398 ad

1453 413 1677 450 secundum.
1703 413 1813 460 Quae
1841 413 1997 462 quidem
2025 414 2213 463 promissa
2240 415 2294 451 sic
2320 427 2437 463 prave
2457 414 2512 451 in-

1453 465 1669 512 telligebant
1697 466 1836 513 Iudaei,
1865 474 1908 503 ut
1933 475 2090 516 propter
2118 480 2162 504 ea
2191 475 2289 504 esset
2321 469 2405 504 Deo
2434 479 2510 504 ser-

1452 517 1649 565 viendum,
1674 519 1770 555 sicut
1797 527 1951 567 propter
1977 520 2109 557 finem.
2131 521 2179 557 Et
2207 521 2294 557 ideo
2319 520 2510 557 Dominus

1452 569 1526 605 hoc
1547 571 1721 617 removit,
1743 571 1884 608 docens
1903 577 1915 592 ⁸
1942 572 2081 620 primo,
2102 574 2207 620 quod
2228 585 2345 622 opera
2364 573 2510 610 virtutis

1452 633 1531 658 non
1559 631 1647 659 sunt
1670 623 1839 660 facienda
1858 632 2012 673 propter
2031 626 2240 663 humanam
2261 626 2430 674 gloriam.
2461 627 2510 662 Et

1452 675 1560 721 ponit
1572 675 1642 712 tria
1661 688 1790 724 opera,
1811 677 1859 713 ad
1887 689 1986 725 quae
2013 679 2143 715 omnia
2167 679 2238 715 alia
2259 679 2507 716 reducuntur:

1452 739 1542 764 nam
1562 728 1691 764 omnia
1711 741 1809 776 quae
1838 730 1972 778 aliquis
1990 731 2077 767 facit
2095 731 2144 768 ad
2165 732 2431 769 refrenandum
2452 743 2507 768 se-

1451 779 1577 826 ipsum
1595 781 1635 817 in
1654 781 1730 817 suis
1755 782 2079 830 concupiscentiis,
2101 784 2332 821 reducuntur
2350 785 2399 821 ad
2418 784 2508 821 ieiu-

1451 833 1576 878 nium3
1597 845 1864 882 quaecumque
1878 846 1972 871 vero
1989 836 2085 873 fiunt
2098 845 2252 885 propter
2267 837 2505 874 dilectionem

1449 885 1624 932 proximi,
1646 886 1879 923 reducuntur
1898 888 1944 924 ad
1969 889 2273 937 eleemosynam;
2302 902 2509 938 quaecum-

1450 950 1525 985 que
1544 950 1637 975 vero
1657 946 1813 987 propter
1827 940 1967 977 cultum
1988 942 2059 977 Dei
2079 942 2186 988 fiunt,
2208 943 2439 979 reducuntur
2457 943 2507 980 ad

1451 991 1675 1027 orationem.
1697 992 1810 1028 Ponit
1824 1000 1951 1029 autem
1971 994 2066 1030 haec
2084 995 2153 1030 tria
2172 995 2381 1043 specialiter
2400 996 2506 1044 quasi

1450 1044 1675 1092 praecipua,
1705 1052 1741 1080 et
1768 1057 1837 1093 per
1864 1057 1962 1094 quae
1989 1047 2164 1084 homines
2192 1048 2356 1084 maxime
2385 1050 2507 1085 solent

1448 1097 1604 1143 gloriam
1632 1097 1777 1134 venari.
1797 1117 1820 1125 ·-
1842 1098 2033 1146 Secundo,
2064 1100 2192 1136 docuit
2220 1102 2323 1149 quod
2344 1113 2422 1137 non
2443 1102 2506 1138 de—

1449 1150 1586 1186 bemus
1618 1150 1736 1186 finem
1770 1151 1997 1188 constituere
2025 1151 2063 1188 in
2092 1153 2247 1199 divitiis,
2278 1165 2365 1190 cum
2396 1154 2505 1190 dixit:

1447 1203 1576 1239 Nolite
1602 1204 1854 1252 thesaurizare
1879 1205 1983 1241 vobis
2010 1206 2204 1242 thesauros
2229 1206 2266 1242 in
2295 1212 2407 1243 terra.

1501 1257 1559 1292 AD
1584 1267 1746 1298 Q1J1NTUM
1768 1269 1951 1294 DICENDUM
1979 1259 2084 1305 quod
2111 1259 2302 1295 Dominus
2330 1259 2507 1308 sollicitu-

1449 1308 1577 1345 dinem
1606 1309 1858 1346 necessariam
1877 1322 1955 1347 non
1974 1312 2178 1359 prohibuit,
2199 1312 2267 1348 sed
2290 1312 2505 1349 sollicitudi-

1448 1373 1538 1397 nem
1565 1361 1831 1399 inordinatam.
1861 1363 1929 1400 Est
1957 1371 2084 1400 autem
2114 1365 2347 1413 quadruplex
2366 1365 2507 1402 inordi-

1448 1414 1550 1450 natio
1570 1414 1827 1452 sollicitudinis
1837 1415 1991 1453 vitanda
2006 1417 2103 1453 circa
2118 1417 2353 1466 temporalia.
2374 1418 2503 1455 Primo

1449 1467 1617 1515 quidem,
1637 1475 1680 1504 ut
1697 1467 1736 1504 in
1765 1469 1818 1504 eis
1841 1469 1959 1505 finem
1980 1481 2058 1506 non
2078 1470 2360 1517 constituamus,
2381 1483 2504 1519 neque

1449 1521 1533 1556 Deo
1553 1521 1764 1557 serviamus
1783 1529 1939 1570 propter
1961 1523 2172 1559 necessaria
2197 1523 2320 1560 victus
2340 1531 2376 1560 et
2393 1524 2504 1560 vesti-

1448 1581 1518 1610 tus.
1549 1573 1660 1610 Unde
1688 1574 1796 1610 dicit:
1824 1573 1954 1611 Nolite
1980 1576 2233 1624 thesaurizare
2259 1577 2363 1612 vobis
2392 1584 2461 1614 etc.
2478 1598 2502 1604 -

1450 1626 1640 1674 Secundo,
1657 1634 1698 1662 ut
1716 1639 1794 1663 non
1817 1627 1870 1664 sic
1889 1628 2134 1665 sollicitemur
2152 1629 2200 1665 de
2218 1629 2502 1677 temporalibus,

1449 1691 1538 1716 cum
1566 1679 1830 1728 desperatione
1859 1680 1977 1717 divini
2005 1682 2139 1718 auxilii.
2173 1682 2284 1719 Unde
2313 1683 2503 1720 Dominus

1448 1732 1556 1769 dicit:
1585 1733 1661 1769 Scit
1686 1733 1799 1769 Pater
1824 1739 1945 1770 vester
1972 1735 2060 1782 quia
2083 1735 2140 1771 his
2158 1735 2330 1771 omnibus
2361 1736 2504 1785 indige-

1447 1786 1502 1822 tis.
1531 1806 1554 1813 -
1581 1785 1731 1832 Tertio,
1761 1798 1810 1822 ne
1844 1786 1889 1823 sit
1925 1787 2135 1824 sollicitudo
2164 1796 2501 1837 praesumptuosa:

1446 1846 1487 1875 ut
1513 1838 1651 1875 scilicet
1678 1839 1796 1875 homo
1827 1839 1995 1877 confidat
2020 1852 2059 1876 se
2078 1841 2290 1877 necessaria
2309 1841 2408 1878 vitae
2435 1854 2504 1890 per

1447 1904 1556 1928 suam
1585 1891 1875 1929 sollicitudinem
1899 1905 2012 1941 posse
2039 1905 2255 1941 procurare,
2276 1895 2421 1942 absque
2450 1895 2503 1931 di-

1446 1944 1538 1980 vino
1566 1944 1716 1981 auxilio.
1751 1945 1867 1991 Quod
1901 1945 2092 1982 Dominus
2126 1955 2300 1983 removet
2329 1959 2399 1996 per
2429 1949 2504 1984 hoc

1447 1997 1552 2045 quod
1579 1999 1691 2034 homo
1719 2009 1794 2034 non
1815 2004 1940 2046 potest
1963 1998 2106 2047 aliquid
2131 1999 2294 2036 adiicere
2320 2001 2372 2036 ad
2391 2006 2504 2037 statu-

1447 2062 1531 2087 ram
1559 2062 1680 2087 suam.
1706 2071 1729 2078 —
1755 2051 1923 2099 Quarto,
1947 2063 2017 2100 per
2047 2052 2122 2088 hoc
2149 2053 2253 2100 quod
2281 2053 2401 2090 homo
2430 2055 2503 2090 sol-

1446 2103 1645 2140 licitudinis
1677 2110 1828 2152 tempus
1860 2113 2136 2153 praeoccupat:
2166 2105 2253 2154 quia
2271 2093 2425 2142 *scilicet
2457 2106 2504 2143 de

1445 2157 1519 2192 hoc
1548 2155 1725 2193 sollicitus
1754 2164 1811 2193 est
1833 2169 1946 2205 nunc,
1967 2157 2073 2205 quod
2097 2170 2174 2195 non
2192 2158 2354 2207 pertinet
2372 2159 2421 2195 ad
2441 2171 2504 2196 cu-

1447 2221 1528 2245 ram
1561 2209 1769 2258 praesentis
1805 2210 2009 2259 temporis,
2040 2211 2107 2248 secl
2141 2211 2190 2248 ad
2223 2223 2352 2248 curam
2379 2212 2504 2249 futuri.

1446 2262 1558 2299 Unde
1587 2262 1695 2298 dicit:
1723 2262 1853 2300 Nolite
1877 2263 2026 2300 solliciti
2051 2275 2130 2300 esse
2157 2264 2194 2300 in
2223 2265 2439 2302 crastinum.

1499 2317 1558 2351 AD
1587 2326 1728 2352 SEXTUM
1756 2327 1939 2353 mensuum
1968 2317 2073 2365 quod
2100 2316 2293 2354 Dominus
2321 2330 2399 2354 non
2418 2330 2505 2366 pro-

1445 2367 1550 2404 hibet
1581 2367 1763 2405 iudicium
1801 2368 1981 2406 iustitiae:
2011 2369 2093 2406 sine
2129 2382 2206 2418 quo
2244 2382 2323 2407 non
2350 2378 2506 2419 possent

1447 2429 1575 2457 sancta
1594 2420 1763 2458 subtrahi
1778 2422 1826 2458 ab
1841 2421 2014 2470 indignis.
2036 2423 2112 2459 Sed
2127 2423 2304 2471 prohibet
2322 2424 2503 2460 iudicium

1447 2473 1716 2521 inordinatum,
1744 2482 1787 2511 ut
1815 2475 1957 2511 dictum
1987 2482 2043 2512 est
2060 2475 2092 2512 *.

1495 2569 1518 2603 ε)
1538 2570 1674 2595 docens.—
1692 2570 1782 2596 dicens
1800 2569 1899 2600 CEIsB.
1917 2578 1971 2596 om.
1989 2571 2133 2604 AGHLpB,
2151 2573 2291 2597 ostendens
2311 2572 2351 2597 PF
2352 2573 2401 2598 Ka.
2419 2586 2438 2592 —
2456 2574 2506 2598 Pro

1444 2605 1559 2634 virtutis,
1579 2605 1709 2630 virtutum
1729 2606 1774 2630 Ρα.

1108 2731 1424 2774 ARTICULUS
1455 2696 1728 2785 QUARTUS

391 2810 548 2842 UTRUM
571 2811 911 2844 CONVENIENTER
934 2813 1113 2846 IN>LEGE
1136 2815 1258 2847 NOVA
1282 2815 1482 2848 CONSILIA
1506 2817 1721 2854 QUAEDAM
1744 2817 2059 2848 DETERMINATA
2084 2818 2180 2848 SINT
2203 2818 2444 2850 PROPOSITA

1017 2866 1048 2909 11¹1
1070 2885 1148 2910 cont.
1168 2886 1254 2916 cem„
1275 2893 1332 2920 cap.
1351 2894 1430 2917 cxxx;
1452 2887 1548 2917 Quodl.
1563 2887 1595 2916 v,
1615 2894 1661 2919 qu.
1674 2886 1703 2917 κ’,
1723 2891 1771 2912 art.
1790 2895 1812 2913 1.

363 2972 424 3008 :aab
484 2982 486 2984 ,
542 2965 565 2990 D
585 2964 757 2995 QUARTUM
776 2964 830 2990 sm
849 2965 1088 2992 PRocEni-rua.
1108 2955 1268 2994 Videtur
1286 2959 1391 3006 quod

358 2997 515 3066 uA&
542 3005 855 3043 inconvenienter
894 3006 932 3044 in
973 3008 1055 3055 Iege
1091 3017 1194 3046 nova
1235 3010 1390 3047 consilia

407 3049 735 3106 v‘quaedam
777 3059 1026 3097 determinata
1067 3061 1142 3099 sint
1180 3063 1387 3111 proposita.

386 3103 713 3148 &Consilia
746 3111 848 3148 enim
882 3112 1018 3150 dantur
1052 3114 1098 3150 de
1133 3115 1245 3152 rebus
1278 3127 1390 3165 expe—

332 3162 520 3199 dientibus
549 3164 597 3201 ad
626 3164 764 3211 finem;
793 3172 834 3201 ut
862 3177 976 3214 supra
996 3166 1017 3188 *¹
1044 3166 1184 3204 dictum
1205 3175 1272 3215 est,
1302 3181 1390 3206 cum

331 3215 378 3252 de
413 3216 569 3253 consilio
603 3224 784 3265 ageretur.
824 3218 900 3255 Sed
933 3230 1011 3255 non
1046 3220 1180 3257 eadem
1213 3221 1390 3259 omnibus

331 3268 547 3317 expediunt.
578 3270 679 3317 Ergo
709 3282 788 3307 non
816 3278 903 3307 sunt
930 3270 1055 3319 aliqua
1085 3272 1240 3310 consilia
1269 3274 1390 3311 deter-

331 3321 473 3358 minata
502 3322 679 3359 omnibus
707 3323 973 3372 proponenda.

386 3386 420 3410 2.
441 3375 675 3422 PRAETEREA,
697 3375 852 3413 consilia
872 3375 1008 3413 dantur
1028 3377 1076 3414 de
1095 3377 1244 3414 meliori
1270 3379 1389 3416 bono.

332 3426 409 3463 Sed
438 3440 516 3464 non
544 3435 631 3465 sunt
659 3428 897 3465 determinati
925 3429 1063 3477 gradus
1092 3430 1257 3467 melioris
1285 3432 1388 3468 boni.

331 3479 432 3527 Ergo
453 3493 531 3517 non
553 3481 692 3518 debent
712 3481 837 3530 aliqua
858 3482 1102 3519 determinata
1122 3483 1277 3520 consilia
1298 3483 1388 3521 dari.

1500 2959 1534 2995 3.
1565 2959 1804 3006 PRAETEREA,
1835 2959 1990 2996 consilia
2018 2959 2205 3008 pertinent
2231 2961 2280 2998 ad
2307 2961 2504 3010 perfectio-

1445 3023 1535 3047 nem
1562 3010 1675 3048 vitae.
1707 3011 1784 3048 Sed
1812 3012 2029 3049 obedientia
2057 3013 2216 3061 pertInet
2239 3013 2287 3050 ad
2306 3014 2505 3062 perfectio-

1446 3076 1535 3100 nem
1563 3063 1677 3101 vitae.
1707 3065 1810 3112 Ergo
1839 3064 2150 3102 inconvenienter
2173 3066 2220 3102 de
2240 3079 2285 3103 ea
2305 3066 2502 3104 consilium

1445 3129 1523 3154 non
1552 3117 1662 3153 datur
1688 3116 1726 3153 in
1755 3117 1976 3165 Evangelio.

1496 3181 1532 3216 4.
1555 3170 1787 3216 PRAETEREA‚
1808 3170 1927 3206 multa
1945 3169 1994 3207 ad
2012 3171 2285 3218 perfectionem
2299 3171 2401 3209 vitae
2418 3185 2504 3222 per-

1443 3221 1597 3258 tinentia
1617 3221 1712 3258 inter
1734 3230 1936 3271 praecepta
1955 3231 2166 3272 ponuntur:
2187 3224 2282 3261 sicut
2299 3225 2374 3262 hoc
2399 3226 2504 3274 quod

1445 3274 1596 3321 dicitur,
1626 3274 1782 3324 Diligite
1814 3275 1983 3312 inimicos
2013 3282 2155 3314 vestros
2173 3277 2208 3323 *ς
2239 3285 2274 3314 et
2303 3286 2504 3328 praecepta

1445 3327 1558 3363 etiam
1587 3339 1684 3375 quae
1715 3327 1818 3364 dedit
1845 3328 2035 3366 Dominus
2063 3330 2275 3378 Apostolis,
2305 3331 2439 3368 Matth.
2468 3345 2502 3369 x.
2532 3351 2582 3366 m,

1444 3380 1545 3427 Ergo
1578 3379 1892 3418 inconvenienter
1923 3382 2121 3419 traduntur
2153 3383 2309 3420 consilia
2335 3384 2374 3421 in
2402 3398 2503 3422 nova

1444 3433 1546 3479 lege:
1576 3440 1657 3469 tum
1678 3433 1767 3481 quia
1787 3446 1864 3470 non
1886 3434 2015 3471 omnia
2035 3443 2248 3484 ponuntur3
2279 3444 2359 3474 turn
2390 3438 2501 3474 etiarn

1445 3485 1531 3533 quia
1562 3498 1584 3522 a
1612 3486 1821 3535 praeceptis
1850 3500 1927 3525 non
1957 3487 2244 3536 distinguuntur.

2540 318 2550 328 ·
2564 317 2630 340 Vers.
2646 325 2672 341 n.

2533 2482 2543 2492 ⁸
2558 2482 2582 2503 In
2598 2487 2704 2509 corpore.

2531 3295 2538 3301 ”
2555 3292 2635 3314 Matth.
2653 3297 2704 3318 cap.
2719 3298 2740 3316 v,

2532 3325 2636 3345 vers.44:
2647 3317 2740 3343 Luc-vi,

2541 3353 2557 3358 ·¹
2575 3352 2590 3366 κ
2605 3351 2638 3366 2-.
