2840 4010
931 190 1197 238 QUAESTIO
1226 190 1451 237 LXXXVII,
1479 189 1774 227 ARTICULUS
1802 188 1887 238 VIII
2426 188 2490 224 131

991 303 1322 336 Commentaria
1345 302 1594 335 cardinalis
1615 303 1815 336 Caietam

330 407 378 470 In
405 397 537 429 articulo
561 405 688 435 octavo,
713 399 833 429 omisso
856 399 1006 439 septimo,
1032 398 1166 429 dubium
1188 397 1325 428 occurrit
1348 397 1387 428 de
1411 396 1414 436 Ι

358 450 463 482 poena
487 442 651 483 spirituali.
675 443 710 473 In
735 443 837 474 littera
867 442 952 473 enim
975 442 1087 473 dicitur
1115 441 1203 482 quod
1225 441 1297 471 ideo
1322 451 1387 471 non

328 492 403 516 sunt
430 493 555 517 tantum
578 487 794 523 medicinales,
819 486 894 527 quia
916 487 1039 516 bonum
1067 485 1191 516 animae
1214 495 1279 515 non
1304 485 1387 515 ordi-

329 536 422 560 natur
444 530 478 560 in
501 531 587 561 aliud
599 531 734 561 bonum
756 530 870 561 maius.
893 529 1023 559 Falsum
1045 528 1078 558 in
1102 527 1211 568 primis
1239 527 1301 558 hoc
1325 535 1386 558 est:

329 574 405 614 quia
427 575 551 605 bonum
573 574 698 605 animae
725 574 887 604 ordinatur
908 572 942 602 in
964 572 1088 602 bonum
1112 571 1270 608 divinum,
1299 572 1388 612 quod

330 623 377 648 est
398 618 494 658 longe
517 618 641 649 melius.

387 661 532 693 Inefficax
546 662 659 692 deinde
682 666 738 692 est.
755 659 840 698 Quia
854 658 934 690 inter
952 659 1020 699 ipsa
1035 659 1121 689 bona
1136 659 1269 695 animae,
1286 668 1390 690 unum

331 705 495 738 ordinatur
521 705 562 742 ad
590 702 678 736 aliud
699 704 823 735 bonum
841 702 966 734 melius.
986 703 1027 733 Et
1046 703 1171 743 expedit
1194 703 1389 744 quandoque

331 750 425 781 alicui
447 749 561 790 privari
583 748 691 789 aliquo
714 748 801 778 bono
825 746 989 787 spirituali,
1012 753 1089 787 puta
1113 746 1311 778 confessione
1331 757 1388 777 no-

331 793 426 824 minis
441 792 567 828 Christi,
583 798 619 823 ut
634 791 756 822 cautius
771 790 988 832 humiliusque
1004 797 1158 831 resurgat;
1174 797 1210 822 ut
1227 791 1321 821 Petro
1338 800 1390 820 ne-

331 837 417 878 ganti
434 836 598 869 Christum
617 835 739 866 accidit.
762 834 932 874 Gregorius
950 845 1090 876 quoque,
1106 835 1139 865 in
1162 834 1202 865 111
1217 834 1388 875 Dialogst‘,

332 886 457 912 sanctos
472 879 558 910 viros
576 878 707 910 deficere
723 879 918 920 quandoque
933 879 965 909 in
983 879 1088 920 aliqua
1102 878 1215 910 virtute
1230 879 1332 915 docet,
1348 879 1390 909 ob

332 923 508 956 custodiam
530 922 726 954 humilitatis.
750 923 843 954 Ratio
867 923 971 963 igitur,
987 930 1018 954 et
1041 922 1213 958 conclusio,
1230 932 1296 953 non
1318 932 1391 952 vera

329 967 461 999 videtur.

385 1010 424 1041 11.
443 1010 496 1041 Ad
517 1010 580 1041 hoc
596 1010 710 1041 dicitur
729 1011 819 1051 quod
842 1011 966 1041 bonum
983 1010 1145 1051 spirituale
1161 1010 1194 1040 in
1213 1010 1275 1041 hoe
1292 1009 1392 1041 differt

330 1064 351 1086 ι
371 1054 549 1094 temporali,
573 1055 662 1095 quod
684 1054 747 1085 hoc
770 1065 836 1085 non
859 1061 906 1085 est
928 1054 1104 1086 secundum
1127 1064 1160 1084 se
1183 1054 1306 1085 bonum
1326 1054 1391 1084 ani-

330 1108 411 1135 mae,
436 1098 491 1128 sed
513 1098 547 1128 in
569 1098 681 1129 ordine
704 1099 744 1128 ad
767 1098 869 1129 aliud:
894 1099 1018 1129 bonum
1041 1105 1148 1129 autem
1171 1097 1331 1138 spirituale
1347 1105 1393 1128 est

331 1141 508 1173 secundum
523 1152 556 1173 se
570 1142 695 1173 bonum
714 1142 847 1179 animae,
860 1152 916 1183 per
930 1152 963 1173 se
977 1141 1152 1183 loquendo.
1169 1141 1211 1172 Et
1226 1148 1392 1182 propterea

331 1185 412 1217 sicut
435 1196 467 1216 se
490 1186 607 1217 habent
629 1186 670 1216 ad
692 1186 754 1217 hoc
777 1187 865 1228 quod
889 1185 951 1217 sint
973 1186 1067 1222 bona,
1091 1185 1134 1216 ita
1157 1185 1198 1216 ad
1220 1186 1281 1216 hoc
1304 1187 1393 1226 quod

331 1229 523 1271 privationes
550 1240 664 1261 eorum
691 1230 754 1261 sint
782 1230 876 1261 mala.
900 1229 1105 1270 Temporalia
1127 1229 1223 1270 igitur
1254 1229 1330 1270 quia
1360 1230 1392 1260 in

242 1291 261 1295 Δ
287 1272 443 1305 sordine
473 1274 513 1304 ad
540 1274 628 1305 aliud
656 1281 730 1305 sunt
756 1275 857 1311 bona,
885 1274 919 1304 in
946 1274 1056 1305 ordine
1082 1283 1213 1315 quoque
1240 1274 1280 1304 ad
1308 1273 1394 1304 aliud

332 1318 524 1358 privationes
553 1328 667 1350 eorum
694 1318 848 1350 malitiam
869 1318 920 1349 vel
942 1317 1118 1350 bonitatem
1147 1317 1332 1354 sortiuntur,
1364 1325 1394 1348 et

310 1400 315 1406 η
333 1371 455 1402 poenae
475 1372 541 1394 esse
560 1369 710 1403 possunt:
735 1369 863 1403 propter
878 1362 967 1403 quod
981 1361 1134 1402 contingit
1149 1372 1216 1392 esse
1234 1371 1312 1402 pure
1329 1371 1394 1392 me-

334 1405 492 1437 dicinales.
522 1406 703 1446 spiritualia
728 1416 803 1437 vero
837 1406 912 1446 quia
939 1405 1116 1437 secundum
1146 1415 1179 1436 se
1207 1412 1282 1436 sunt
1309 1406 1394 1436 bona

334 1449 467 1486 animae,
487 1450 664 1481 secundum
681 1460 714 1480 se
728 1460 859 1491 quoque
874 1450 1064 1491 privationes
1079 1459 1191 1481 eorum
1205 1457 1280 1481 sunt
1296 1450 1392 1480 mala:

1442 408 1476 429 ac
1499 409 1556 439 per
1577 399 1639 430 hoc
1665 409 1832 440 nunquam
1859 406 1934 430 sunt
1961 409 2040 440 pure
2068 399 2256 436 medicinae,
2287 399 2341 429 sed
2369 399 2497 439 quando

1441 450 1514 472 sunt
1537 443 1747 480 medicinales,
1772 450 1846 474 sunt
1868 453 1990 484 poenae
2006 450 2036 474 et
2056 443 2229 474 medicinae
2252 450 2394 484 respectu
2418 443 2498 474 eius-

1442 485 1524 516 dem.
1549 486 1589 516 Et
1612 487 1673 517 hoc
1695 487 1829 519 intendit
1846 487 1958 519 littera.

1497 529 1548 560 111.
1567 530 1616 559 Ad
1632 531 1771 570 primum
1787 532 1820 561 in
1843 531 2029 572 oppositum
2043 531 2061 551 *
2079 531 2192 562 dicitur
2207 532 2296 572 quod
2311 531 2394 562 male
2409 531 2498 562 intel-

1441 572 1582 612 liguntur
1606 575 1699 604 verba
1721 575 1848 606 litterae.
1866 575 2002 606 Intendit
2024 575 2110 606 enim
2125 576 2214 617 quod
2237 582 2312 606 sunt
2333 573 2423 606 bona
2433 585 2499 606 non

1442 615 1475 645 in
1499 616 1608 646 ordine
1632 617 1670 647 ad
1694 618 1788 654 aliud,
1809 619 1863 649 sed
1882 619 2058 650 secundum
2081 628 2129 650 se:
2154 629 2228 650 cum
2243 629 2310 660 quo
2333 626 2393 650 stat
2410 620 2499 661 quod

1443 659 1649 690 ordinentur'
1641 671 1674 690 in
1689 661 1794 692 Deum
1813 670 1965 703 tanquam
1980 662 2078 694 finem
2094 663 2289 694 ultimum.-
2301 664 2433 700 Rursus,
2450 663 2496 694 in-

1443 702 1543 733 tendit
1566 713 1748 744 comparare
1771 706 1810 735 ad
1839 707 1922 737 bona
1945 714 2051 738 nostra
2075 718 2156 748 quae
2180 714 2254 738 sunt
2280 708 2371 748 quasi
2393 714 2500 738 nostra

1443 747 1528 777 bona
1545 747 1731 779 formaliter:
1745 749 1832 780 Deus
1848 757 1953 781 autem
1970 757 2016 781 est
2030 751 2152 782 bonurn
2164 751 2356 782 οὺίεεῐίνεμ-
2366 752 2497 788 Rursus,

1443 790 1519 831 quia
1541 791 1702 822 obiectum
1725 799 1756 823 et
1778 793 1903 833 adeptio
1931 794 2059 831 obiecti,
2080 794 2150 825 finis
2175 802 2205 826 et
2226 795 2391 836 acquisitio
2415 795 2498 832 eius,

1444 844 1510 865 non
1533 842 1659 875 ponunt
1681 836 1714 866 in
1737 840 1917 873 numerum,
1935 838 1989 868 sed
2008 848 2066 878 pro
2090 839 2184 869 unico
2209 846 2449 879 computantur;
2471 846 2501 870 et

1445 879 1530 908 bona
1541 879 1663 910 animae
1675 887 1749 911 sunt
1760 881 1875 921 quibus
1891 881 2082 922 acquirimus
2096 881 2205 918 finem;
2222 893 2280 923 pro
2291 884 2404 914 eodem
2414 893 2501 914 com-

1445 923 1548 962 putari
1567 930 1711 963 possunt,
1736 931 1766 955 et
1784 924 1862 955 nihil
1884 925 1997 955 melius
2020 926 2107 956 bono
2131 926 2282 966 spirituali
2302 927 2363 958 dici
2385 934 2499 967 potest.

1503 967 1556 998 IV.
1573 968 1625 997 Ad
1647 968 1823 998 secundum
1847 968 1958 999 dicitur
1988 970 2078 1009 quod
2101 979 2156 1009 per
2184 970 2325 1000 accidens
2349 971 2502 1011 contingit

1446 1010 1560 1050 privari
1583 1011 1722 1052 aliquem
1740 1013 1828 1042 bono
1843 1012 1951 1053 aliquo
1968 1013 2131 1053 spirituali,
2148 1020 2277 1054 propter
2294 1014 2417 1045 bonum
2435 1025 2502 1045 me-

1439 1053 1507 1084 lius
1531 1054 1704 1094 spirituale:
1722 1056 1776 1086 sed
1798 1063 1874 1087 tunc
1897 1056 2030 1096 privatio
2049 1057 2102 1087 illa
2125 1067 2190 1088 non
2207 1064 2252 1088 est
2275 1068 2353 1098 pure
2377 1059 2501 1089 medici-

1447 1098 1535 1134 nalis,
1555 1099 1609 1129 sed
1633 1099 1727 1130 etiam
1748 1110 1851 1140 poena
1865 1100 1959 1131 illius.
1981 1100 2022 1131 Et
2036 1100 2080 1131 sic
2100 1100 2211 1132 accidit
2233 1102 2325 1132 Petro
2345 1101 2383 1132 de
2399 1102 2501 1142 priva-

1446 1142 1533 1172 tione
1556 1143 1681 1183 gratiae,
1702 1151 1732 1175 et
1754 1144 1875 1175 Sanctis
1898 1144 2089 1185 quibusdam
2113 1145 2151 1175 de
2174 1145 2348 1185 privatione
2372 1146 2502 1176 alicuius

1447 1186 1616 1226 spiritualis
1641 1188 1727 1218 boni.
1750 1189 1816 1219 Nec
1845 1188 2031 1228 oppositum
2058 1189 2132 1220 dicit
2157 1189 2336 1229 Gregorius,
2359 1190 2503 1230 quamvis

1447 1230 1546 1261 solius
1570 1231 1743 1262 medicinae
1762 1232 1916 1263 rationem
1939 1233 2046 1264 reddat
2061 1233 2093 1263 in
2118 1233 2289 1264 defectibus
2313 1233 2503 1274 quibusdam

1447 1274 1646 1306 Sanctorum.

1506 1319 1642 1349 Adverte
1665 1326 1774 1350 tamen*
1793 1320 1843 1351 hic
1865 1321 1953 1361 quod
1977 1330 2080 1360 poena
2099 1321 2217 1362 species
2240 1321 2315 1351 mali
2338 1327 2393 1356 est,
2415 1322 2503 1362 quod

1447 1362 1656 1403 privationem
1681 1364 1757 1394 boni
1780 1364 1885 1400 debiti,
1910 1364 2053 1405 quando,
2078 1365 2172 1401 sicut,
2197 1371 2264 1402 etc„
2289 1365 2439 1395 includit:
2463 1375 2503 1395 ne

1448 1413 1540 1480 ξυζες
1563 1417 1694 1438 omnem
1709 1408 1911 1448 negationem
1922 1408 1999 1439 boni
2021 1408 2190 1448 spiritualis
2207 1419 2328 1449 poenae
2349 1409 2504 1440 rationem

1472 1460 1489 1480 a
1513 1460 1572 1481 ere.

2524 535 2585 557 ⁸Cs.
2600 540 2663 556 num.
2679 541 2696 556 1.
