2840 4010
0 3743 13 3809 ἕνῃ
1 3688 9 3717 ..2
0 3634 8 3650 v«

59 247 68 257 ·
83 245 150 268 Ven.
164 250 199 271 ¹4.

61 457 76 469 *
89 456 146 484 cup.
160 461 194 483 vt,
209 462 247 479 xv.

63 560 138 608 ¹:sz11-
147 565 184 587 xc,
200 563 243 582 art.
258 565 274 587 ¹,

63 822 76 834 ⁶
89 821 147 844 lbid.

979 160 1244 207 QUAESTIO
1273 159 1377 207 XCI,
1405 159 1699 196 ARTICULUS
1729 159 1781 196 IV

301 238 470 276 cundum
502 237 594 275 illud
621 238 710 286 Sap.
735 250 771 274 lx
788 237 824 274 *z
859 238 1112 288 Cogitationes
1143 238 1358 275 mortalium

299 291 464 336 timidae,
484 296 521 327 et
538 291 703 327 incertae
722 291 983 339 providentiae
1003 296 1163 327 nostrae.
1192 291 1294 337 Ergo
1316 302 1360 326 ex

300 343 447 380 ratione
474 343 643 380 humana
671 344 773 380 nulla
799 344 858 380 lex
881 344 1090 392 procedere
1117 349 1253 391 potest.

355 396 431 432 SED
450 407 597 432 CONTRA
623 408 690 433 EST
714 396 819 445 quod
847 395 1091 443 Augustinus,
1120 395 1159 430 in
1179 395 1193 430 1
1213 394 1258 430 de
1276 394 1359 430 Lib.

300 448 396 485 Arb.
410 448 441 495 ²⁸,
463 449 570 497 ponit
584 449 680 486 duas
698 449 812 496 leges,
838 460 955 485 unam
974 454 1168 484 aeternam
1189 453 1225 482 et
1249 445 1361 482 aliam

301 502 565 549 temporalem,
595 514 712 550 quam
741 501 830 538 dicit
857 512 940 536 esse
967 500 1190 536 humanam.

356 554 582 591 RESPonoEo
600 565 784 591 mmmmm
802 552 920 600 quod,
941 551 1036 588 sicut
1050 562 1164 598 supra
1177 550 1198 571 *
1218 549 1361 586 dictum

303 613 370 652 est,
390 607 450 643 lex
474 614 530 643 est
548 606 746 654 quoddam
774 605 966 642 dictamen
983 603 1170 662 practicae
1199 602 1362 638 rationis.

304 658 443 695 Similis
475 667 602 696 autem
633 669 836 707 processus
869 668 950 692 esse
983 655 1174 692 invenitur
1210 654 1364 692 rationis

302 712 491 759 practicae
519 719 557 748 et
584 709 858 759 speculativae:
886 716 1048 756 utraque
1081 708 1182 745 enim
1212 719 1258 744 ex
1283 707 1364 756 qui-

304 764 467 801 busdam
485 762 676 812 principiis
703 762 752 798 ad
779 761 967 810 quasdam
989 760 1251 798 conclusiones
1277 771 1365 808 pro-

305 816 414 863 cedit,
442 823 484 852 ut
512 815 683 863 superius
705 813 726 835 ³¹⁸
752 814 924 850 habitum
952 821 1018 850 est.
1050 813 1269 851 Secundum
1289 813 1364 848 hoc

305 881 394 916 ergo
423 868 628 906 dicendum
661 874 716 903 est
750 866 877 914 quod,
907 866 1002 903 sicut
1034 866 1072 903 in
1107 865 1252 903 ratione
1281 877 1365 913 spe-

304 920 466 958 culativa
493 932 539 956 ex
566 919 758 968 principiis
790 918 1188 956 indemonstrabilibus
1217 925 1365 955 natura-

303 973 387 1010 liter
418 972 576 1020 cognitis
607 972 871 1020 producuntur
909 972 1173 1009 conclusiones
1201 970 1366 1007 diversa-

303 1036 391 1062 rum
418 1025 675 1071 scientiarum,
705 1037 868 1072 quarum
898 1024 1062 1072 cognitio
1082 1036 1160 1061 non
1181 1031 1236 1060 est
1254 1023 1365 1059 nobis

301 1077 521 1115 naturaliter
548 1077 676 1124 indita,
706 1078 774 1114 sed
801 1089 870 1126 per
896 1077 1120 1114 industriam
1138 1076 1293 1113 rationis
1311 1075 1366 1112 in-

302 1137 438 1176 venta3
471 1130 523 1167 ita
559 1130 672 1167 etiam
707 1143 752 1167 ex
789 1130 1000 1179 praeceptis
1035 1129 1127 1177 legis
1163 1128 1363 1175 naturalis,

304 1183 413 1232 quasi
433 1195 479 1220 ex
498 1183 730 1230 quibusdam
748 1183 941 1231 principiis
965 1181 1236 1219 communibus
1256 1188 1292 1217 et
1310 1181 1366 1218 in-

298 1235 676 1283 demonstrabilibus,
706 1248 863 1273 necesse
885 1243 941 1272 est
958 1235 1064 1284 quod
1084 1234 1177 1271 ratio
1196 1235 1366 1271 humana

250 1297 264 1300 ·
301 1289 486 1337 procedat
514 1288 563 1326 ad
590 1289 716 1338 aliqua
731 1288 855 1336 ‘magis
874 1287 1146 1337 particulariter
1165 1287 1367 1335 disponen-

64 1509 151 1537 ’Μ
157 1512 276 1538 trum·

64 1561 277 1616 &Wuffit

62 1619 116 1639 m
158 1649 178 1668 ι

135 1739 165 1749 *r

64 2435 245 2492 law
259 2436 278 2459 Ρ

303 1341 366 1379 da.
394 1342 444 1379 Et
471 1341 563 1379 istae
589 1341 833 1390 particulares
857 1341 1122 1390 dispositiones
1139 1340 1366 1377 adinventae

303 1394 517 1432 secundum
537 1394 724 1431 rationem
743 1395 968 1441 humanam,
985 1393 1160 1431 dicuntur
1177 1393 1280 1442 leges
1298 1392 1368 1429 hu-

303 1458 456 1493 manae,
485 1447 644 1484 servatis
663 1447 744 1483 aliis
763 1447 1044 1483 conditionibus
1062 1458 1161 1495 quae
1180 1445 1368 1494 pertinent

301 1499 358 1538 ad
381 1499 570 1537 rationem
602 1499 710 1558 legis,
737 1506 780 1536 ut
807 1511 924 1547 supra
940 1499 961 1521 *
989 1499 1132 1536 dictum
1160 1506 1226 1535 est.
1256 1498 1367 1535 Unde

296 1544 361 1592 et
369 1552 518 1589 Tullius
545 1552 651 1599 dicit,
681 1553 720 1589 in
747 1564 816 1589 sua
847 1553 1003 1589 Rhetor.
1023 1551 1060 1598 2,
1089 1551 1195 1600 quod
1222 1551 1367 1587 initium

297 1604 399 1643 duris
424 1610 479 1642 est
503 1617 528 1642 a
556 1611 694 1642 natura
722 1606 937 1653 profectum
957 1610 999 1649 ⁴²;
1025 1604 1157 1642 deinde
1182 1604 1368 1652 quaedam

305 1657 342 1694 in
371 1658 674 1694 consuetudinem
709 1670 759 1694 ex
795 1658 948 1694 utilitate
984 1634 1140 1694 rationis
1165 1662 1370 1701 venerunt;

298 1715 430 1758 ,vostea
462 1722 523 1747 res
554 1716 590 1747 et
615 1723 640 1748 α
673 1716 811 1748 natura
839 1712 1032 1759 profectas
1059 1715 1096 1747 et
1120 1721 1144 1747 a
1176 1715 1369 1746 consuetu-

303 1763 392 1800 dine
411 1764 597 1811 probatas
622 1763 750 1813 legum
777 1769 897 1801 metus
923 1769 960 1799 et
984 1763 1118 1812 religio
1145 1763 1283 1800 sanxit.

358 1876 387 1909 α)
396 1877 558 1910 profectum.
571 1890 591 1896 -
598 1878 748 1910 perfectum
763 1876 1038 1909 ABCDEFGIKLpl-{3
1056 1877 1134 1903 iidem
1150 1883 1211 1902 mox
1224 1876 1368 1910 perfectas,

262 1938 267 1942 .
305 1916 331 1937 et
348 1919 396 1944 pro
410 1911 551 1944 probatas,
566 1912 701 1944 prolatas.

2400 157 2468 194 155

1466 240 1524 274 AD
1552 249 1689 274 ramum
1716 247 1814 274 ERGO
1842 247 2026 273 mcENDuM
2055 235 2162 283 quod
2190 236 2284 272 ratio
2303 236 2472 272 humana

1414 302 1492 326 non
1519 298 1644 339 potest
1669 289 1893 338 participare
1928 289 1977 326 ad
2011 289 2166 338 plenum
2197 288 2387 325 dictamen
2415 301 2472 325 ra-

1413 342 1524 379 tionis
1553 343 1718 389 divinae,
1748 342 1816 379 sed
1845 354 1914 378 suo
1954 343 2072 379 modo
2102 348 2138 378 et
2164 341 2395 390 imperfecte.
2425 342 2474 377 Et

1415 394 1501 430 ideo
1530 396 1625 431 sicut
1653 407 1697 431 ex
1724 403 1830 443 parte
1857 394 2010 431 rationis
2029 394 2294 443 speculativae,
2321 406 2390 443 per
2408 406 2473 430 na-

1416 448 1574 483 turalem
1601 447 1927 496 participationem
1958 447 2106 484 divinae
2135 447 2350 496 sapientiae,
2378 447 2474 483 inest

1417 499 1526 535 nobis
1543 500 1706 547 cognitio
1725 500 1967 547 quorundam
1988 500 2251 537 communium
2272 499 2474 548 principio-

1418 563 1519 597 rum,
1549 564 1627 588 non
1656 560 1782 588 autem
1812 553 2007 589 cuiuslibet
2033 553 2200 590 veritatis
2227 553 2382 601 propria
2410 565 2473 589 co-

1417 603 1554 661 gnitio,
1584 604 1679 640 sicut
1713 604 1752 641 in
1789 605 1917 642 divina
1953 605 2135 654 sapientia
2163 606 2395 651 continetur;
2423 605 2474 642 ita

1418 655 1530 691 etiam
1552 668 1597 692 ex
1616 664 1720 704 parte
1740 657 1893 694 rationis
1912 658 2098 706 practicae
2119 659 2335 695 naturaliter
2352 660 2473 695 homo

1418 708 1615 756 participat
1651 709 1773 756 legem
1808 718 2001 746 aeternam
2037 712 2247 748 secundum
2283 711 2473 759 quaedam

1419 761 1639 797 communia
1666 761 1860 809 principia,
1889 774 1967 799 non
1995 771 2121 799 autem
2151 764 2361 801 secundum
2389 775 2474 812 par-

1417 813 1591 849 ticulares
1620 813 1843 850 directiones
1871 814 2124 862 singulorum,
2154 829 2251 864 quae
2279 824 2408 853 tamen
2435 816 2474 853 in

1418 873 1571 902 aeterna
1597 867 1678 913 lege
1708 866 1956 903 continentur.
1986 868 2034 903 Et
2060 868 2146 904 ideo
2172 881 2327 905 necesse
2347 876 2402 905 est
2419 869 2475 905 ul-

1418 918 1533 954 terius
1567 919 1671 966 quod
1707 919 1799 955 ratio
1833 920 2000 956 humana
2031 921 2211 968 procedat
2239 921 2288 958 ad
2315 921 2476 969 particu-

1418 971 1516 1007 lares
1545 972 1730 1019 quasdam
1758 972 1885 1019 legum
1915 972 2139 1009 sanctiones.

1472 1025 1531 1059 AD
1559 1035 1749 1060 SECUNDUM
1777 1035 1960 1061 DlCENDUM
1989 1026 2091 1072 quod
2119 1025 2212 1061 ratio
2234 1026 2402 1062 humana
2421 1038 2477 1062 se-

1421 1077 1590 1113 cundum
1619 1089 1658 1113 se
1687 1089 1766 1113 non
1794 1084 1850 1113 est
1878 1078 2005 1124 regula
2032 1089 2180 1114 rerum:
2210 1078 2277 1114 sed
2296 1078 2477 1126 principia

1421 1129 1454 1165 ei
1480 1129 1698 1165 naturaliter
1725 1129 1852 1175 indita,
1874 1137 1961 1166 sunt
1986 1130 2177 1177 quaedam
2198 1131 2347 1177 regulae
2366 1143 2478 1178 gene-

1420 1182 1515 1218 rales
1540 1189 1577 1218 et
1603 1194 1805 1219 mensurae
1830 1183 2004 1219 omnium
2025 1195 2160 1225 eorum
2189 1195 2287 1231 quae
2308 1191 2394 1219 sunt
2410 1195 2480 1231 per

1419 1235 1618 1271 hominem
1647 1235 1805 1282 agenda,
1834 1247 1999 1282 quorum
2028 1235 2122 1272 ratio
2150 1236 2330 1272 naturalis
2349 1243 2404 1272 est
2423 1248 2479 1272 re-

1420 1288 1506 1334 gula
1535 1295 1570 1324 et
1598 1299 1797 1334 mensura,
1827 1287 1911 1324 licet
1938 1300 2016 1325 non
2053 1288 2100 1325 sit
2129 1301 2308 1325 mensura
2345 1300 2479 1325 eorum

1421 1352 1518 1388 quae
1547 1348 1633 1376 sunt
1661 1353 1683 1376 a
1711 1347 1845 1377 natura
1863 1340 1894 1377 ³⁸.

1473 1395 1532 1429 AD
1560 1404 1720 1430 TERTmM
1751 1405 1935 1430 DICENDUM
1969 1394 2073 1441 quod
2106 1393 2198 1430 ratio
2233 1394 2396 1442 practica
2424 1402 2480 1431 est

1422 1445 1520 1482 circa
1548 1445 1772 1494 operabilia,
1802 1458 1899 1494 quae
1928 1454 2014 1482 sunt
2043 1446 2244 1493 singularia
2273 1453 2309 1482 et
2336 1446 2479 1483 contin-

1421 1498 1562 1545 gentia:
1583 1511 1661 1535 non
1679 1506 1806 1535 autem
1821 1498 1920 1535 circa
1938 1498 2162 1545 necessaria,
2178 1499 2273 1535 sicut
2287 1498 2380 1535 ratio
2396 1511 2479 1546 spe-

1423 1551 1595 1588 culativa.
1616 1552 1666 1587 Et
1678 1551 1765 1587 ideo
1782 1552 1884 1598 leges
1898 1552 2091 1588 humanae
2106 1563 2185 1588 non
2202 1558 2362 1599 possunt
2375 1551 2478 1588 illam

1422 1603 1721 1640 infallibilitatem
1743 1604 1885 1640 habere
1915 1616 2030 1652 quam
2053 1605 2196 1641 habent
2218 1604 2480 1641 conclusiones

1423 1656 1744 1693 demonstrativae
1777 1656 2028 1693 scientiarum.
2067 1658 2151 1693 Nec
2190 1664 2340 1705 oportet
2375 1657 2479 1705 quod

1423 1709 1547 1746 omnis
1567 1721 1746 1746 mensura
1765 1709 1810 1745 sit
1829 1709 1936 1746 omni
1955 1710 2074 1746 modo
2093 1709 2292 1746 infallibilis
2312 1717 2348 1746 et
2368 1717 2479 1755 certa,

1424 1762 1491 1798 sed
1515 1763 1726 1799 secundum
1746 1763 1850 1810 quod
1871 1770 1926 1798 est
1944 1762 2121 1810 possibile
2141 1762 2179 1798 in
2202 1774 2339 1810 genere
2363 1775 2432 1799 suo
2452 1760 2479 1799 β.

1477 1875 1502 1908 β)
1521 1884 1576 1901 suo.
1594 1890 1613 1895 -
1631 1876 1676 1902 illo
1694 1877 1768 1901 EFL.

979 1990 1314 2023 Commenta-ria
1335 1990 1586 2023 Cardinalis
1607 1989 1808 2022 Caietam

335 2086 358 2109 N
379 2078 519 2110 articulis
540 2077 656 2118 primo,
676 2077 816 2108 secundo
841 2084 871 2108 et
894 2077 986 2108 tertio
1005 2077 1147 2108 eiusdem
1163 2076 1366 2127 quaestionis,

309 2090 451 2162 Icouige
477 2122 568 2165 quod
590 2121 690 2152 homo
713 2121 813 2152 tribus
835 2121 958 2160 legibus
977 2129 1046 2161 eget
1069 2121 1112 2152 ad
1134 2121 1184 2152 sui
1207 2121 1367 2151 rectitudi-

305 2176 380 2196 nem
403 2165 569 2202 moralem,
585 2165 707 2196 seclusa
723 2165 907 2196 rectitudine
923 2164 1071 2206 requisita
1089 2175 1149 2206 pro
1174 2165 1298 2195 caelesti
1314 2175 1367 2205 pa-

305 2210 375 2240 tria.
393 2209 478 2240 Nam
501 2216 571 2250 eget
592 2209 660 2249 lege
684 2216 818 2245 aeterna,
838 2209 972 2239 naturali
994 2215 1025 2239 et
1042 2209 1196 2240 humana:
1221 2218 1303 2259 quae
1322 2209 1368 2239 ni-

306 2253 351 2284 hil
373 2254 459 2284 aliud
483 2260 558 2284 sunt
582 2263 680 2294 quarn
703 2252 784 2283 ratio
811 2252 935 2283 divinae
963 2252 1200 2292 gubernationis
1223 2253 1256 2283 in
1279 2252 1367 2289 Deo,

305 2298 460 2338 principia
482 2297 621 2337 practica
642 2297 824 2328 naturaliter
846 2307 902 2337 per
925 2306 958 2327 se
981 2303 1073 2334 nota,
1095 2303 1126 2327 et
1148 2297 1369 2327 conclusiones

306 2352 419 2372 eorum
442 2351 499 2382 per
522 2342 700 2372 discursum
723 2340 853 2371 rationis
875 2340 1071 2372 adinventae.
1095 2341 1222 2378 Quibus
1245 2341 1270 2372 si
1295 2351 1371 2371 con-

304 2385 454 2426 iungatur
473 2385 562 2426 quod
584 2385 701 2421 homo,
727 2395 822 2425 Super
843 2385 930 2421 haec,
955 2391 1001 2415 est
1023 2384 1186 2415 ordinatus
1210 2385 1249 2414 ad
1272 2384 1370 2415 finem

305 2430 577 2470 supernaturalem
603 2429 796 2469 adscriptura
811 2429 829 2447 *
853 2428 927 2459 civis
955 2428 1094 2459 caelestis
1117 2428 1244 2469 patriae,
1266 2429 1368 2459 mani-

306 2473 424 2505 festum
447 2473 504 2504 erit
519 2474 608 2514 quod
625 2480 751 2513 oportet
766 2473 869 2512 legem
885 2479 1030 2513 quartam
1054 2473 1272 2513 superaddere,
1291 2473 1370 2503 scili-

1421 2083 1469 2107 cet
1493 2077 1641 2113 divinam,
1658 2083 1694 2107 ut
1711 2077 1744 2107 in
1767 2083 1882 2118 quarto
1898 2077 2031 2108 articulo
2051 2077 2181 2108 dicitur:
2206 2088 2287 2118 quae
2307 2079 2483 2110 secundum

1422 2121 1631 2151 diversitatem
1664 2127 1762 2151 status
1785 2121 1926 2151 hominis
1949 2121 1982 2151 in
2012 2122 2122 2152 ordine
2149 2122 2205 2152 illo
2235 2123 2481 2162 supernaturali,

1423 2165 1566 2195 distincta
1589 2171 1635 2195 est
1657 2165 1691 2194 in
1713 2171 1851 2195 veterem
1875 2171 1905 2196 et
1928 2175 2056 2196 novam.

1477 2209 1514 2239 11.
1535 2209 1570 2238 ln
1594 2208 1801 2248 responsione
1824 2209 1863 2238 ad
1887 2209 2064 2240 secundum
2090 2209 2171 2240 tertii
2195 2210 2316 2240 articuli
2340 2211 2482 2241 eiusdem

1423 2252 1628 2293 quaestionis,
1639 2259 1716 2283 nota
1730 2252 1936 2283 differentiam
1952 2252 2032 2284 inter
2046 2263 2094 2283 res
2110 2254 2266 2284 naturales
2286 2261 2317 2284 et
2331 2255 2482 2285 morales:

1423 2297 1512 2337 quod
1535 2297 1606 2326 illae
1628 2304 1813 2327 mensurant
1836 2304 1981 2327 nostrum
2004 2297 2213 2334 intellectum,
2238 2305 2349 2339 utpote
2373 2309 2483 2329 causae

1424 2341 1507 2376 eius;
1531 2340 1667 2371 morales
1690 2351 1765 2371 vero
1788 2348 2011 2372 mensurantur
2034 2342 2073 2372 ab
2096 2342 2254 2373 intellectu
2279 2350 2400 2378 nostro,
2417 2353 2482 2372 non

1423 2394 1639 2425 quocumque,
1657 2385 1711 2414 sed
1735 2385 1868 2415 naturali
1891 2385 1993 2416 indito
2017 2395 2036 2415 a
2054 2386 2139 2422 Deo,
2164 2386 2239 2426 quia
2262 2386 2387 2417 effectus
2411 2394 2485 2417 sunt

1423 2429 1553 2459 rationis
1576 2428 1726 2459 naturalis
1748 2435 1784 2459 ut
1807 2429 1900 2469 primi
1924 2429 2070 2470 principii
2092 2430 2278 2466 moralium,
2308 2441 2388 2471 quae
2411 2437 2484 2461 sunt

1424 2483 1442 2502 a
1465 2473 1566 2503 nobis.

1086 2633 1403 2677 ARTICULUS
1433 2633 1704 2686 QUARTUS
1756 2633 1773 2643 ²

705 2727 861 2758 UTRUM
883 2726 1043 2757 FUERIT
1066 2726 1366 2758 NECESSARIUM
1390 2727 1490 2757 ESSE
1514 2727 1714 2764 ALIQUAM
1736 2726 1885 2758 LEGEM
1908 2727 2091 2758 DIVINAM

536 2802 607 2831 Part.
625 2804 644 2836 1,
663 2811 707 2837 qu.
725 2811 743 2834 ι,
763 2808 809 2830 art.
833 2812 841 2829 1
852 2812 860 2836 ;
879 2805 911 2829 11·
931 2805 982 2835 11¹⁰,

997 2812 1043 2838 qu.
1056 2812 1115 2836 xm,
1130 2809 1176 2830 art.
1200 2812 1221 2836 1,
1240 2805 1272 2830 ad
1294 2813 1320 2836 13
1340 2805 1406 2830 Part.
1426 2805 1471 2835 111,
1491 2813 1536 2838 qu.
1554 2813 1595 2836 Lx,
1614 2809 1661 2830 art.
1681 2804 1704 2834 5,
1723 2806 1755 2830 ad
1774 2804 1801 2836 33
1822 2805 1853 2830 111
1873 2805 1955 2835 Sena,
1975 2805 2033 2830 dist.
2052 2813 2142 2836 mvn,
2161 2810 2208 2830 art.
2230 2811 2255 2835 ις

1015 2840 1044 2865 In
1062 2840 1158 2865 Psalm.
1176 2847 1250 2871 mm
1268 2841 1313 2865 Aa
1333 2841 1432 2870 Galat„
1452 2849 1509 2873 cap.
1527 2848 1564 2870 111,
1585 2842 1644 2865 lect.
1661 2848 1706 2865 vn.

345 2947 406 2979 ,Νι
426 2946 496 2992 s<
521 2940 549 2966 ι)
565 2939 738 2971 QUARTUM
757 2940 811 2966 S1c
829 2939 1068 2967 PRocEmTtJR.
1089 2929 1248 2967 Videtur
1266 2930 1373 2978 quod

337 2973 425 3034 ”””ῖ,ἷ’-,Α.
419 2958 497 3042 ⁸55}
523 2993 602 3020 non
630 2981 739 3019 fuerit
755 2982 1012 3019 necessarium
1033 2994 1115 3020 esse
1135 2983 1301 3037 aliquam
1322 2983 1372 3019 le-

330 3065 339 3077 ,
359 3033 362 3039 ’
413 3050 447 3073 r
459 3020 491 3078 ‘f
504 3031 509 3036 ”
522 3045 609 3081 gem
629 3033 812 3072 divinam.
837 3034 950 3081 Quia,
969 3042 1011 3072 ut
1029 3035 1172 3073 dictum
1192 3043 1248 3072 est
1261 3035 1298 3082 *,
1312 3036 1372 3072 lex

329 3080 339 3091 '
366 3080 464 3121 ΓῘΨ)
479 3054 510 3121 Χ
523 3086 701 3124 naturalis
729 3094 785 3124 est
811 3087 1003 3134 quaedam
1026 3088 1262 3137 participatio
1282 3088 1372 3135 legis

308 3146 486 3176 aeternae
509 3138 562 3176 in
577 3139 699 3176 nobis.
729 3139 807 3177 Sed
825 3140 884 3176 lex
903 3147 1056 3176 aeterna
1075 3147 1132 3178 est
1150 3141 1209 3178 lex
1229 3140 1369 3188 divina,

307 3199 350 3228 ut
377 3191 519 3229 dictum
547 3199 605 3230 est
622 3191 654 3228 *.
683 3192 786 3239 Ergo
815 3203 894 3229 non
921 3200 1072 3240 oportet
1097 3193 1202 3242 quod
1220 3200 1372 3242 praeter

295 3245 431 3292 ‘legem
460 3245 683 3291 naturalem,
713 3252 750 3281 et
775 3244 877 3292 leges
904 3245 1093 3282 humanas
1122 3245 1170 3282 ab
1200 3257 1245 3282 ea
1274 3246 1371 3283 deri-

265 3334 270 3341 ,
303 3305 426 3344 xatas,
456 3297 503 3334 sit
529 3297 655 3346 aliqua
683 3297 755 3334 alia
782 3297 842 3334 lex
871 3296 1000 3334 divina
1020 3302 1050 3334 α.

362 3362 413 3389 2.4
428 3351 670 3398 Puer-enm,
699 3349 815 3387 Eccli.
847 3361 895 3387 xv
921 3349 942 3372 ‘¹‘
970 3349 1106 3388 dicitur
1133 3350 1240 3399 quod
1266 3352 1371 3388 Deus

308 3479 311 3482 “
361 3474 389 3507 α)
409 3475 512 3503 divina.
529 3488 547 3493 —
566 3474 627 3499 Om.
645 3474 697 3499 EF.
1397 3468 1401 3507 Ι

1427 2931 1566 2967 dimisit
1589 2930 1778 2967 hominem
1807 2930 1844 2966 in
1873 2942 1990 2966 manu
2015 2929 2159 2966 consilii
2173 2929 2244 2966 sui.
2274 2929 2484 2966 Consilium

1427 2990 1555 3019 autem
1586 2990 1641 3019 est
1668 2990 1773 3019 actus
1802 2982 1966 3028 rationis,
1987 2989 2029 3019 ut
2047 2994 2160 3030 supra
2178 2981 2198 3003 '¹‘
2224 2982 2395 3018 habitum
2415 2990 2482 3019 est.

1426 3036 1528 3083 Ergo
1556 3033 1712 3072 homo?
1739 3035 1916 3072 dimissus
1946 3042 2001 3071 est
2027 3034 2288 3082 gubernationi
2317 3046 2407 3071 suae
2426 3047 2484 3072 ra-

1426 3088 1549 3125 tionis.
1586 3089 1662 3125 Sed
1698 3087 1888 3124 dictamen
1925 3087 2078 3124 rationis
2114 3087 2305 3124 humanae
2343 3095 2399 3124 est
2425 3089 2484 3124 lex

1425 3142 1606 3186 humana,
1626 3147 1668 3176 ut
1695 3140 1838 3176 dictum
1859 3146 1913 3176 est
1930 3139 1961 3176 *.
1991 3140 2092 3186 Ergo
2113 3151 2192 3176 non
2211 3147 2360 3188 oportet
2378 3141 2484 3188 quod

1424 3194 1545 3230 homo
1573 3192 1645 3229 alia
1671 3193 1752 3239 lege
1781 3192 1910 3229 divina
1937 3192 2178 3239 gubernetur.

1481 3247 1515 3283 3.
1541 3247 1773 3291 PRAETEREA,
1801 3252 1934 3281 natura
1962 3245 2131 3281 humana
2159 3252 2215 3282 est
2238 3245 2486 3283 sufficientior

1423 3297 1697 3334 irrationalibus
1717 3297 1907 3335 creaturis.
1938 3297 2016 3334 Sed
2041 3297 2273 3334 irrationales
2293 3306 2484 3335 creaturae

1425 3363 1503 3388 non
1530 3350 1672 3386 habent
1699 3349 1867 3399 aliquam
1886 3351 2009 3398 legem
2029 3350 2197 3388 divinam
2216 3359 2364 3400 praeter
2383 3351 2485 3388 incli-

1480 3472 1506 3506 β)
1525 3474 1611 3499 homo.
1628 3488 1649 3494 —-
1666 3473 1727 3499 Om.
1746 3473 1856 3499 codices.

2505 1344 2517 1355 ⁸
2531 1344 2560 1365 D.
2575 1344 2624 1372 872.

2511 2991 2521 3000 ‘
2535 2990 2583 3018 Qu.
2592 2996 2639 3018 xxv,
2650 2993 2692 3012 art.
2706 2996 2723 3012 1.

2609 3030 2625 3064 β

2512 3150 2522 3159 ·
2535 3150 2587 3171 Art.
2602 3147 2708 3176 praeced.
