2840 4010
89 2179 98 2189 ¹
113 2178 180 2202 Vm.
193 2184 228 2207 ²7·

0 2341 22 2390 ‘vg'
0 2123 9 2323 ,„.-„„....‚-„-
0 2020 6 2111 ,Uva
0 2000 3 2006 .
0 1973 10 1980 v
0 1935 3 1946 ..
0 1888 2 1890 .
0 1851 4 1860 -

90 2497 99 2507 ¹
113 2495 180 2518 Ven-
195 2496 218 2523 8,
233 2502 265 2518 10.

90 2551 100 2561 ·
114 2549 180 2571 Ven.
195 2555 225 2578 31,
239 2555 273 2587 33..

86 3080 97 3091 ⁸
105 3079 162 3108 Cap.
170 3086 220 3108 vni,
229 3086 252 3103 n.
261 3080 297 3102 6.-

87 3106 156 3129 STh.
171 3107 224 3129 lect.
238 3113 271 3129 ix.

1035 132 1301 178 QUAESTIO
1331 133 1431 180 CVI,
1460 133 1756 171 ARTICULUS
1786 135 1799 170 Ι

2432 136 2505 182 273

813 311 1226 399 QUAESTIO
1265 321 2024 380 CENTESIMASEXTA

391 449 475 490 DE
507 449 669 490 LEGE
703 448 1110 496 EVANGELICA,
1146 446 1317 498 QUAE
1349 448 1597 489 DICITUR
1626 450 1746 490 LEX
1779 451 1965 499 ΝονΑ,
2001 451 2338 494 SECUNDUM
2372 453 2445 494 SE

1114 565 1149 590 ΙΝ
1178 565 1352 596 QUATUOR
1379 566 1580 592 ARTICULOS
1609 569 1723 593 DIVlSA

412 681 675 712 ONSEQUENTER
707 666 1026 705 considerandum
1059 675 1115 704 est
1149 668 1196 705 de
1229 669 1310 716 lege
1344 668 1394 704 E-

254 753 274 770 c,
333 680 585 771 Cvangelii,
611 722 714 770 quod
730 726 748 743 α
774 720 908 758 dicitur
926 721 986 757 lex
1010 733 1113 758 nova
1124 722 1156 758 ⁴*.
1178 722 1227 757 Et
1252 720 1389 770 primo,

332 776 378 813 de
397 776 479 825 ipsa
498 774 709 812 secundum
729 786 791 820 se;
821 774 1003 821 secundo,
1026 773 1071 811 de
1094 774 1176 823 ipsa
1194 786 1263 823 per
1287 786 1391 810 com—

330 828 566 877 parationem
600 827 649 864 ad
685 828 806 874 legem
839 834 1012 863 veterem
1031 826 1069 873 *3
1097 826 1228 874 tertio,
1259 826 1306 863 de
1333 826 1391 863 his

331 893 430 929 quae
458 881 495 917 in
523 881 604 928 lege
634 892 737 916 nova
766 879 1005 916 continentur
1022 880 1053 916 *.

331 933 442 970 Circa
467 932 637 982 primurn
666 940 899 981 quaeruntur
926 940 1100 981 quatuor.

375 986 522 1023 Primo:
535 985 655 1034 qualis
666 985 723 1032 sit,
732 993 861 1022 utrum
873 985 1012 1022 scilicet
1020 983 1035 1014 β
1045 984 1181 1034 scripta
1190 983 1252 1021 vel
1262 983 1390 1020 indita.

1502 670 1696 707 Secundo:
1728 671 1774 708 de
1803 672 1938 709 virtute
1969 673 2059 720 eius,
2089 682 2216 711 utrum
2246 676 2430 712 iustificet.

1502 735 1649 771 Tertio:
1679 736 1726 772 de
1755 735 1939 784 principio
1961 737 2052 784 eius,
2081 746 2208 775 utrum
2234 739 2406 777 debuerit
2426 740 2505 777 dari

1554 810 1576 834 a
1603 798 1787 846 principio
1818 800 1962 836 mundi.

1501 861 1664 907 Quarto:
1695 861 1741 898 de
1762 862 1924 898 termino
1946 863 2037 908 eius,
2062 871 2188 901 utrum
2211 865 2349 902 scilicet
2375 866 2420 903 sit
2440 867 2506 903 du-

1554 931 1678 960 ratura
1703 936 1825 972 usque
1845 925 1893 961 ad
1913 926 2043 972 finem,
2065 939 2113 962 an
2141 927 2278 964 debeat
2297 929 2330 964 ei
2357 929 2426 965 alia
2447 930 2505 966 lex

1555 985 1770 1022 succedere.

1141 1092 1458 1135 ARTICULUS
1490 1093 1694 1135 PRIMUS

1013 1194 1169 1226 UTRUM
1191 1193 1275 1224 LEX
1297 1192 1419 1224 NovA
1443 1193 1510 1224 SIT
1534 1194 1617 1224 LEX
1642 1194 1822 1226 SCRIPTA

604 1284 660 1308 Art.
679 1290 751 1316 seq.;
770 1290 816 1315 qu.
834 1289 896 1314 cvu,
915 1287 962 1307 art.
984 1290 1005 1312 ι,
1024 1283 1056 1306 ad
1077 1289 1100 1313 2,
1120 1281 1148 1313 3;
1167 1288 1213 1314 qu.
1230 1287 1302 1312 cvm,
1321 1285 1368 1305 art.
1392 1288 1417 1310 ις
1436 1280 1457 1305 11
1479 1281 1548 1310 Cor„
1571 1289 1626 1314 cap.
1643 1289 1681 1311 111,
1701 1282 1758 1307 lect.
1777 1289 1810 1312 ¹¹3
1828 1283 1872 1308 Ad
1890 1283 1966 1313 Heb„
1986 1291 2042 1316 cap.
2060 1292 2115 1316 vm,
2134 1285 2192 1310 lect.
2210 1293 2238 1311 n.

364 1388 372 1396 x
419 1392 424 1414 ;
448 1392 488 1416 ss,
543 1384 567 1408 D
594 1383 732 1409 Pitinum
759 1383 814 1408 stc
841 1382 1081 1408 PROCEmTUR.
1110 1370 1267 1408 Videtur
1285 1369 1390 1417 quod

360 1422 365 1431 ‘
383 1436 387 1477 j
405 1436 445 1474 ’ἦ
473 1419 514 1468 f‘fit
543 1425 603 1466 lex
625 1436 729 1462 nova
748 1423 794 1461 sit
813 1425 872 1460 lex
895 1424 1045 1472 scripta.
1066 1424 1146 1460 Lex
1165 1422 1267 1460 enim
1287 1434 1390 1460 nova

350 1482 358 1520 ’,
368 1476 469 1523 ’ἐς
482 1464 513 1515 ’ἃ
543 1484 600 1514 est
613 1477 741 1526 ipsum
757 1477 1024 1525 Evangelium.
1041 1476 1118 1514 Sed
1137 1475 1390 1524 Evangelium

353 1517 486 1567 1⁴¹⁹>
502 1523 600 1567 &est
625 1530 874 1579 descriptum:
900 1531 1004 1567 Ioan.
1025 1541 1073 1566 xx
1086 1529 1117 1577 ²⁸,
1136 1529 1248 1566 Haec
1265 1535 1390 1566 autem

327 1583 466 1631 scripta
498 1589 586 1620 sunt
612 1589 653 1620 ut
681 1583 849 1620 credatis.
884 1584 986 1630 Ergo
1015 1583 1074 1619 lex
1108 1594 1211 1620 nova
1242 1589 1298 1619 est
1333 1583 1391 1619 lex

329 1635 478 1684 scripta.

384 1700 420 1726 2.
440 1689 674 1735 PRAETEREA,
693 1690 753 1726 lex
770 1688 887 1726 indita
907 1696 962 1725 est
981 1689 1039 1725 lex
1059 1695 1232 1735 naturae;
1257 1700 1391 1725 seeun-

330 1741 422 1778 dum
450 1741 542 1779 illud
578 1743 690 1780 Rom.
721 1754 744 1779 11
762 1742 799 1778 *ε
827 1742 1066 1779 Naturaliter
1091 1753 1136 1778 ea
1163 1753 1261 1790 quae
1297 1741 1390 1791 legis

328 1800 417 1831 sunt
430 1795 597 1843 faciunt,
625 1795 691 1843 qui
702 1800 718 1823 Υ
745 1795 884 1832 habent
909 1806 1001 1843 opus
1030 1794 1122 1844 legis
1147 1795 1324 1843 scriptum
1351 1795 1388 1831 in

329 1848 503 1885 cordibus
521 1849 607 1885 suis.
630 1847 670 1884 Si
697 1847 808 1896 igitur
834 1848 893 1884 lex
908 1847 1107 1895 Evangelii
1125 1855 1223 1884 esset
1249 1848 1307 1884 lex
1335 1848 1390 1884 in-

329 1900 417 1947 dita,
438 1913 517 1938 non
545 1901 713 1938 differret
740 1913 762 1938 a
790 1901 871 1948 lege
900 1908 1067 1938 naturae.

385 1955 420 1991 3.
442 1955 674 2000 PRAETEREA,
694 1954 754 1991 lex
782 1953 980 2001 Evangelii
1006 1953 1160 2003 propria
1179 1961 1234 1990 est
1254 1966 1388 1991 eorum

328 2006 394 2055 qui
422 2014 510 2044 sunt
529 2007 569 2044 in
592 2014 690 2044 statu
709 2007 802 2044 novi
826 2007 1053 2044 testamenti.
1088 2007 1166 2044 Sed
1188 2007 1248 2044 lex
1272 2007 1390 2044 indita

329 2060 546 2097 communis
577 2068 632 2098 est
658 2068 695 2098 et
713 2060 767 2097 eis
787 2059 851 2109 qui
876 2067 963 2097 sunt
990 2060 1028 2097 in
1053 2072 1157 2097 novo
1189 2067 1391 2097 testamen-

327 2120 380 2160 to,
409 2120 446 2150 et
473 2113 528 2150 eis
555 2113 620 2162 qui
649 2121 735 2151 sunt
766 2113 804 2150 in
828 2113 949 2150 veteri
982 2120 1225 2150 testamento:
1256 2113 1390 2151 dicitur

329 2165 432 2203 enim
451 2167 540 2215 Sap.
560 2178 609 2203 vu
625 2168 656 2214 ¹²,
683 2166 789 2216 quod
819 2166 946 2203 divina
971 2166 1156 2215 sapientia
1175 2178 1250 2214 per
1273 2167 1391 2204 natio-

327 2231 392 2256 nes
420 2219 458 2256 in
485 2219 634 2257 animas
663 2225 813 2256 sanctas
843 2231 884 2255 se
910 2220 1108 2267 transfert,
1140 2219 1282 2256 amicos
1315 2221 1391 2257 Dei

327 2277 364 2308 et
383 2273 587 2320 prophetas
613 2272 808 2311 constituit.
837 2272 939 2320 Ergo
959 2272 1019 2309 lex
1037 2284 1140 2319 nova
1159 2285 1237 2310 non
1257 2280 1312 2310 est
1330 2273 1390 2310 lex

327 2325 455 2363 indita.

382 2379 457 2416 SED
490 2390 636 2415 CONTRA
663 2390 730 2416 EST
757 2378 863 2427 quod
890 2378 949 2414 lex
983 2390 1088 2416 nova
1121 2386 1176 2415 est
1203 2379 1262 2416 lex
1295 2379 1388 2416 novi

327 2431 552 2468 testamenti.
583 2431 661 2468 Sed
689 2432 748 2468 lex
776 2431 867 2468 novi
895 2431 1110 2468 testamenti
1138 2439 1194 2468 est
1211 2431 1327 2469 indita
1351 2432 1389 2470 in

328 2484 456 2523 eorde.
485 2484 693 2533 Apostolus
722 2484 845 2531 enim,
874 2484 926 2521 ad
942 2484 1167 2532 Heb.v111*,
1198 2484 1304 2531 dicit,
1333 2485 1389 2522 in-

328 2537 472 2575 ducens
497 2537 758 2574 auctoritatem
780 2549 877 2586 quae
905 2537 1068 2574 habetur
1095 2538 1229 2575 Ierem.
1249 2550 1332 2575 xxx1
1351 2538 1387 2575 *ε

325 2591 426 2628 Ecce
451 2591 528 2627 dies
555 2591 714 2636 venient,
736 2591 825 2627 dicit
849 2590 1048 2637 Dominus,
1069 2596 1106 2627 et
1121 2592 1388 2628 consummabo

325 2655 439 2692 super
465 2643 619 2680 domum
646 2643 768 2680 Israel
785 2649 822 2680 et
845 2655 959 2691 super
976 2643 1130 2680 domum
1157 2644 1255 2681 Iuda
1282 2649 1391 2681 testa-

326 2701 493 2733 mentum
513 2707 675 2733 nouum:
699 2703 736 2733 et
764 2708 958 2745 exponens
978 2696 1069 2744 quid
1083 2694 1097 2718 ὅ
1117 2696 1161 2733 sit
1178 2697 1254 2734 hoc
1280 2704 1390 2734 testa-

327 2756 522 2796 mentum,
557 2748 662 2785 dicit:
696 2749 793 2791 Quia
820 2750 892 2786 hoc
923 2754 977 2785 est
1001 2754 1258 2786 testamentum
1291 2750 1393 2798 quod

326 2802 522 2850 disponam
561 2801 692 2838 domui
720 2801 842 2839 Israel
848 2815 861 2838 .·
895 2802 1020 2838 dando
1039 2807 1052 2823 ⁸
1081 2801 1181 2852 leges
1217 2814 1320 2840 meas
1352 2803 1389 2839 in

326 2861 487 2892 mentem
513 2866 656 2899 eorum,
690 2860 726 2891 et
747 2855 784 2891 in
817 2855 930 2892 corde
952 2866 1083 2891 eorum
1114 2856 1389 2904 superscribam

326 2919 402 2945 eas.
431 2908 535 2955 Ergo
562 2908 623 2944 lex
654 2919 759 2944 nova
786 2915 843 2944 est
869 2908 929 2944 lex
957 2907 1086 2945 indita.

380 2962 606 2998 REsponnEo
626 2972 810 2998 DiCENDUM
829 2961 934 3009 quod
954 2972 1201 3009 unaquaeque
1218 2973 1278 2998 res
1297 2961 1390 2998 illud

325 3014 473 3051 videtur
495 3025 574 3050 esse
600 3014 702 3062 quod
727 3013 765 3050 in
784 3025 830 3050 ea
857 3019 912 3050 est
931 3014 1179 3062 potissimum,
1199 3021 1241 3051 ut
1259 3014 1386 3051 Philo-

327 3067 472 3116 sophus
505 3066 611 3113 dicit,
641 3066 680 3103 in
709 3067 761 3103 IX
788 3066 908 3103 Ethic.
925 3066 945 3088 ’¹‘
972 3066 1014 3103 Id
1043 3074 1170 3103 autem
1198 3067 1305 3114 quod
1333 3075 1388 3104 est

325 3119 564 3169 potissimum
595 3119 635 3156 in
662 3120 743 3167 lege
778 3119 870 3156 novi
905 3119 1141 3165 testamenti,
1175 3126 1212 3156 et
1243 3119 1282 3156 in
1309 3131 1387 3168 quo

325 3181 404 3210 tota
422 3173 542 3210 virtus
562 3172 643 3209 eius
663 3172 841 3218 consistit,
863 3179 917 3209 est
931 3171 1048 3220 gratia
1066 3171 1225 3220 Spiritus
1245 3173 1386 3220 Sancti,

380 3285 406 3318 α)
427 3285 507 3317 quod.
518 3299 536 3304 -
549 3292 617 3318 quae
636 3285 714 3310 PFIa.

379 3320 404 3355 β)
424 3321 532 3346 scilicet.
544 3334 562 3339 -
580 3321 615 3345 sit
634 3321 692 3350 KL,
711 3320 809 3345 scilicet
827 3320 863 3345 sit
881 3320 926 3345 Ρα.

377 3357 405 3390 γ)
425 3356 478 3388 qui.
493 3369 510 3374 -
522 3356 585 3388 quia
603 3356 655 3380 EF.
667 3369 686 3375 -—
703 3355 831 3387 scriptum
850 3363 904 3380 orn.
924 3355 1034 3380 codices.

378 3391 403 3426 ὅ)
423 3391 496 3424 quid.
509 3405 526 3410 -
546 3391 616 3424 quod
635 3391 835 3420 PABCDGILa;
853 3394 879 3415 et
897 3397 993 3422 super.
1005 3408 1011 3415 .
1023 3408 1029 3414 .
1050 3390 1134 3414 Israel
1152 3398 1204 3415 om.
1225 3391 1256 3414 H.

379 3429 401 3460 ε)
421 3427 520 3451 dando.
539 3440 557 3445 -
581 3427 650 3451 dabo
670 3427 703 3456 Ρ;
729 3434 776 3459 pro
801 3429 928 3454 mentem,
954 3428 1040 3450 mente
1058 3425 1263 3456 ABCEFGIKL,
1287 3428 1386 3450 mentes

326 3462 363 3486 Pa
369 3469 378 3492 ,⁶
396 3470 443 3494 pro
461 3462 549 3491 corde,
568 3462 651 3487 corda
670 3461 865 3486 PABCDGlLa.

468 3515 577 3539 SmumE
595 3514 697 3539 Tin-201..
716 3514 747 3538 D.
759 3513 875 3538 TnouAE
894 3513 926 3538 T.
946 3513 987 3537 lV.

1446 1381 1543 1418 quae
1573 1370 1682 1406 datur
1704 1382 1773 1419 per
1798 1371 1916 1408 fidem
1947 1372 2096 1409 Christi.
2127 1374 2175 1410 Et
2203 1374 2290 1411 ideo
2318 1375 2506 1425 principa-

1446 1423 1528 1458 liter
1544 1423 1603 1459 lex
1623 1435 1726 1460 nova
1746 1431 1801 1460 est
1823 1424 1905 1473 ipsa
1923 1425 2040 1472 gratia
2069 1426 2227 1474 Spiritus
2248 1428 2386 1475 Sancti,
2407 1441 2506 1477 quae

1448 1475 1557 1511 datur
1583 1475 1718 1512 Christi
1746 1476 1935 1514 fidelibus.
1965 1478 2014 1514 Et
2031 1479 2107 1515 hoc
2126 1479 2322 1516 manifeste
2351 1490 2507 1530 apparet

1446 1539 1515 1577 per
1541 1529 1783 1576 Apostolum,
1813 1530 1889 1577 qui,
1915 1531 1966 1567 ad
1982 1531 2094 1568 Rom.
2117 1544 2152 1568 111
2169 1533 2201 1579 ²¹²,
2226 1533 2331 1570 dicit:
2365 1535 2439 1572 Ubi
2455 1541 2509 1572 est
2534 1551 2541 1558 ·
2582 1558 2618 1574 ers
2641 1559 2652 1574 2

1447 1592 1539 1630 ergo
1553 1581 1730 1630 gloriatio
1750 1582 1841 1619 tua?
1857 1583 2026 1620 Exclusa
2045 1590 2108 1621 est.
2132 1586 2206 1621 Per
2224 1597 2338 1633 quam
2357 1587 2507 1637 Iegem?

1445 1634 1676 1671 Factorum?
1690 1635 1781 1672 Non
1797 1634 1827 1672 3:
1844 1636 1911 1672 sed
1917 1648 1990 1684 per
2003 1637 2126 1686 Iegem
2130 1638 2243 1685 fidei:
2262 1639 2384 1687 ipsam
2402 1641 2504 1677 enim

1446 1687 1537 1724 fidei
1569 1687 1728 1735 gratiam
1763 1688 1884 1738 legem
1923 1690 2096 1738 appellat.
2132 1692 2181 1727 Et
2214 1692 2424 1740 expressius
2456 1694 2508 1730 ad

1445 1741 1556 1777 Rom.
1573 1752 1632 1777 vm
1651 1739 1672 1762 ³¹³
1700 1740 1850 1778 dicitur:
1879 1742 1964 1778 Lex
1991 1743 2148 1790 Spiritus
2174 1745 2273 1781 vitae
2299 1746 2336 1782 in
2361 1746 2506 1783 Christo
2534 1763 2541 1771 ·
2581 1768 2615 1783 ers

1445 1793 1530 1829 Iesu
1558 1793 1729 1830 liberavit
1753 1806 1814 1830 me
1836 1806 1859 1831 a
1885 1794 1968 1844 lege
1989 1796 2137 1843 peccati
2162 1802 2198 1832 et
2223 1798 2363 1835 mortis.
2393 1799 2504 1836 Unde

1446 1853 1482 1882 et
1501 1846 1733 1893 Augustinus
1753 1847 1852 1894 dicit,
1873 1847 1912 1884 in
1931 1847 2027 1885 libro
2047 1849 2092 1885 de
2110 1849 2250 1897 Spiritu
2270 1856 2307 1886 et
2316 1851 2470 1897 Littera,
2486 1852 2506 1873 *

1446 1900 1549 1947 quod
1575 1899 1672 1936 sicut
1696 1900 1759 1936 lex
1772 1901 1974 1948 sactorum
2005 1902 2144 1950 scripta
2164 1907 2182 1929 η
2205 1903 2282 1949 fuit
2307 1903 2343 1940 in
2373 1905 2507 1941 tabulis

1444 1952 1609 2000 lapideis,
1639 1953 1689 1989 ita
1719 1952 1781 1989 lex
1796 1954 1896 2000 fidei
1919 1954 2058 2002 scripta
2086 1961 2140 1991 est
2160 1955 2197 1991 in
2217 1957 2391 1993 cordibus
2406 1958 2506 2004 fide-

1445 2005 1547 2042 lium.
1577 2006 1626 2041 Et
1647 2005 1735 2042 alibi
1755 2005 1843 2043 dicit
1866 2006 1904 2043 in
1935 2007 2074 2044 eodem
2103 2007 2198 2044 libro
2220 2008 2257 2045 *z
2291 2009 2397 2051 Quae
2421 2017 2507 2047 sunt
2532 2021 2538 2029 ·
2577 2026 2589 2041 a
2629 2026 2657 2040 xx

1444 2058 1544 2107 leges
1571 2058 1646 2094 Dei
1671 2059 1719 2095 ab
1747 2059 1825 2107 ipso
1853 2060 1936 2096 Deo
1963 2060 2123 2108 scriptae
2150 2061 2187 2098 in
2217 2062 2404 2108 cordibus,
2435 2064 2507 2100 nisi

1444 2112 1523 2159 ipsa
1545 2112 1760 2158 praesentia
1788 2112 1946 2160 Spiritus
1972 2113 2130 2162 Sancti?

1499 2165 1624 2200 Habet
1652 2172 1781 2201 tamen
1809 2165 1868 2201 lex
1895 2177 1999 2202 nova
2023 2167 2214 2214 quaedam
2233 2167 2330 2203 sicut
2349 2167 2506 2217 disposi-

1443 2217 1520 2254 tiva
1540 2217 1588 2254 ad
1608 2217 1766 2265 gratiam
1789 2217 1946 2266 Spiritus
1967 2219 2106 2266 Sancti,
2128 2227 2164 2255 et
2183 2219 2231 2256 ad
2250 2232 2364 2257 usum
2392 2221 2505 2258 huius

1444 2270 1582 2318 gratiae
1611 2270 1848 2319 pertinentia,
1869 2283 1968 2320 quae
1992 2279 2079 2309 sunt
2098 2272 2205 2321 quasi
2225 2273 2448 2311 secundaria
2466 2274 2505 2311 in

1444 2325 1525 2371 lege
1541 2336 1655 2371 nova,
1673 2323 1720 2361 de
1735 2324 1874 2372 quibus
1889 2325 2056 2373 oportuit
2073 2325 2205 2362 instrui
2219 2325 2353 2363 fideles
2369 2327 2506 2364 Christi

1446 2384 1481 2413 et
1508 2376 1635 2413 verbis
1668 2384 1703 2413 et
1736 2377 1903 2425 scriptis,
1934 2385 2012 2414 tam
2044 2378 2142 2415 circa
2170 2379 2361 2416 credenda
2389 2392 2505 2428 quam

1446 2430 1543 2466 circa
1563 2430 1720 2477 agenda.
1750 2431 1799 2466 Et
1817 2430 1905 2467 ideo
1927 2430 2131 2468 dicendum
2157 2439 2212 2468 est
2239 2432 2342 2480 quod
2370 2433 2506 2481 princi-

1444 2482 1578 2531 paliter
1604 2494 1708 2519 nova
1733 2483 1792 2519 lex
1813 2491 1868 2520 est
1895 2484 1955 2520 lex
1974 2484 2101 2531 indita,
2123 2485 2348 2522 secundario
2376 2494 2505 2523 autem

1446 2543 1501 2572 est
1527 2536 1586 2572 lex
1610 2535 1758 2584 scripta.

1498 2590 1556 2625 AD
1590 2586 1727 2626 ptumum
1759 2600 1857 2625 ERGO
1898 2601 2082 2627 mcENDUM
2110 2590 2214 2637 quod
2246 2590 2284 2627 in
2321 2590 2504 2639 scriptura

1445 2641 1642 2689 Evangelii
1662 2653 1740 2678 non
1767 2642 2006 2679 continentur
2028 2642 2099 2679 nisi
2127 2655 2171 2679 ea
2200 2655 2298 2690 quae
2317 2643 2505 2691 pertinent

1445 2695 1492 2732 ad
1508 2694 1665 2742 gratiam
1681 2694 1841 2743 Spiritus
1857 2695 1984 2732 Sancti
1999 2696 2060 2732 vel
2080 2695 2175 2732 sicut
2194 2695 2424 2744 dispositiva,
2441 2698 2504 2734 vel

1445 2748 1540 2785 sicut
1572 2747 1785 2784 ordinativa
1813 2748 1862 2785 ad
1872 2746 1894 2778 ,θ
1922 2761 2035 2785 usum
2070 2748 2181 2785 huius
2213 2749 2363 2796 gratiae.
2400 2749 2505 2786 Sicut

1446 2800 1665 2849 dispositiva
1694 2800 1850 2849 quidem
1879 2809 2064 2849 quantum
2098 2801 2146 2838 ad
2174 2801 2403 2838 intellectum
2436 2814 2505 2851 per

1444 2855 1575 2901 fidem,
1590 2865 1659 2906 per
1678 2866 1795 2902 quarn
1815 2853 1925 2890 datur
1949 2854 2107 2903 Spiritus
2123 2854 2249 2891 Sancti
2269 2854 2397 2902 gratia,
2414 2867 2504 2892 con-

1444 2907 1608 2944 tinentur
1634 2907 1673 2943 in
1702 2906 1912 2954 Evangelio
1934 2919 1978 2943 ea
2011 2919 2108 2955 quae
2137 2906 2324 2955 pertinent
2351 2908 2399 2944 ad
2423 2920 2503 2945 ma-

1444 2959 1696 2997 nifestandam
1723 2959 1958 2997 divinitatem
1980 2960 2042 2996 vel
2062 2959 2337 2997 humanitatem
2353 2961 2502 2998 Christi.

1445 3013 1666 3050 Secundum
1690 3012 1868 3049 affectum
1883 3024 1989 3059 vero,
2007 3012 2244 3050 continentur
2266 3012 2304 3050 in
2329 3013 2504 3062 Evange-

1442 3066 1491 3103 lio
1513 3078 1558 3102 ea
1577 3077 1675 3114 quae
1695 3065 1883 3114 pertinent
1902 3066 1951 3102 ad
1979 3073 2241 3114 contemptum
2270 3066 2415 3114 mundi,
2435 3079 2504 3116 per

1443 3130 1558 3168 quern
1589 3119 1709 3155 homo
1738 3118 1781 3154 fit
1817 3130 1935 3166 capax
1963 3118 2103 3165 gratiae
2133 3118 2292 3168 Spiritus
2325 3120 2452 3157 Sancti
2472 3126 2502 3157 ‘:

1442 3171 1603 3208 mundus
1627 3170 1741 3217 enirn,
1768 3170 1865 3207 idest
1893 3178 2083 3208 amatores
2111 3171 2256 3219 mundi,
2287 3184 2360 3209 non
2383 3178 2507 3221 potest

1493 3284 1519 3317 ζ)
1540 3285 1591 3308 Per
1609 3291 1688 3316 quam
1707 3283 1817 3317 legem?
1840 3283 2008 3310 Factorum?
2026 3284 2184 3309 Nom—non
2201 3292 2253 3317 per
2271 3286 2355 3319 legem
2363 3287 2502 3319 factorum

1441 3319 1520 3349 EFL,
1537 3326 1587 3351 per
1605 3320 1689 3352 legem
1701 3320 1840 3352 sactorum
1861 3326 1912 3344 non
1933 3319 1951 3344 1.

1494 3354 1521 3387 η)
1540 3354 1650 3386 scripta.
1667 3368 1686 3373 -
1704 3354 1766 3380 Om.
1785 3354 1896 3380 codices.

1494 3387 1518 3423 Θ)
1539 3389 1693 3414 ordinatim
1712 3390 1757 3415 ad.
1770 3403 1789 3409 -
1806 3390 1961 3415 ordinativa
1981 3390 2038 3420 FK,
2057 3390 2214 3415 ordinantia
2233 3392 2318 3416 ceteri.

1494 3424 1513 3459 ι)
1533 3425 1640 3457 gratiae
1659 3425 1778 3457 Spiritus
1797 3425 1899 3451 Sancti.
1912 3439 1931 3444 —
1951 3425 2068 3457 Spiritus
2087 3426 2181 3451 Sancti
2198 3427 2290 3459 gratia
2310 3427 2356 3451 Pa.

2534 1866 2605 1893 'Cup.
2615 1872 2678 1888 xxxv.
2685 1877 2697 1882 -
2704 1867 2742 1888 Cf.

2534 1898 2559 1912 ca
2578 1907 2583 1913 .
2599 1899 2655 1919 xvn,
2670 1899 2732 1915 xxvx.
