<?xml version="1.0" encoding="UTF-8"?>
<!DOCTYPE html PUBLIC "-//W3C//DTD XHTML 1.0 Transitional//EN"
    "http://www.w3.org/TR/xhtml1/DTD/xhtml1-transitional.dtd">
<html xmlns="http://www.w3.org/1999/xhtml" xml:lang="en" lang="en">
 <head>
  <title>
</title>
<meta http-equiv="Content-Type" content="text/html;charset=utf-8" />
  <meta name='ocr-system' content='tesseract 3.04.00' />
  <meta name='ocr-capabilities' content='ocr_page ocr_carea ocr_par ocr_line ocrx_word'/>
</head>
<body>
  <div class='ocr_page' id='page_1' title='image "./operaomniaiussui07thom/operaomniaiussui07thom_0032.png"; bbox 0 0 2840 4010; ppageno 0'>
   <div class='ocr_carea' id='block_1_1' title="bbox 107 1092 211 1113">
    <p class='ocr_par' dir='ltr' id='par_1_1' title="bbox 107 1092 211 1113">
     <span class='ocr_line' id='line_1_1' title="bbox 107 1092 211 1113; baseline -0.019 1"><span class='ocrx_word' id='word_1_1' title='bbox 107 1093 115 1102; x_wconf 91' lang='lat'>&#39;¹</span> <span class='ocrx_word' id='word_1_2' title='bbox 129 1092 180 1113; x_wconf 78' lang='lat' dir='ltr'>Art.</span> <span class='ocrx_word' id='word_1_3' title='bbox 195 1097 211 1112; x_wconf 79' lang='grc' dir='ltr'>ι.</span> 
     </span>
    </p>
   </div>
   <div class='ocr_carea' id='block_1_2' title="bbox 342 191 391 226">
    <p class='ocr_par' dir='ltr' id='par_1_2' title="bbox 342 191 391 226">
     <span class='ocr_line' id='line_1_2' title="bbox 342 191 391 226; baseline 0 0"><span class='ocrx_word' id='word_1_4' title='bbox 342 191 391 226; x_wconf 88' lang='lat'>24</span> 
     </span>
    </p>
   </div>
   <div class='ocr_carea' id='block_1_3' title="bbox 343 258 1400 867">
    <p class='ocr_par' dir='ltr' id='par_1_3' title="bbox 343 258 1399 518">
     <span class='ocr_line' id='line_1_3' title="bbox 397 258 1398 300; baseline -0.009 -8"><span class='ocrx_word' id='word_1_5' title='bbox 397 261 457 292; x_wconf 90' lang='lat' dir='ltr'>Sed</span> <span class='ocrx_word' id='word_1_6' title='bbox 483 261 544 292; x_wconf 92' lang='lat' dir='ltr'>hoc</span> <span class='ocrx_word' id='word_1_7' title='bbox 566 260 645 290; x_wconf 89' lang='lat' dir='ltr'>nihil</span> <span class='ocrx_word' id='word_1_8' title='bbox 669 267 729 291; x_wconf 87' lang='lat' dir='ltr'>est:</span> <span class='ocrx_word' id='word_1_9' title='bbox 754 259 828 300; x_wconf 90' lang='lat' dir='ltr'>quia</span> <span class='ocrx_word' id='word_1_10' title='bbox 847 265 972 299; x_wconf 88' lang='lat' dir='ltr'>peccata</span> <span class='ocrx_word' id='word_1_11' title='bbox 996 258 1052 289; x_wconf 90' lang='lat' dir='ltr'>ista</span> <span class='ocrx_word' id='word_1_12' title='bbox 1076 263 1149 287; x_wconf 89' lang='lat' dir='ltr'>sunt</span> <span class='ocrx_word' id='word_1_13' title='bbox 1171 262 1297 294; x_wconf 87' lang='lat' dir='ltr'>peccata</span> <span class='ocrx_word' id='word_1_14' title='bbox 1312 264 1398 284; x_wconf 89' lang='lat' dir='ltr'>com-</span> 
     </span>
     <span class='ocr_line' id='line_1_4' title="bbox 346 298 1398 340; baseline -0.009 -4"><span class='ocrx_word' id='word_1_15' title='bbox 346 305 516 336; x_wconf 88' lang='lat' dir='ltr'>missionis.</span> <span class='ocrx_word' id='word_1_16' title='bbox 541 304 695 335; x_wconf 86' lang='lat' dir='ltr'>Occidens</span> <span class='ocrx_word' id='word_1_17' title='bbox 719 303 804 333; x_wconf 88' lang='lat' dir='ltr'>enim</span> <span class='ocrx_word' id='word_1_18' title='bbox 827 302 992 333; x_wconf 90' lang='lat' dir='ltr'>hominem</span> <span class='ocrx_word' id='word_1_19' title='bbox 1015 299 1192 340; x_wconf 88' lang='lat' dir='ltr'>improvide</span> <span class='ocrx_word' id='word_1_20' title='bbox 1211 298 1398 337; x_wconf 83' lang='lat' dir='ltr'>sagittando,</span> 
     </span>
     <span class='ocr_line' id='line_1_5' title="bbox 344 341 1399 387; baseline -0.009 -7"><span class='ocrx_word' id='word_1_21' title='bbox 344 349 450 381; x_wconf 79' lang='lat' dir='ltr'>dicens</span> <span class='ocrx_word' id='word_1_22' title='bbox 474 348 595 379; x_wconf 87' lang='lat' dir='ltr'>malum</span> <span class='ocrx_word' id='word_1_23' title='bbox 619 348 656 378; x_wconf 90' lang='lat' dir='ltr'>de</span> <span class='ocrx_word' id='word_1_24' title='bbox 680 346 824 387; x_wconf 89' lang='lat' dir='ltr'>proximo</span> <span class='ocrx_word' id='word_1_25' title='bbox 854 355 919 375; x_wconf 91' lang='lat' dir='ltr'>non</span> <span class='ocrx_word' id='word_1_26' title='bbox 943 344 1049 374; x_wconf 90' lang='lat' dir='ltr'>animo</span> <span class='ocrx_word' id='word_1_27' title='bbox 1074 341 1272 378; x_wconf 88' lang='lat' dir='ltr'>detrahendi,</span> <span class='ocrx_word' id='word_1_28' title='bbox 1298 342 1399 372; x_wconf 91' lang='lat' dir='ltr'>absol-</span> 
     </span>
     <span class='ocr_line' id='line_1_6' title="bbox 343 387 1398 432; baseline -0.009 -9"><span class='ocrx_word' id='word_1_29' title='bbox 343 403 418 423; x_wconf 90' lang='lat' dir='ltr'>vens</span> <span class='ocrx_word' id='word_1_30' title='bbox 441 393 620 432; x_wconf 82' lang='lat' dir='ltr'>ignoranter</span> <span class='ocrx_word' id='word_1_31' title='bbox 639 391 777 431; x_wconf 84' lang='lat' dir='ltr'><strong>aliquem</strong></span> <span class='ocrx_word' id='word_1_32' title='bbox 801 400 818 419; x_wconf 92' lang='lat' dir='ltr'>a</span> <span class='ocrx_word' id='word_1_33' title='bbox 841 395 969 428; x_wconf 89' lang='lat' dir='ltr'>peccato</span> <span class='ocrx_word' id='word_1_34' title='bbox 993 387 1043 417; x_wconf 91' lang='lat' dir='ltr'>vel</span> <span class='ocrx_word' id='word_1_35' title='bbox 1067 395 1196 417; x_wconf 87' lang='lat' dir='ltr'>censura</span> <span class='ocrx_word' id='word_1_36' title='bbox 1213 395 1230 415; x_wconf 89' lang='lat' dir='ltr'>a</span> <span class='ocrx_word' id='word_1_37' title='bbox 1247 395 1310 426; x_wconf 91' lang='lat' dir='ltr'>qua</span> <span class='ocrx_word' id='word_1_38' title='bbox 1333 395 1398 416; x_wconf 91' lang='lat' dir='ltr'>non</span> 
     </span>
     <span class='ocr_line' id='line_1_7' title="bbox 344 429 1398 477; baseline -0.008 -10"><span class='ocrx_word' id='word_1_39' title='bbox 344 443 469 477; x_wconf 89' lang='lat' dir='ltr'>potest,</span> <span class='ocrx_word' id='word_1_40' title='bbox 494 442 524 466; x_wconf 88' lang='lat' dir='ltr'>et</span> <span class='ocrx_word' id='word_1_41' title='bbox 551 435 610 465; x_wconf 90' lang='lat' dir='ltr'>alia</span> <span class='ocrx_word' id='word_1_42' title='bbox 636 433 834 468; x_wconf 88' lang='lat' dir='ltr'>huiusmodi,</span> <span class='ocrx_word' id='word_1_43' title='bbox 859 442 924 462; x_wconf 93' lang='lat' dir='ltr'>non</span> <span class='ocrx_word' id='word_1_44' title='bbox 953 431 1143 466; x_wconf 86' lang='lat' dir='ltr'>omittendo,</span> <span class='ocrx_word' id='word_1_45' title='bbox 1169 429 1223 459; x_wconf 88' lang='lat' dir='ltr'>sed</span> <span class='ocrx_word' id='word_1_46' title='bbox 1254 430 1398 460; x_wconf 89' lang='lat' dir='ltr'>commit-</span> 
     </span>
     <span class='ocr_line' id='line_1_8' title="bbox 343 479 859 518; baseline -0.01 -7"><span class='ocrx_word' id='word_1_47' title='bbox 343 480 440 511; x_wconf 89' lang='lat' dir='ltr'>tendo</span> <span class='ocrx_word' id='word_1_48' title='bbox 465 485 573 510; x_wconf 89' lang='lat' dir='ltr'>contra</span> <span class='ocrx_word' id='word_1_49' title='bbox 594 479 696 518; x_wconf 88' lang='lat' dir='ltr'>legem</span> <span class='ocrx_word' id='word_1_50' title='bbox 720 483 859 517; x_wconf 89' lang='lat' dir='ltr'>peccant.</span> 
     </span>
    </p>

    <p class='ocr_par' dir='ltr' id='par_1_4' title="bbox 343 518 1400 824">
     <span class='ocr_line' id='line_1_9' title="bbox 396 518 1400 559; baseline -0.006 -5"><span class='ocrx_word' id='word_1_51' title='bbox 396 525 565 559; x_wconf 86' lang='lat' dir='ltr'>Praeterea,</span> <span class='ocrx_word' id='word_1_52' title='bbox 590 523 651 552; x_wconf 90' lang='lat' dir='ltr'>hoc</span> <span class='ocrx_word' id='word_1_53' title='bbox 675 531 739 551; x_wconf 92' lang='lat' dir='ltr'>non</span> <span class='ocrx_word' id='word_1_54' title='bbox 757 526 803 550; x_wconf 91' lang='lat' dir='ltr'>est</span> <span class='ocrx_word' id='word_1_55' title='bbox 818 519 948 554; x_wconf 91' lang='lat' dir='ltr'>solvere,</span> <span class='ocrx_word' id='word_1_56' title='bbox 969 518 1023 548; x_wconf 91' lang='lat' dir='ltr'>sed</span> <span class='ocrx_word' id='word_1_57' title='bbox 1047 518 1136 558; x_wconf 92' lang='lat' dir='ltr'>quasi</span> <span class='ocrx_word' id='word_1_58' title='bbox 1159 524 1281 548; x_wconf 89' lang='lat' dir='ltr'>mutare</span> <span class='ocrx_word' id='word_1_59' title='bbox 1305 528 1400 558; x_wconf 87' lang='lat' dir='ltr'>quae-</span> 
     </span>
     <span class='ocr_line' id='line_1_10' title="bbox 343 561 1400 599; baseline -0.007 0"><span class='ocrx_word' id='word_1_60' title='bbox 343 568 490 599; x_wconf 91' lang='lat' dir='ltr'>stionem.</span> <span class='ocrx_word' id='word_1_61' title='bbox 518 567 600 596; x_wconf 90' lang='lat' dir='ltr'>Nam</span> <span class='ocrx_word' id='word_1_62' title='bbox 629 573 800 595; x_wconf 87' lang='lat' dir='ltr'>commune</span> <span class='ocrx_word' id='word_1_63' title='bbox 827 569 873 593; x_wconf 91' lang='lat' dir='ltr'>est</span> <span class='ocrx_word' id='word_1_64' title='bbox 900 561 1178 593; x_wconf 87' lang='lat' dir='ltr'>commissionibus</span> <span class='ocrx_word' id='word_1_65' title='bbox 1202 569 1232 592; x_wconf 92' lang='lat' dir='ltr'>et</span> <span class='ocrx_word' id='word_1_66' title='bbox 1255 562 1400 592; x_wconf 90' lang='lat' dir='ltr'>omissio-</span> 
     </span>
     <span class='ocr_line' id='line_1_11' title="bbox 344 605 1399 651; baseline -0.006 -10"><span class='ocrx_word' id='word_1_67' title='bbox 344 611 437 641; x_wconf 89' lang='lat' dir='ltr'>nibus</span> <span class='ocrx_word' id='word_1_68' title='bbox 460 610 548 651; x_wconf 93' lang='lat' dir='ltr'>quod</span> <span class='ocrx_word' id='word_1_69' title='bbox 576 617 687 638; x_wconf 88' lang='lat' dir='ltr'>omnes</span> <span class='ocrx_word' id='word_1_70' title='bbox 716 607 774 637; x_wconf 93' lang='lat' dir='ltr'>sub</span> <span class='ocrx_word' id='word_1_71' title='bbox 802 606 916 636; x_wconf 89' lang='lat' dir='ltr'>eodem</span> <span class='ocrx_word' id='word_1_72' title='bbox 939 605 1001 636; x_wconf 89' lang='lat' dir='ltr'>fine</span> <span class='ocrx_word' id='word_1_73' title='bbox 1025 606 1147 637; x_wconf 90' lang='lat' dir='ltr'>motivo</span> <span class='ocrx_word' id='word_1_74' title='bbox 1172 606 1335 642; x_wconf 82' lang='lat' dir='ltr'>cadentes,</span> <span class='ocrx_word' id='word_1_75' title='bbox 1360 606 1399 636; x_wconf 88' lang='lat' dir='ltr'>ad</span> 
     </span>
     <span class='ocr_line' id='line_1_12' title="bbox 344 649 1399 692; baseline -0.006 -7"><span class='ocrx_word' id='word_1_76' title='bbox 344 655 476 685; x_wconf 88' lang='lat' dir='ltr'>eandem</span> <span class='ocrx_word' id='word_1_77' title='bbox 505 652 641 692; x_wconf 91' lang='lat' dir='ltr'>speciem</span> <span class='ocrx_word' id='word_1_78' title='bbox 670 657 819 691; x_wconf 82' lang='lat' dir='ltr'>spectent.</span> <span class='ocrx_word' id='word_1_79' title='bbox 849 650 941 681; x_wconf 90' lang='lat' dir='ltr'>Unde</span> <span class='ocrx_word' id='word_1_80' title='bbox 971 649 1052 680; x_wconf 87' lang='lat' dir='ltr'>sicut</span> <span class='ocrx_word' id='word_1_81' title='bbox 1078 650 1260 691; x_wconf 82' lang='lat' dir='ltr'>quaerimus</span> <span class='ocrx_word' id='word_1_82' title='bbox 1288 659 1344 689; x_wconf 92' lang='lat' dir='ltr'>per</span> <span class='ocrx_word' id='word_1_83' title='bbox 1367 659 1399 679; x_wconf 91' lang='lat' dir='ltr'>se</span> 
     </span>
     <span class='ocr_line' id='line_1_13' title="bbox 343 693 1400 734; baseline -0.006 -6"><span class='ocrx_word' id='word_1_84' title='bbox 343 698 463 728; x_wconf 90' lang='lat' dir='ltr'>obiecta</span> <span class='ocrx_word' id='word_1_85' title='bbox 492 694 770 730; x_wconf 85' lang='lat' dir='ltr'>commissionum,</span> <span class='ocrx_word' id='word_1_86' title='bbox 794 694 837 725; x_wconf 91' lang='lat' dir='ltr'>ita</span> <span class='ocrx_word' id='word_1_87' title='bbox 864 700 895 724; x_wconf 90' lang='lat' dir='ltr'>et</span> <span class='ocrx_word' id='word_1_88' title='bbox 921 693 1148 725; x_wconf 86' lang='lat' dir='ltr'>omissionum:</span> <span class='ocrx_word' id='word_1_89' title='bbox 1172 694 1231 724; x_wconf 90' lang='lat' dir='ltr'>nisi</span> <span class='ocrx_word' id='word_1_90' title='bbox 1255 694 1345 734; x_wconf 93' lang='lat' dir='ltr'>quod</span> <span class='ocrx_word' id='word_1_91' title='bbox 1367 693 1400 722; x_wconf 90' lang='lat' dir='ltr'>in</span> 
     </span>
     <span class='ocr_line' id='line_1_14' title="bbox 343 737 1399 778; baseline -0.003 -8"><span class='ocrx_word' id='word_1_92' title='bbox 343 740 515 771; x_wconf 87' lang='lat' dir='ltr'>omissione</span> <span class='ocrx_word' id='word_1_93' title='bbox 538 749 604 769; x_wconf 90' lang='lat' dir='ltr'>non</span> <span class='ocrx_word' id='word_1_94' title='bbox 628 745 754 778; x_wconf 90' lang='lat' dir='ltr'>oportet</span> <span class='ocrx_word' id='word_1_95' title='bbox 777 747 894 778; x_wconf 89' lang='lat' dir='ltr'>ponere</span> <span class='ocrx_word' id='word_1_96' title='bbox 918 737 1078 768; x_wconf 91' lang='lat' dir='ltr'>obiectum</span> <span class='ocrx_word' id='word_1_97' title='bbox 1101 738 1235 778; x_wconf 85' lang='lat' dir='ltr'>positive</span> <span class='ocrx_word' id='word_1_98' title='bbox 1253 737 1399 772; x_wconf 88' lang='lat' dir='ltr'>volitum,</span> 
     </span>
     <span class='ocr_line' id='line_1_15' title="bbox 343 781 1400 824; baseline -0.004 -9"><span class='ocrx_word' id='word_1_99' title='bbox 343 785 397 815; x_wconf 90' lang='lat' dir='ltr'>sed</span> <span class='ocrx_word' id='word_1_100' title='bbox 413 783 555 824; x_wconf 82' lang='lat' dir='ltr'>negative</span> <span class='ocrx_word' id='word_1_101' title='bbox 568 782 785 813; x_wconf 82' lang='lat' dir='ltr'>voluntarium</span> <span class='ocrx_word' id='word_1_102' title='bbox 800 789 831 813; x_wconf 93' lang='lat' dir='ltr'>et</span> <span class='ocrx_word' id='word_1_103' title='bbox 846 792 902 822; x_wconf 93' lang='lat' dir='ltr'>per</span> <span class='ocrx_word' id='word_1_104' title='bbox 917 792 959 818; x_wconf 89' lang='lat' dir='ltr'>se,</span> <span class='ocrx_word' id='word_1_105' title='bbox 971 781 1051 812; x_wconf 92' lang='lat' dir='ltr'>sicut</span> <span class='ocrx_word' id='word_1_106' title='bbox 1065 782 1167 822; x_wconf 81' lang='lat' dir='ltr'>ipsam</span> <span class='ocrx_word' id='word_1_107' title='bbox 1183 781 1400 812; x_wconf 88' lang='lat' dir='ltr'>omissionem.</span> 
     </span>
    </p>

    <p class='ocr_par' dir='ltr' id='par_1_5' title="bbox 398 825 1399 867">
     <span class='ocr_line' id='line_1_16' title="bbox 398 825 1399 867; baseline -0.003 -9"><span class='ocrx_word' id='word_1_108' title='bbox 398 828 465 858; x_wconf 93' lang='lat' dir='ltr'>VII.</span> <span class='ocrx_word' id='word_1_109' title='bbox 489 827 589 857; x_wconf 87' lang='lat' dir='ltr'>Aliter</span> <span class='ocrx_word' id='word_1_110' title='bbox 611 826 725 857; x_wconf 91' lang='lat' dir='ltr'>dicitur</span> <span class='ocrx_word' id='word_1_111' title='bbox 747 826 836 867; x_wconf 90' lang='lat' dir='ltr'>quod</span> <span class='ocrx_word' id='word_1_112' title='bbox 860 826 947 856; x_wconf 90' lang='lat' dir='ltr'>nulla</span> <span class='ocrx_word' id='word_1_113' title='bbox 962 832 1008 856; x_wconf 90' lang='lat' dir='ltr'>est</span> <span class='ocrx_word' id='word_1_114' title='bbox 1022 826 1055 856; x_wconf 94' lang='lat' dir='ltr'>in</span> <span class='ocrx_word' id='word_1_115' title='bbox 1072 825 1161 856; x_wconf 92' lang='lat' dir='ltr'>dictis</span> <span class='ocrx_word' id='word_1_116' title='bbox 1176 825 1324 856; x_wconf 87' lang='lat' dir='ltr'>Auctoris</span> <span class='ocrx_word' id='word_1_117' title='bbox 1339 825 1399 855; x_wconf 91' lang='lat' dir='ltr'>dis-</span> 
     </span>
    </p>
   </div>
   <div class='ocr_carea' id='block_1_4' title="bbox 342 868 1410 911">
    <p class='ocr_par' dir='ltr' id='par_1_6' title="bbox 342 868 1410 911">
     <span class='ocr_line' id='line_1_17' title="bbox 342 868 1410 911; baseline -0.004 -9"><span class='ocrx_word' id='word_1_118' title='bbox 342 871 464 902; x_wconf 83' lang='lat' dir='ltr'>cordia:</span> <span class='ocrx_word' id='word_1_119' title='bbox 490 877 520 902; x_wconf 93' lang='lat' dir='ltr'>et</span> <span class='ocrx_word' id='word_1_120' title='bbox 542 871 631 911; x_wconf 90' lang='lat' dir='ltr'>quod</span> <span class='ocrx_word' id='word_1_121' title='bbox 654 869 840 901; x_wconf 90' lang='lat' dir='ltr'>huiusmodi</span> <span class='ocrx_word' id='word_1_122' title='bbox 863 876 950 900; x_wconf 88' lang='lat' dir='ltr'>actus</span> <span class='ocrx_word' id='word_1_123' title='bbox 974 876 1047 900; x_wconf 92' lang='lat' dir='ltr'>sunt</span> <span class='ocrx_word' id='word_1_124' title='bbox 1070 869 1102 899; x_wconf 90' lang='lat' dir='ltr'>in</span> <span class='ocrx_word' id='word_1_125' title='bbox 1126 869 1262 909; x_wconf 90' lang='lat' dir='ltr'>propriis</span> <span class='ocrx_word' id='word_1_126' title='bbox 1278 868 1410 908; x_wconf 54' lang='lat' dir='ltr'>specie-⁴</span> 
     </span>
    </p>
   </div>
   <div class='ocr_carea' id='block_1_5' title="bbox 341 913 1401 1132">
    <p class='ocr_par' dir='ltr' id='par_1_7' title="bbox 341 913 1401 1132">
     <span class='ocr_line' id='line_1_18' title="bbox 342 913 1400 955; baseline -0.004 -9"><span class='ocrx_word' id='word_1_127' title='bbox 342 916 401 946; x_wconf 89' lang='lat' dir='ltr'>bus</span> <span class='ocrx_word' id='word_1_128' title='bbox 425 925 558 946; x_wconf 91' lang='lat' dir='ltr'>suorum</span> <span class='ocrx_word' id='word_1_129' title='bbox 581 924 637 955; x_wconf 91' lang='lat' dir='ltr'>per</span> <span class='ocrx_word' id='word_1_130' title='bbox 660 924 693 945; x_wconf 90' lang='lat' dir='ltr'>se</span> <span class='ocrx_word' id='word_1_131' title='bbox 716 913 888 944; x_wconf 83' lang='lat' dir='ltr'>formaliter</span> <span class='ocrx_word' id='word_1_132' title='bbox 915 920 946 944; x_wconf 92' lang='lat' dir='ltr'>et</span> <span class='ocrx_word' id='word_1_133' title='bbox 973 913 1086 943; x_wconf 90' lang='lat' dir='ltr'>directe</span> <span class='ocrx_word' id='word_1_134' title='bbox 1114 913 1312 943; x_wconf 87' lang='lat' dir='ltr'>obiectorum</span> <span class='ocrx_word' id='word_1_135' title='bbox 1335 919 1400 943; x_wconf 87' lang='lat' dir='ltr'>tan-</span> 
     </span>
     <span class='ocr_line' id='line_1_19' title="bbox 342 956 1401 999; baseline -0.004 -9"><span class='ocrx_word' id='word_1_136' title='bbox 342 966 422 990; x_wconf 90' lang='lat' dir='ltr'>tum.</span> <span class='ocrx_word' id='word_1_137' title='bbox 446 959 497 990; x_wconf 88' lang='lat' dir='ltr'>Ad</span> <span class='ocrx_word' id='word_1_138' title='bbox 520 968 661 999; x_wconf 88' lang='lat' dir='ltr'>quorum</span> <span class='ocrx_word' id='word_1_139' title='bbox 685 958 882 994; x_wconf 86' lang='lat' dir='ltr'>evidentiam,</span> <span class='ocrx_word' id='word_1_140' title='bbox 907 957 984 987; x_wconf 90' lang='lat' dir='ltr'>scire</span> <span class='ocrx_word' id='word_1_141' title='bbox 1007 963 1134 996; x_wconf 90' lang='lat' dir='ltr'>oportet</span> <span class='ocrx_word' id='word_1_142' title='bbox 1149 957 1237 997; x_wconf 90' lang='lat' dir='ltr'>quod</span> <span class='ocrx_word' id='word_1_143' title='bbox 1253 956 1338 987; x_wconf 89' lang='lat' dir='ltr'>aliud</span> <span class='ocrx_word' id='word_1_144' title='bbox 1355 963 1401 986; x_wconf 91' lang='lat' dir='ltr'>est</span> 
     </span>
     <span class='ocr_line' id='line_1_20' title="bbox 341 999 1399 1044; baseline -0.003 -10"><span class='ocrx_word' id='word_1_145' title='bbox 341 1003 432 1044; x_wconf 92' lang='lat' dir='ltr'>loqui</span> <span class='ocrx_word' id='word_1_146' title='bbox 460 1003 499 1033; x_wconf 90' lang='lat' dir='ltr'>de</span> <span class='ocrx_word' id='word_1_147' title='bbox 521 1002 718 1038; x_wconf 89' lang='lat' dir='ltr'>voluntario;</span> <span class='ocrx_word' id='word_1_148' title='bbox 745 1008 775 1032; x_wconf 90' lang='lat' dir='ltr'>et</span> <span class='ocrx_word' id='word_1_149' title='bbox 803 1001 902 1037; x_wconf 86' lang='lat' dir='ltr'>aliud⁷</span> <span class='ocrx_word' id='word_1_150' title='bbox 928 1001 965 1030; x_wconf 90' lang='lat' dir='ltr'>de</span> <span class='ocrx_word' id='word_1_151' title='bbox 988 1000 1168 1031; x_wconf 88' lang='lat' dir='ltr'>voluntario</span> <span class='ocrx_word' id='word_1_152' title='bbox 1191 999 1399 1040; x_wconf 85' lang='lat' dir='ltr'>specificante.</span> 
     </span>
     <span class='ocr_line' id='line_1_21' title="bbox 342 1043 1400 1084; baseline -0.004 -6"><span class='ocrx_word' id='word_1_153' title='bbox 342 1048 416 1078; x_wconf 93' lang='lat' dir='ltr'>Non</span> <span class='ocrx_word' id='word_1_154' title='bbox 441 1047 526 1078; x_wconf 90' lang='lat' dir='ltr'>enim</span> <span class='ocrx_word' id='word_1_155' title='bbox 549 1046 663 1077; x_wconf 90' lang='lat' dir='ltr'>sufficit</span> <span class='ocrx_word' id='word_1_156' title='bbox 690 1046 729 1076; x_wconf 87' lang='lat' dir='ltr'>ad</span> <span class='ocrx_word' id='word_1_157' title='bbox 757 1045 912 1075; x_wconf 90' lang='lat' dir='ltr'>rationem</span> <span class='ocrx_word' id='word_1_158' title='bbox 939 1043 1144 1084; x_wconf 89' lang='lat' dir='ltr'>specificantis</span> <span class='ocrx_word' id='word_1_159' title='bbox 1171 1044 1204 1074; x_wconf 92' lang='lat' dir='ltr'>in</span> <span class='ocrx_word' id='word_1_160' title='bbox 1227 1044 1400 1075; x_wconf 89' lang='lat' dir='ltr'>moralibus</span> 
     </span>
     <span class='ocr_line' id='line_1_22' title="bbox 343 1088 1401 1132; baseline -0.004 -10"><span class='ocrx_word' id='word_1_161' title='bbox 343 1092 432 1132; x_wconf 91' lang='lat' dir='ltr'>quod</span> <span class='ocrx_word' id='word_1_162' title='bbox 447 1091 486 1122; x_wconf 92' lang='lat' dir='ltr'>sit</span> <span class='ocrx_word' id='word_1_163' title='bbox 499 1090 724 1126; x_wconf 89' lang='lat' dir='ltr'>voluntarium,</span> <span class='ocrx_word' id='word_1_164' title='bbox 746 1090 798 1119; x_wconf 91' lang='lat' dir='ltr'>sed</span> <span class='ocrx_word' id='word_1_165' title='bbox 814 1089 887 1129; x_wconf 91' lang='lat' dir='ltr'>plus</span> <span class='ocrx_word' id='word_1_166' title='bbox 903 1088 1050 1128; x_wconf 86' lang='lat' dir='ltr'>exigitur:</span> <span class='ocrx_word' id='word_1_167' title='bbox 1070 1088 1135 1118; x_wconf 90' lang='lat' dir='ltr'>iam</span> <span class='ocrx_word' id='word_1_168' title='bbox 1145 1088 1236 1118; x_wconf 60' lang='lat' dir='ltr'>*enim</span> <span class='ocrx_word' id='word_1_169' title='bbox 1247 1088 1264 1108; x_wconf 91' lang='lat'><strong><em>*</em></strong></span> <span class='ocrx_word' id='word_1_170' title='bbox 1279 1088 1401 1119; x_wconf 90' lang='lat' dir='ltr'>dictum</span> 
     </span>
    </p>
   </div>
   <div class='ocr_carea' id='block_1_6' title="bbox 302 1132 1402 1176">
    <p class='ocr_par' dir='ltr' id='par_1_8' title="bbox 302 1132 1402 1176">
     <span class='ocr_line' id='line_1_23' title="bbox 302 1132 1402 1176; baseline -0.005 -9"><span class='ocrx_word' id='word_1_171' title='bbox 302 1136 307 1139; x_wconf 70' lang='grc'><strong>”</strong></span> <span class='ocrx_word' id='word_1_172' title='bbox 344 1142 390 1166; x_wconf 89' lang='lat' dir='ltr'>est</span> <span class='ocrx_word' id='word_1_173' title='bbox 417 1135 504 1176; x_wconf 94' lang='lat' dir='ltr'>quod</span> <span class='ocrx_word' id='word_1_174' title='bbox 531 1141 696 1175; x_wconf 88' lang='lat' dir='ltr'>peccatum</span> <span class='ocrx_word' id='word_1_175' title='bbox 724 1143 789 1163; x_wconf 91' lang='lat' dir='ltr'>non</span> <span class='ocrx_word' id='word_1_176' title='bbox 818 1133 911 1163; x_wconf 88' lang='lat' dir='ltr'>habet</span> <span class='ocrx_word' id='word_1_177' title='bbox 938 1132 1079 1172; x_wconf 86' lang='lat' dir='ltr'>speciem</span> <span class='ocrx_word' id='word_1_178' title='bbox 1103 1142 1140 1162; x_wconf 88' lang='lat' dir='ltr'>ex</span> <span class='ocrx_word' id='word_1_179' title='bbox 1167 1132 1345 1169; x_wconf 87' lang='lat' dir='ltr'>aversione,</span> <span class='ocrx_word' id='word_1_180' title='bbox 1371 1139 1402 1163; x_wconf 91' lang='lat' dir='ltr'>et</span> 
     </span>
    </p>
   </div>
   <div class='ocr_carea' id='block_1_7' title="bbox 105 1227 317 1280">
    <p class='ocr_par' dir='ltr' id='par_1_9' title="bbox 105 1227 317 1280">
     <span class='ocr_line' id='line_1_24' title="bbox 105 1227 316 1254; baseline 0 -6"><span class='ocrx_word' id='word_1_181' title='bbox 105 1229 114 1237; x_wconf 82' lang='lat'>&#39;¹</span> <span class='ocrx_word' id='word_1_182' title='bbox 131 1227 178 1254; x_wconf 90' lang='lat' dir='ltr'>Qu.</span> <span class='ocrx_word' id='word_1_183' title='bbox 193 1233 258 1253; x_wconf 80' lang='lat' dir='ltr'>xvur,</span> <span class='ocrx_word' id='word_1_184' title='bbox 274 1230 316 1248; x_wconf 81' lang='lat' dir='ltr'>art.</span> 
     </span>
     <span class='ocr_line' id='line_1_25' title="bbox 109 1253 317 1280; baseline -0.005 -5"><span class='ocrx_word' id='word_1_185' title='bbox 109 1253 134 1280; x_wconf 83' lang='lat'>6;</span> <span class='ocrx_word' id='word_1_186' title='bbox 150 1257 171 1275; x_wconf 85' lang='lat' dir='ltr'>et</span> <span class='ocrx_word' id='word_1_187' title='bbox 186 1253 208 1274; x_wconf 90' lang='lat' dir='ltr'>in</span> <span class='ocrx_word' id='word_1_188' title='bbox 219 1253 264 1274; x_wconf 83' lang='lat' dir='ltr'>isto</span> <span class='ocrx_word' id='word_1_189' title='bbox 275 1256 317 1274; x_wconf 86' lang='lat' dir='ltr'>art.</span> 
     </span>
    </p>
   </div>
   <div class='ocr_carea' id='block_1_8' title="bbox 341 1175 1405 2010">
    <p class='ocr_par' dir='ltr' id='par_1_10' title="bbox 341 1175 1405 2010">
     <span class='ocr_line' id='line_1_26' title="bbox 344 1175 1401 1219; baseline -0.004 -9"><span class='ocrx_word' id='word_1_190' title='bbox 344 1185 466 1210; x_wconf 88' lang='lat' dir='ltr'>constat</span> <span class='ocrx_word' id='word_1_191' title='bbox 489 1175 576 1219; x_wconf 87' lang='lat' dir='ltr'>quod</span> <span class='ocrx_word' id='word_1_192' title='bbox 600 1178 718 1208; x_wconf 84' lang='lat' dir='ltr'>aversio</span> <span class='ocrx_word' id='word_1_193' title='bbox 744 1183 789 1207; x_wconf 89' lang='lat' dir='ltr'>est</span> <span class='ocrx_word' id='word_1_194' title='bbox 811 1176 996 1207; x_wconf 89' lang='lat' dir='ltr'>voluntaria.</span> <span class='ocrx_word' id='word_1_195' title='bbox 1023 1175 1109 1213; x_wconf 89' lang='lat' dir='ltr'>Quid</span> <span class='ocrx_word' id='word_1_196' title='bbox 1133 1183 1238 1207; x_wconf 87' lang='lat' dir='ltr'>autem</span> <span class='ocrx_word' id='word_1_197' title='bbox 1262 1176 1301 1207; x_wconf 92' lang='lat' dir='ltr'>sit</span> <span class='ocrx_word' id='word_1_198' title='bbox 1322 1176 1401 1207; x_wconf 91' lang='lat' dir='ltr'>illud</span> 
     </span>
     <span class='ocr_line' id='line_1_27' title="bbox 343 1219 1403 1264; baseline -0.004 -10"><span class='ocrx_word' id='word_1_199' title='bbox 343 1224 425 1264; x_wconf 90' lang='lat' dir='ltr'>plus,</span> <span class='ocrx_word' id='word_1_200' title='bbox 443 1222 599 1262; x_wconf 87' lang='lat' dir='ltr'>colligitur</span> <span class='ocrx_word' id='word_1_201' title='bbox 615 1232 650 1252; x_wconf 89' lang='lat' dir='ltr'>ex</span> <span class='ocrx_word' id='word_1_202' title='bbox 666 1221 755 1252; x_wconf 91' lang='lat' dir='ltr'>dictis</span> <span class='ocrx_word' id='word_1_203' title='bbox 765 1220 791 1250; x_wconf 89' lang='lat'>*.</span> <span class='ocrx_word' id='word_1_204' title='bbox 817 1219 903 1251; x_wconf 90' lang='lat' dir='ltr'>Cum</span> <span class='ocrx_word' id='word_1_205' title='bbox 919 1220 1004 1250; x_wconf 90' lang='lat' dir='ltr'>enim</span> <span class='ocrx_word' id='word_1_206' title='bbox 1020 1226 1107 1250; x_wconf 87' lang='lat' dir='ltr'>actus</span> <span class='ocrx_word' id='word_1_207' title='bbox 1123 1220 1251 1250; x_wconf 90' lang='lat' dir='ltr'>moralis</span> <span class='ocrx_word' id='word_1_208' title='bbox 1267 1230 1303 1250; x_wconf 86' lang='lat' dir='ltr'>ex</span> <span class='ocrx_word' id='word_1_209' title='bbox 1318 1221 1403 1251; x_wconf 89' lang='lat' dir='ltr'>obie-</span> 
     </span>
     <span class='ocr_line' id='line_1_28' title="bbox 345 1263 1402 1306; baseline -0.004 -8"><span class='ocrx_word' id='word_1_210' title='bbox 345 1274 395 1298; x_wconf 93' lang='lat' dir='ltr'>cto</span> <span class='ocrx_word' id='word_1_211' title='bbox 419 1276 475 1297; x_wconf 89' lang='lat' dir='ltr'>seu</span> <span class='ocrx_word' id='word_1_212' title='bbox 493 1266 556 1296; x_wconf 86' lang='lat' dir='ltr'>fine</span> <span class='ocrx_word' id='word_1_213' title='bbox 572 1265 709 1306; x_wconf 88' lang='lat' dir='ltr'>speciem</span> <span class='ocrx_word' id='word_1_214' title='bbox 727 1265 854 1300; x_wconf 87' lang='lat' dir='ltr'>habeat;</span> <span class='ocrx_word' id='word_1_215' title='bbox 879 1270 909 1295; x_wconf 91' lang='lat' dir='ltr'>et</span> <span class='ocrx_word' id='word_1_216' title='bbox 925 1270 1047 1295; x_wconf 90' lang='lat' dir='ltr'>constat</span> <span class='ocrx_word' id='word_1_217' title='bbox 1062 1264 1151 1304; x_wconf 89' lang='lat' dir='ltr'>quod</span> <span class='ocrx_word' id='word_1_218' title='bbox 1165 1263 1348 1304; x_wconf 86' lang='lat' dir='ltr'>intelligitur</span> <span class='ocrx_word' id='word_1_219' title='bbox 1363 1265 1402 1295; x_wconf 93' lang='lat' dir='ltr'>de</span> 
     </span>
     <span class='ocr_line' id='line_1_29' title="bbox 343 1307 1401 1348; baseline -0.003 -7"><span class='ocrx_word' id='word_1_220' title='bbox 343 1310 467 1342; x_wconf 91' lang='lat' dir='ltr'>obiecto</span> <span class='ocrx_word' id='word_1_221' title='bbox 491 1309 673 1345; x_wconf 83' lang='lat' dir='ltr'>formaliter,</span> <span class='ocrx_word' id='word_1_222' title='bbox 698 1309 779 1339; x_wconf 89' lang='lat' dir='ltr'>sicut</span> <span class='ocrx_word' id='word_1_223' title='bbox 796 1308 1011 1339; x_wconf 87' lang='lat' dir='ltr'>universaliter</span> <span class='ocrx_word' id='word_1_224' title='bbox 1027 1317 1101 1338; x_wconf 90' lang='lat' dir='ltr'>cum</span> <span class='ocrx_word' id='word_1_225' title='bbox 1117 1308 1155 1338; x_wconf 88' lang='lat' dir='ltr'>de</span> <span class='ocrx_word' id='word_1_226' title='bbox 1170 1307 1401 1348; x_wconf 87' lang='lat' dir='ltr'>specificatione</span> 
     </span>
     <span class='ocr_line' id='line_1_30' title="bbox 344 1351 1401 1394; baseline -0.002 -9"><span class='ocrx_word' id='word_1_227' title='bbox 344 1361 473 1385; x_wconf 90' lang='lat' dir='ltr'>actuum</span> <span class='ocrx_word' id='word_1_228' title='bbox 497 1361 527 1384; x_wconf 89' lang='lat' dir='ltr'>et</span> <span class='ocrx_word' id='word_1_229' title='bbox 549 1353 763 1393; x_wconf 88' lang='lat' dir='ltr'>potentiarum</span> <span class='ocrx_word' id='word_1_230' title='bbox 788 1363 824 1383; x_wconf 89' lang='lat' dir='ltr'>ex</span> <span class='ocrx_word' id='word_1_231' title='bbox 852 1352 981 1383; x_wconf 88' lang='lat' dir='ltr'>obiectis</span> <span class='ocrx_word' id='word_1_232' title='bbox 1010 1351 1138 1388; x_wconf 91' lang='lat' dir='ltr'>dicitur;</span> <span class='ocrx_word' id='word_1_233' title='bbox 1163 1358 1193 1382; x_wconf 91' lang='lat' dir='ltr'>et</span> <span class='ocrx_word' id='word_1_234' title='bbox 1216 1352 1291 1393; x_wconf 89' lang='lat' dir='ltr'>quia</span> <span class='ocrx_word' id='word_1_235' title='bbox 1313 1353 1401 1394; x_wconf 93' lang='lat' dir='ltr'>quod</span> 
     </span>
     <span class='ocr_line' id='line_1_31' title="bbox 343 1396 1402 1438; baseline -0.003 -9"><span class='ocrx_word' id='word_1_236' title='bbox 343 1405 388 1429; x_wconf 89' lang='lat' dir='ltr'>est</span> <span class='ocrx_word' id='word_1_237' title='bbox 411 1408 467 1438; x_wconf 90' lang='lat' dir='ltr'>per</span> <span class='ocrx_word' id='word_1_238' title='bbox 482 1397 634 1434; x_wconf 87' lang='lat' dir='ltr'>accidens,</span> <span class='ocrx_word' id='word_1_239' title='bbox 659 1404 743 1428; x_wconf 85' lang='lat' dir='ltr'>extra</span> <span class='ocrx_word' id='word_1_240' title='bbox 761 1396 899 1437; x_wconf 87' lang='lat' dir='ltr'>speciem</span> <span class='ocrx_word' id='word_1_241' title='bbox 919 1403 978 1427; x_wconf 90' lang='lat' dir='ltr'>est:</span> <span class='ocrx_word' id='word_1_242' title='bbox 997 1403 1124 1437; x_wconf 86' lang='lat' dir='ltr'>oportet</span> <span class='ocrx_word' id='word_1_243' title='bbox 1143 1396 1237 1427; x_wconf 89' lang='lat' dir='ltr'>etiam</span> <span class='ocrx_word' id='word_1_244' title='bbox 1253 1397 1340 1438; x_wconf 91' lang='lat' dir='ltr'>quod</span> <span class='ocrx_word' id='word_1_245' title='bbox 1356 1397 1402 1427; x_wconf 90' lang='lat' dir='ltr'>in-</span> 
     </span>
     <span class='ocr_line' id='line_1_32' title="bbox 341 1440 1403 1482; baseline -0.003 -9"><span class='ocrx_word' id='word_1_246' title='bbox 341 1442 498 1482; x_wconf 80' lang='lat' dir='ltr'>telligatur</span> <span class='ocrx_word' id='word_1_247' title='bbox 525 1442 563 1472; x_wconf 89' lang='lat' dir='ltr'>de</span> <span class='ocrx_word' id='word_1_248' title='bbox 590 1441 714 1472; x_wconf 88' lang='lat' dir='ltr'>obiecto</span> <span class='ocrx_word' id='word_1_249' title='bbox 738 1450 794 1481; x_wconf 89' lang='lat' dir='ltr'>per</span> <span class='ocrx_word' id='word_1_250' title='bbox 816 1450 858 1471; x_wconf 90' lang='lat' dir='ltr'>se.</span> <span class='ocrx_word' id='word_1_251' title='bbox 883 1441 924 1471; x_wconf 92' lang='lat' dir='ltr'>Et</span> <span class='ocrx_word' id='word_1_252' title='bbox 946 1440 1021 1481; x_wconf 92' lang='lat' dir='ltr'>quia</span> <span class='ocrx_word' id='word_1_253' title='bbox 1043 1440 1076 1470; x_wconf 92' lang='lat' dir='ltr'>in</span> <span class='ocrx_word' id='word_1_254' title='bbox 1100 1450 1156 1479; x_wconf 90' lang='lat' dir='ltr'>per</span> <span class='ocrx_word' id='word_1_255' title='bbox 1178 1450 1211 1470; x_wconf 85' lang='lat' dir='ltr'>se</span> <span class='ocrx_word' id='word_1_256' title='bbox 1234 1447 1264 1471; x_wconf 91' lang='lat' dir='ltr'>et</span> <span class='ocrx_word' id='word_1_257' title='bbox 1287 1440 1403 1471; x_wconf 89' lang='lat' dir='ltr'>forma-</span> 
     </span>
     <span class='ocr_line' id='line_1_33' title="bbox 342 1484 1401 1524; baseline -0.001 -7"><span class='ocrx_word' id='word_1_258' title='bbox 342 1487 412 1517; x_wconf 90' lang='lat' dir='ltr'>liter</span> <span class='ocrx_word' id='word_1_259' title='bbox 434 1486 595 1516; x_wconf 86' lang='lat' dir='ltr'>obiectum</span> <span class='ocrx_word' id='word_1_260' title='bbox 610 1492 698 1516; x_wconf 89' lang='lat' dir='ltr'>actus</span> <span class='ocrx_word' id='word_1_261' title='bbox 715 1484 829 1516; x_wconf 88' lang='lat' dir='ltr'>directe</span> <span class='ocrx_word' id='word_1_262' title='bbox 845 1484 946 1515; x_wconf 89' lang='lat' dir='ltr'>tendit</span> <span class='ocrx_word' id='word_1_263' title='bbox 960 1491 1058 1521; x_wconf 86' lang='lat' dir='ltr'>actus,</span> <span class='ocrx_word' id='word_1_264' title='bbox 1075 1491 1111 1515; x_wconf 90' lang='lat' dir='ltr'>ut</span> <span class='ocrx_word' id='word_1_265' title='bbox 1126 1490 1212 1524; x_wconf 87' lang='lat' dir='ltr'>patet</span> <span class='ocrx_word' id='word_1_266' title='bbox 1226 1485 1401 1522; x_wconf 87' lang='lat' dir='ltr'>inductive;</span> 
     </span>
     <span class='ocr_line' id='line_1_34' title="bbox 344 1528 1403 1571; baseline -0.002 -10"><span class='ocrx_word' id='word_1_267' title='bbox 344 1540 540 1571; x_wconf 88' lang='lat' dir='ltr'>consequens</span> <span class='ocrx_word' id='word_1_268' title='bbox 557 1537 603 1560; x_wconf 92' lang='lat' dir='ltr'>est</span> <span class='ocrx_word' id='word_1_269' title='bbox 625 1536 661 1560; x_wconf 89' lang='lat' dir='ltr'>ut</span> <span class='ocrx_word' id='word_1_270' title='bbox 684 1529 722 1559; x_wconf 91' lang='lat' dir='ltr'>de</span> <span class='ocrx_word' id='word_1_271' title='bbox 746 1529 870 1559; x_wconf 89' lang='lat' dir='ltr'>obiecto</span> <span class='ocrx_word' id='word_1_272' title='bbox 895 1529 1009 1559; x_wconf 86' lang='lat' dir='ltr'>directe</span> <span class='ocrx_word' id='word_1_273' title='bbox 1024 1528 1223 1568; x_wconf 85' lang='lat' dir='ltr'>intelligatur.</span> <span class='ocrx_word' id='word_1_274' title='bbox 1248 1529 1290 1560; x_wconf 91' lang='lat' dir='ltr'>Et</span> <span class='ocrx_word' id='word_1_275' title='bbox 1304 1529 1348 1560; x_wconf 90' lang='lat' dir='ltr'>sic</span> <span class='ocrx_word' id='word_1_276' title='bbox 1364 1530 1403 1559; x_wconf 90' lang='lat' dir='ltr'>ad</span> 
     </span>
     <span class='ocr_line' id='line_1_35' title="bbox 342 1572 1402 1615; baseline -0.001 -10"><span class='ocrx_word' id='word_1_277' title='bbox 342 1575 406 1605; x_wconf 90' lang='lat' dir='ltr'>hoc</span> <span class='ocrx_word' id='word_1_278' title='bbox 431 1574 519 1615; x_wconf 94' lang='lat' dir='ltr'>quod</span> <span class='ocrx_word' id='word_1_279' title='bbox 546 1574 705 1604; x_wconf 92' lang='lat' dir='ltr'>obiectum</span> <span class='ocrx_word' id='word_1_280' title='bbox 734 1572 892 1613; x_wconf 87' lang='lat' dir='ltr'>specificet</span> <span class='ocrx_word' id='word_1_281' title='bbox 920 1580 1026 1603; x_wconf 89' lang='lat' dir='ltr'>actum</span> <span class='ocrx_word' id='word_1_282' title='bbox 1055 1573 1244 1609; x_wconf 88' lang='lat' dir='ltr'>voluntatis,</span> <span class='ocrx_word' id='word_1_283' title='bbox 1271 1573 1402 1613; x_wconf 87' lang='lat' dir='ltr'>exigitur</span> 
     </span>
     <span class='ocr_line' id='line_1_36' title="bbox 343 1616 1404 1659; baseline 0 -10"><span class='ocrx_word' id='word_1_284' title='bbox 343 1619 432 1659; x_wconf 90' lang='lat' dir='ltr'>quod</span> <span class='ocrx_word' id='word_1_285' title='bbox 447 1619 487 1648; x_wconf 89' lang='lat' dir='ltr'>sit</span> <span class='ocrx_word' id='word_1_286' title='bbox 505 1617 678 1648; x_wconf 85' lang='lat' dir='ltr'>formaliter</span> <span class='ocrx_word' id='word_1_287' title='bbox 693 1627 750 1657; x_wconf 92' lang='lat' dir='ltr'>per</span> <span class='ocrx_word' id='word_1_288' title='bbox 768 1627 800 1647; x_wconf 91' lang='lat' dir='ltr'>se</span> <span class='ocrx_word' id='word_1_289' title='bbox 820 1623 851 1647; x_wconf 89' lang='lat' dir='ltr'>et</span> <span class='ocrx_word' id='word_1_290' title='bbox 867 1616 980 1648; x_wconf 90' lang='lat' dir='ltr'>directe</span> <span class='ocrx_word' id='word_1_291' title='bbox 996 1617 1164 1647; x_wconf 86' lang='lat' dir='ltr'>intentum.</span> <span class='ocrx_word' id='word_1_292' title='bbox 1181 1617 1255 1647; x_wconf 90' lang='lat' dir='ltr'>Non</span> <span class='ocrx_word' id='word_1_293' title='bbox 1271 1617 1404 1658; x_wconf 86' lang='lat' dir='ltr'>exigitur</span> 
     </span>
     <span class='ocr_line' id='line_1_37' title="bbox 342 1660 1404 1702; baseline -0.001 -9"><span class='ocrx_word' id='word_1_294' title='bbox 342 1670 450 1694; x_wconf 86' lang='lat' dir='ltr'>autern</span> <span class='ocrx_word' id='word_1_295' title='bbox 472 1663 561 1702; x_wconf 93' lang='lat' dir='ltr'>quod</span> <span class='ocrx_word' id='word_1_296' title='bbox 585 1662 624 1692; x_wconf 91' lang='lat' dir='ltr'>sit</span> <span class='ocrx_word' id='word_1_297' title='bbox 645 1661 750 1701; x_wconf 86' lang='lat' dir='ltr'>primo</span> <span class='ocrx_word' id='word_1_298' title='bbox 773 1662 947 1691; x_wconf 90' lang='lat' dir='ltr'>intentum:</span> <span class='ocrx_word' id='word_1_299' title='bbox 971 1667 1032 1691; x_wconf 87' lang='lat' dir='ltr'>stat</span> <span class='ocrx_word' id='word_1_300' title='bbox 1055 1660 1140 1691; x_wconf 88' lang='lat' dir='ltr'>enirn</span> <span class='ocrx_word' id='word_1_301' title='bbox 1168 1661 1256 1701; x_wconf 91' lang='lat' dir='ltr'>quod</span> <span class='ocrx_word' id='word_1_302' title='bbox 1283 1661 1322 1692; x_wconf 91' lang='lat' dir='ltr'>sit</span> <span class='ocrx_word' id='word_1_303' title='bbox 1349 1671 1404 1702; x_wconf 91' lang='lat' dir='ltr'>per</span> 
     </span>
     <span class='ocr_line' id='line_1_38' title="bbox 343 1704 1405 1741; baseline 0 -4"><span class='ocrx_word' id='word_1_304' title='bbox 343 1717 376 1737; x_wconf 89' lang='lat' dir='ltr'>se</span> <span class='ocrx_word' id='word_1_305' title='bbox 399 1706 573 1736; x_wconf 87' lang='lat' dir='ltr'>formaliter</span> <span class='ocrx_word' id='word_1_306' title='bbox 595 1712 629 1736; x_wconf 83' lang='lat' dir='ltr'>et</span> <span class='ocrx_word' id='word_1_307' title='bbox 649 1705 773 1741; x_wconf 88' lang='lat' dir='ltr'>directe,</span> <span class='ocrx_word' id='word_1_308' title='bbox 797 1704 983 1735; x_wconf 83' lang='lat' dir='ltr'>secundario</span> <span class='ocrx_word' id='word_1_309' title='bbox 1007 1711 1112 1735; x_wconf 85' lang='lat' dir='ltr'>tamen</span> <span class='ocrx_word' id='word_1_310' title='bbox 1135 1705 1307 1736; x_wconf 88' lang='lat' dir='ltr'>intentum:</span> <span class='ocrx_word' id='word_1_311' title='bbox 1323 1705 1405 1737; x_wconf 89' lang='lat' dir='ltr'>sicut</span> 
     </span>
     <span class='ocr_line' id='line_1_39' title="bbox 344 1748 1403 1790; baseline -0.001 -9"><span class='ocrx_word' id='word_1_312' title='bbox 344 1761 417 1781; x_wconf 91' lang='lat' dir='ltr'>cum</span> <span class='ocrx_word' id='word_1_313' title='bbox 441 1750 512 1790; x_wconf 90' lang='lat' dir='ltr'>quis</span> <span class='ocrx_word' id='word_1_314' title='bbox 534 1750 603 1780; x_wconf 90' lang='lat' dir='ltr'>vult</span> <span class='ocrx_word' id='word_1_315' title='bbox 625 1749 784 1780; x_wconf 90' lang='lat' dir='ltr'>moechari</span> <span class='ocrx_word' id='word_1_316' title='bbox 804 1755 840 1780; x_wconf 92' lang='lat' dir='ltr'>ut</span> <span class='ocrx_word' id='word_1_317' title='bbox 862 1748 992 1785; x_wconf 87' lang='lat' dir='ltr'>furetur,</span> <span class='ocrx_word' id='word_1_318' title='bbox 1015 1749 1126 1779; x_wconf 83' lang='lat' dir='ltr'>volitio</span> <span class='ocrx_word' id='word_1_319' title='bbox 1150 1748 1346 1789; x_wconf 83' lang='lat' dir='ltr'>specificatur</span> <span class='ocrx_word' id='word_1_320' title='bbox 1363 1750 1403 1780; x_wconf 86' lang='lat' dir='ltr'>ab</span> 
     </span>
     <span class='ocr_line' id='line_1_40' title="bbox 344 1792 1404 1835; baseline 0 -11"><span class='ocrx_word' id='word_1_321' title='bbox 344 1801 490 1835; x_wconf 87' lang='lat' dir='ltr'>utroque,</span> <span class='ocrx_word' id='word_1_322' title='bbox 507 1794 580 1824; x_wconf 88' lang='lat' dir='ltr'>licet</span> <span class='ocrx_word' id='word_1_323' title='bbox 598 1804 615 1824; x_wconf 84' lang='lat' dir='ltr'>a</span> <span class='ocrx_word' id='word_1_324' title='bbox 631 1793 716 1824; x_wconf 89' lang='lat' dir='ltr'>furto</span> <span class='ocrx_word' id='word_1_325' title='bbox 732 1793 946 1833; x_wconf 86' lang='lat' dir='ltr'>principalius.</span> <span class='ocrx_word' id='word_1_326' title='bbox 964 1792 1208 1824; x_wconf 87' lang='lat' dir='ltr'>Circumstantia</span> <span class='ocrx_word' id='word_1_327' title='bbox 1222 1793 1318 1833; x_wconf 90' lang='lat' dir='ltr'>igitur</span> <span class='ocrx_word' id='word_1_328' title='bbox 1337 1804 1404 1834; x_wconf 90' lang='lat' dir='ltr'>spe-</span> 
     </span>
     <span class='ocr_line' id='line_1_41' title="bbox 345 1837 1402 1878; baseline 0 -9"><span class='ocrx_word' id='word_1_329' title='bbox 345 1837 480 1874; x_wconf 84' lang='lat' dir='ltr'>cificans,</span> <span class='ocrx_word' id='word_1_330' title='bbox 498 1848 536 1868; x_wconf 91' lang='lat' dir='ltr'>eo</span> <span class='ocrx_word' id='word_1_331' title='bbox 551 1838 622 1878; x_wconf 74' lang='lat' dir='ltr'>ipso</span> <span class='ocrx_word' id='word_1_332' title='bbox 638 1838 727 1878; x_wconf 91' lang='lat' dir='ltr'>quod</span> <span class='ocrx_word' id='word_1_333' title='bbox 742 1837 916 1878; x_wconf 86' lang='lat' dir='ltr'>ingreditur</span> <span class='ocrx_word' id='word_1_334' title='bbox 930 1837 1129 1868; x_wconf 89' lang='lat' dir='ltr'>latitudinem</span> <span class='ocrx_word' id='word_1_335' title='bbox 1145 1837 1402 1877; x_wconf 75' lang='lat' dir='ltr'>specificandum,</span> 
     </span>
     <span class='ocr_line' id='line_1_42' title="bbox 345 1881 1404 1922; baseline 0 -9"><span class='ocrx_word' id='word_1_336' title='bbox 345 1889 472 1922; x_wconf 87' lang='lat' dir='ltr'>oportet</span> <span class='ocrx_word' id='word_1_337' title='bbox 487 1882 679 1913; x_wconf 91' lang='lat' dir='ltr'>obiectivum</span> <span class='ocrx_word' id='word_1_338' title='bbox 695 1882 840 1912; x_wconf 88' lang='lat' dir='ltr'>ordinem</span> <span class='ocrx_word' id='word_1_339' title='bbox 855 1881 979 1918; x_wconf 88' lang='lat' dir='ltr'>intrare,</span> <span class='ocrx_word' id='word_1_340' title='bbox 993 1888 1023 1912; x_wconf 90' lang='lat' dir='ltr'>et</span> <span class='ocrx_word' id='word_1_341' title='bbox 1037 1881 1242 1912; x_wconf 85' lang='lat' dir='ltr'>differentiam</span> <span class='ocrx_word' id='word_1_342' title='bbox 1258 1891 1314 1912; x_wconf 86' lang='lat' dir='ltr'>seu</span> <span class='ocrx_word' id='word_1_343' title='bbox 1329 1891 1404 1913; x_wconf 90' lang='lat' dir='ltr'>con-</span> 
     </span>
     <span class='ocr_line' id='line_1_43' title="bbox 345 1925 1401 1966; baseline 0.001 -10"><span class='ocrx_word' id='word_1_344' title='bbox 345 1926 500 1957; x_wconf 89' lang='lat' dir='ltr'>ditionem</span> <span class='ocrx_word' id='word_1_345' title='bbox 523 1926 712 1956; x_wconf 89' lang='lat' dir='ltr'>obiectivam</span> <span class='ocrx_word' id='word_1_346' title='bbox 729 1935 847 1966; x_wconf 90' lang='lat' dir='ltr'>ponere</span> <span class='ocrx_word' id='word_1_347' title='bbox 863 1925 1037 1956; x_wconf 88' lang='lat' dir='ltr'>formaliter</span> <span class='ocrx_word' id='word_1_348' title='bbox 1060 1931 1090 1956; x_wconf 89' lang='lat' dir='ltr'>et</span> <span class='ocrx_word' id='word_1_349' title='bbox 1109 1925 1223 1956; x_wconf 87' lang='lat' dir='ltr'>directe</span> <span class='ocrx_word' id='word_1_350' title='bbox 1238 1925 1401 1958; x_wconf 85' lang='lat' dir='ltr'>intentam.</span> 
     </span>
     <span class='ocr_line' id='line_1_44' title="bbox 346 1969 1405 2010; baseline 0 -9"><span class='ocrx_word' id='word_1_351' title='bbox 346 1970 432 2001; x_wconf 90' lang='lat' dir='ltr'>Cum</span> <span class='ocrx_word' id='word_1_352' title='bbox 455 1977 562 2001; x_wconf 88' lang='lat' dir='ltr'>autem</span> <span class='ocrx_word' id='word_1_353' title='bbox 585 1970 710 2000; x_wconf 93' lang='lat' dir='ltr'>nullum</span> <span class='ocrx_word' id='word_1_354' title='bbox 734 1980 771 2000; x_wconf 86' lang='lat' dir='ltr'>ex</span> <span class='ocrx_word' id='word_1_355' title='bbox 794 1969 969 2010; x_wconf 85' lang='lat' dir='ltr'>ignorantia</span> <span class='ocrx_word' id='word_1_356' title='bbox 991 1970 1154 2000; x_wconf 87' lang='lat' dir='ltr'>incursum</span> <span class='ocrx_word' id='word_1_357' title='bbox 1178 1970 1217 2000; x_wconf 90' lang='lat' dir='ltr'>sit</span> <span class='ocrx_word' id='word_1_358' title='bbox 1240 1980 1295 2010; x_wconf 92' lang='lat' dir='ltr'>per</span> <span class='ocrx_word' id='word_1_359' title='bbox 1318 1980 1351 2001; x_wconf 88' lang='lat' dir='ltr'>se</span> <span class='ocrx_word' id='word_1_360' title='bbox 1374 1977 1405 2001; x_wconf 89' lang='lat' dir='ltr'>et</span> 
     </span>
    </p>
   </div>
   <div class='ocr_carea' id='block_1_9' title="bbox 994 178 1848 225">
    <p class='ocr_par' dir='ltr' id='par_1_11' title="bbox 994 178 1848 225">
     <span class='ocr_line' id='line_1_45' title="bbox 994 178 1848 225; baseline 0 -10"><span class='ocrx_word' id='word_1_361' title='bbox 994 178 1258 225; x_wconf 87' lang='lat' dir='ltr'>QUAESTIO</span> <span class='ocrx_word' id='word_1_362' title='bbox 1289 178 1446 224; x_wconf 81' lang='lat' dir='ltr'>LXXII,</span> <span class='ocrx_word' id='word_1_363' title='bbox 1474 178 1767 215; x_wconf 88' lang='lat' dir='ltr'>ARTICULUS</span> <span class='ocrx_word' id='word_1_364' title='bbox 1797 180 1848 215; x_wconf 93' lang='lat' dir='ltr'>IX</span> 
     </span>
    </p>
   </div>
   <div class='ocr_carea' id='block_1_10' title="bbox 1451 254 2517 2011">
    <p class='ocr_par' dir='ltr' id='par_1_12' title="bbox 1452 254 2509 343">
     <span class='ocr_line' id='line_1_46' title="bbox 1452 254 2509 299; baseline 0.009 -16"><span class='ocrx_word' id='word_1_365' title='bbox 1452 254 1566 285; x_wconf 90' lang='lat' dir='ltr'>directe</span> <span class='ocrx_word' id='word_1_366' title='bbox 1582 255 1727 291; x_wconf 89' lang='lat' dir='ltr'>volitum,</span> <span class='ocrx_word' id='word_1_367' title='bbox 1746 265 1943 297; x_wconf 86' lang='lat' dir='ltr'>consequens</span> <span class='ocrx_word' id='word_1_368' title='bbox 1958 265 2004 288; x_wconf 91' lang='lat' dir='ltr'>est</span> <span class='ocrx_word' id='word_1_369' title='bbox 2019 259 2107 299; x_wconf 93' lang='lat' dir='ltr'>quod</span> <span class='ocrx_word' id='word_1_370' title='bbox 2124 260 2211 290; x_wconf 85' lang='lat' dir='ltr'>nulla</span> <span class='ocrx_word' id='word_1_371' title='bbox 2233 260 2419 292; x_wconf 88' lang='lat' dir='ltr'>huiusmodi</span> <span class='ocrx_word' id='word_1_372' title='bbox 2435 271 2509 292; x_wconf 89' lang='lat' dir='ltr'>con-</span> 
     </span>
     <span class='ocr_line' id='line_1_47' title="bbox 1453 297 2264 343; baseline 0.01 -16"><span class='ocrx_word' id='word_1_373' title='bbox 1453 297 1530 329; x_wconf 91' lang='lat' dir='ltr'>ditio</span> <span class='ocrx_word' id='word_1_374' title='bbox 1554 308 1609 328; x_wconf 90' lang='lat' dir='ltr'>seu</span> <span class='ocrx_word' id='word_1_375' title='bbox 1635 298 1866 330; x_wconf 88' lang='lat' dir='ltr'>circumstantia</span> <span class='ocrx_word' id='word_1_376' title='bbox 1889 300 1941 332; x_wconf 88' lang='lat' dir='ltr'>det</span> <span class='ocrx_word' id='word_1_377' title='bbox 1963 308 2091 341; x_wconf 86' lang='lat' dir='ltr'>peccato</span> <span class='ocrx_word' id='word_1_378' title='bbox 2116 303 2264 343; x_wconf 87' lang='lat' dir='ltr'>speciem.</span> 
     </span>
    </p>

    <p class='ocr_par' dir='ltr' id='par_1_13' title="bbox 1451 342 2515 1659">
     <span class='ocr_line' id='line_1_48' title="bbox 1506 342 2509 386; baseline 0.008 -15"><span class='ocrx_word' id='word_1_379' title='bbox 1506 342 1572 372; x_wconf 89' lang='lat' dir='ltr'>Nec</span> <span class='ocrx_word' id='word_1_380' title='bbox 1597 349 1642 373; x_wconf 93' lang='lat' dir='ltr'>est</span> <span class='ocrx_word' id='word_1_381' title='bbox 1660 352 1769 373; x_wconf 90' lang='lat' dir='ltr'>verum</span> <span class='ocrx_word' id='word_1_382' title='bbox 1795 343 1883 383; x_wconf 91' lang='lat' dir='ltr'>quod</span> <span class='ocrx_word' id='word_1_383' title='bbox 1902 350 1989 374; x_wconf 86' lang='lat' dir='ltr'>actus</span> <span class='ocrx_word' id='word_1_384' title='bbox 2003 343 2058 375; x_wconf 90' lang='lat' dir='ltr'>fiat</span> <span class='ocrx_word' id='word_1_385' title='bbox 2073 346 2111 375; x_wconf 90' lang='lat' dir='ltr'>de</span> <span class='ocrx_word' id='word_1_386' title='bbox 2127 346 2214 377; x_wconf 93' lang='lat' dir='ltr'>bono</span> <span class='ocrx_word' id='word_1_387' title='bbox 2231 344 2332 386; x_wconf 85' lang='lat' dir='ltr'>malus</span> <span class='ocrx_word' id='word_1_388' title='bbox 2349 358 2385 378; x_wconf 89' lang='lat' dir='ltr'>ex</span> <span class='ocrx_word' id='word_1_389' title='bbox 2400 348 2509 379; x_wconf 89' lang='lat' dir='ltr'>huius-</span> 
     </span>
     <span class='ocr_line' id='line_1_49' title="bbox 1452 386 2509 432; baseline 0.007 -16"><span class='ocrx_word' id='word_1_390' title='bbox 1452 386 1541 416; x_wconf 91' lang='lat' dir='ltr'>modi</span> <span class='ocrx_word' id='word_1_391' title='bbox 1564 386 1679 426; x_wconf 90' lang='lat' dir='ltr'>ignotis</span> <span class='ocrx_word' id='word_1_392' title='bbox 1699 386 1949 417; x_wconf 87' lang='lat' dir='ltr'>conditionibus:</span> <span class='ocrx_word' id='word_1_393' title='bbox 1973 388 2028 418; x_wconf 92' lang='lat' dir='ltr'>sed</span> <span class='ocrx_word' id='word_1_394' title='bbox 2045 387 2081 418; x_wconf 92' lang='lat' dir='ltr'>fit</span> <span class='ocrx_word' id='word_1_395' title='bbox 2097 389 2134 419; x_wconf 88' lang='lat' dir='ltr'>de</span> <span class='ocrx_word' id='word_1_396' title='bbox 2154 390 2239 421; x_wconf 88' lang='lat' dir='ltr'>malo</span> <span class='ocrx_word' id='word_1_397' title='bbox 2255 390 2355 431; x_wconf 88' lang='lat' dir='ltr'>peior,</span> <span class='ocrx_word' id='word_1_398' title='bbox 2372 399 2426 422; x_wconf 87' lang='lat' dir='ltr'>aut</span> <span class='ocrx_word' id='word_1_399' title='bbox 2439 392 2509 432; x_wconf 91' lang='lat' dir='ltr'>plu-</span> 
     </span>
     <span class='ocr_line' id='line_1_50' title="bbox 1453 430 2509 472; baseline 0.007 -12"><span class='ocrx_word' id='word_1_400' title='bbox 1453 430 1537 461; x_wconf 91' lang='lat' dir='ltr'>ribus</span> <span class='ocrx_word' id='word_1_401' title='bbox 1561 431 1665 460; x_wconf 89' lang='lat' dir='ltr'>modis</span> <span class='ocrx_word' id='word_1_402' title='bbox 1688 430 1799 461; x_wconf 74' lang='lat' dir='ltr'>malus</span> <span class='ocrx_word' id='word_1_403' title='bbox 1825 430 1980 470; x_wconf 85' lang='lat' dir='ltr'>Sagittans</span> <span class='ocrx_word' id='word_1_404' title='bbox 2005 431 2089 462; x_wconf 90' lang='lat' dir='ltr'>enim</span> <span class='ocrx_word' id='word_1_405' title='bbox 2111 432 2297 472; x_wconf 85' lang='lat' dir='ltr'>improvide,</span> <span class='ocrx_word' id='word_1_406' title='bbox 2314 441 2420 466; x_wconf 86' lang='lat' dir='ltr'>actum</span> <span class='ocrx_word' id='word_1_407' title='bbox 2436 435 2509 466; x_wconf 82' lang='lat' dir='ltr'>facit</span> 
     </span>
     <span class='ocr_line' id='line_1_51' title="bbox 1453 474 2508 520; baseline 0.006 -16"><span class='ocrx_word' id='word_1_408' title='bbox 1453 474 1612 505; x_wconf 88' lang='lat' dir='ltr'>moraliter</span> <span class='ocrx_word' id='word_1_409' title='bbox 1639 475 1779 511; x_wconf 82' lang='lat' dir='ltr'>malurn,</span> <span class='ocrx_word' id='word_1_410' title='bbox 1805 475 1900 505; x_wconf 88' lang='lat' dir='ltr'>etiam</span> <span class='ocrx_word' id='word_1_411' title='bbox 1923 475 1948 505; x_wconf 91' lang='lat' dir='ltr'>si</span> <span class='ocrx_word' id='word_1_412' title='bbox 1972 475 2098 506; x_wconf 84' lang='lat' dir='ltr'>nullum</span> <span class='ocrx_word' id='word_1_413' title='bbox 2125 476 2286 517; x_wconf 83' lang='lat' dir='ltr'>contingat</span> <span class='ocrx_word' id='word_1_414' title='bbox 2306 478 2403 510; x_wconf 84' lang='lat' dir='ltr'>laedi:</span> <span class='ocrx_word' id='word_1_415' title='bbox 2429 489 2508 520; x_wconf 91' lang='lat' dir='ltr'>quo-</span> 
     </span>
     <span class='ocr_line' id='line_1_52' title="bbox 1453 518 2510 559; baseline 0.007 -11"><span class='ocrx_word' id='word_1_416' title='bbox 1453 518 1538 548; x_wconf 85' lang='lat' dir='ltr'>niam</span> <span class='ocrx_word' id='word_1_417' title='bbox 1562 518 1717 558; x_wconf 84' lang='lat' dir='ltr'>sagittatio</span> <span class='ocrx_word' id='word_1_418' title='bbox 1742 526 1787 549; x_wconf 90' lang='lat' dir='ltr'>est</span> <span class='ocrx_word' id='word_1_419' title='bbox 1810 526 1897 549; x_wconf 89' lang='lat' dir='ltr'>actus</span> <span class='ocrx_word' id='word_1_420' title='bbox 1920 519 2116 549; x_wconf 87' lang='lat' dir='ltr'>voluntarius</span> <span class='ocrx_word' id='word_1_421' title='bbox 2136 520 2341 559; x_wconf 81' lang='lat' dir='ltr'>periculosus,</span> <span class='ocrx_word' id='word_1_422' title='bbox 2365 529 2396 553; x_wconf 89' lang='lat' dir='ltr'>et</span> <span class='ocrx_word' id='word_1_423' title='bbox 2418 523 2510 554; x_wconf 87' lang='lat' dir='ltr'>debet</span> 
     </span>
     <span class='ocr_line' id='line_1_53' title="bbox 1452 561 2508 607; baseline 0.006 -15"><span class='ocrx_word' id='word_1_424' title='bbox 1452 561 1519 592; x_wconf 90' lang='lat' dir='ltr'>fieri</span> <span class='ocrx_word' id='word_1_425' title='bbox 1542 563 1680 603; x_wconf 88' lang='lat' dir='ltr'>quando,</span> <span class='ocrx_word' id='word_1_426' title='bbox 1705 570 1735 593; x_wconf 91' lang='lat' dir='ltr'>et</span> <span class='ocrx_word' id='word_1_427' title='bbox 1757 563 1822 599; x_wconf 80' lang='lat' dir='ltr'>ubi,</span> <span class='ocrx_word' id='word_1_428' title='bbox 1846 563 1935 599; x_wconf 85' lang='lat' dir='ltr'>sicut,</span> <span class='ocrx_word' id='word_1_429' title='bbox 1960 570 2028 599; x_wconf 74' lang='lat' dir='ltr'>etc„</span> <span class='ocrx_word' id='word_1_430' title='bbox 2053 570 2197 603; x_wconf 88' lang='lat' dir='ltr'>oportet;</span> <span class='ocrx_word' id='word_1_431' title='bbox 2221 565 2311 605; x_wconf 89' lang='lat' dir='ltr'>quod</span> <span class='ocrx_word' id='word_1_432' title='bbox 2328 567 2366 596; x_wconf 83' lang='lat' dir='ltr'>ab</span> <span class='ocrx_word' id='word_1_433' title='bbox 2388 566 2508 607; x_wconf 89' lang='lat' dir='ltr'>impro-</span> 
     </span>
     <span class='ocr_line' id='line_1_54' title="bbox 1451 605 2508 652; baseline 0.005 -16"><span class='ocrx_word' id='word_1_434' title='bbox 1451 605 1526 636; x_wconf 85' lang='lat' dir='ltr'>vido</span> <span class='ocrx_word' id='word_1_435' title='bbox 1543 616 1608 636; x_wconf 91' lang='lat' dir='ltr'>non</span> <span class='ocrx_word' id='word_1_436' title='bbox 1624 613 1771 638; x_wconf 88' lang='lat' dir='ltr'>servatur.</span> <span class='ocrx_word' id='word_1_437' title='bbox 1797 607 1934 644; x_wconf 88' lang='lat' dir='ltr'>Quando</span> <span class='ocrx_word' id='word_1_438' title='bbox 1955 611 2061 638; x_wconf 87' lang='lat' dir='ltr'>autem</span> <span class='ocrx_word' id='word_1_439' title='bbox 2079 607 2160 638; x_wconf 88' lang='lat' dir='ltr'>laedi</span> <span class='ocrx_word' id='word_1_440' title='bbox 2184 607 2324 648; x_wconf 89' lang='lat' dir='ltr'>aliquem</span> <span class='ocrx_word' id='word_1_441' title='bbox 2347 610 2508 652; x_wconf 80' lang='lat' dir='ltr'>contingit,</span> 
     </span>
     <span class='ocr_line' id='line_1_55' title="bbox 1452 649 2509 694; baseline 0.006 -15"><span class='ocrx_word' id='word_1_442' title='bbox 1452 649 1549 679; x_wconf 90' lang='lat' dir='ltr'>laesio</span> <span class='ocrx_word' id='word_1_443' title='bbox 1573 650 1642 680; x_wconf 87' lang='lat' dir='ltr'>talis</span> <span class='ocrx_word' id='word_1_444' title='bbox 1665 657 1811 690; x_wconf 86' lang='lat' dir='ltr'>aggravat</span> <span class='ocrx_word' id='word_1_445' title='bbox 1833 657 1939 682; x_wconf 88' lang='lat' dir='ltr'>actum</span> <span class='ocrx_word' id='word_1_446' title='bbox 1962 651 2026 681; x_wconf 92' lang='lat' dir='ltr'>iam</span> <span class='ocrx_word' id='word_1_447' title='bbox 2049 651 2187 687; x_wconf 90' lang='lat' dir='ltr'>malum,</span> <span class='ocrx_word' id='word_1_448' title='bbox 2213 658 2248 682; x_wconf 92' lang='lat' dir='ltr'>ut</span> <span class='ocrx_word' id='word_1_449' title='bbox 2269 652 2303 682; x_wconf 94' lang='lat' dir='ltr'>in</span> <span class='ocrx_word' id='word_1_450' title='bbox 2325 653 2509 694; x_wconf 86' lang='lat' dir='ltr'>quaestione</span> 
     </span>
     <span class='ocr_line' id='line_1_56' title="bbox 1452 693 2509 735; baseline 0.005 -12"><span class='ocrx_word' id='word_1_451' title='bbox 1452 693 1622 733; x_wconf 88' lang='lat' dir='ltr'>sequenti*</span> <span class='ocrx_word' id='word_1_452' title='bbox 1632 694 1671 723; x_wconf 90' lang='lat' dir='ltr'>de</span> <span class='ocrx_word' id='word_1_453' title='bbox 1682 701 1877 725; x_wconf 88' lang='lat' dir='ltr'>nocumento</span> <span class='ocrx_word' id='word_1_454' title='bbox 1889 702 2074 735; x_wconf 86' lang='lat' dir='ltr'>aggravante</span> <span class='ocrx_word' id='word_1_455' title='bbox 2089 695 2211 726; x_wconf 91' lang='lat' dir='ltr'>dicitur.</span> <span class='ocrx_word' id='word_1_456' title='bbox 2222 695 2263 726; x_wconf 91' lang='lat' dir='ltr'>Et</span> <span class='ocrx_word' id='word_1_457' title='bbox 2274 697 2388 727; x_wconf 87' lang='lat' dir='ltr'>eodem</span> <span class='ocrx_word' id='word_1_458' title='bbox 2399 697 2509 734; x_wconf 87' lang='lat' dir='ltr'>modo,</span> 
     </span>
     <span class='ocr_line' id='line_1_57' title="bbox 1453 736 2509 778; baseline 0.005 -12"><span class='ocrx_word' id='word_1_459' title='bbox 1453 746 1528 767; x_wconf 92' lang='lat' dir='ltr'>cum</span> <span class='ocrx_word' id='word_1_460' title='bbox 1543 736 1614 777; x_wconf 90' lang='lat' dir='ltr'>quis</span> <span class='ocrx_word' id='word_1_461' title='bbox 1629 737 1723 767; x_wconf 88' lang='lat' dir='ltr'>verba</span> <span class='ocrx_word' id='word_1_462' title='bbox 1738 738 1922 769; x_wconf 88' lang='lat' dir='ltr'>detractoria</span> <span class='ocrx_word' id='word_1_463' title='bbox 1937 749 2002 769; x_wconf 91' lang='lat' dir='ltr'>non</span> <span class='ocrx_word' id='word_1_464' title='bbox 2022 740 2224 776; x_wconf 83' lang='lat' dir='ltr'>detrahendo,</span> <span class='ocrx_word' id='word_1_465' title='bbox 2240 740 2295 770; x_wconf 92' lang='lat' dir='ltr'>sed</span> <span class='ocrx_word' id='word_1_466' title='bbox 2309 740 2411 771; x_wconf 80' lang='lat' dir='ltr'>otiose</span> <span class='ocrx_word' id='word_1_467' title='bbox 2426 741 2509 778; x_wconf 86' lang='lat' dir='ltr'>dicit,</span> 
     </span>
     <span class='ocr_line' id='line_1_58' title="bbox 1451 780 2509 825; baseline 0.006 -15"><span class='ocrx_word' id='word_1_468' title='bbox 1451 781 1549 811; x_wconf 90' lang='lat' dir='ltr'>laesio</span> <span class='ocrx_word' id='word_1_469' title='bbox 1573 780 1675 811; x_wconf 83' lang='lat' dir='ltr'>famae</span> <span class='ocrx_word' id='word_1_470' title='bbox 1698 781 1833 820; x_wconf 83' lang='lat' dir='ltr'>proximi</span> <span class='ocrx_word' id='word_1_471' title='bbox 1856 792 1922 812; x_wconf 91' lang='lat' dir='ltr'>non</span> <span class='ocrx_word' id='word_1_472' title='bbox 1945 783 2102 823; x_wconf 88' lang='lat' dir='ltr'>specificat</span> <span class='ocrx_word' id='word_1_473' title='bbox 2124 791 2246 820; x_wconf 87' lang='lat' dir='ltr'>actum,</span> <span class='ocrx_word' id='word_1_474' title='bbox 2271 785 2326 814; x_wconf 89' lang='lat' dir='ltr'>sed</span> <span class='ocrx_word' id='word_1_475' title='bbox 2348 792 2509 825; x_wconf 84' lang='lat' dir='ltr'>aggravat,</span> 
     </span>
     <span class='ocr_line' id='line_1_59' title="bbox 1453 824 2510 869; baseline 0.006 -15"><span class='ocrx_word' id='word_1_476' title='bbox 1453 824 1635 865; x_wconf 88' lang='lat' dir='ltr'>obligatque</span> <span class='ocrx_word' id='word_1_477' title='bbox 1659 825 1697 854; x_wconf 91' lang='lat' dir='ltr'>ad</span> <span class='ocrx_word' id='word_1_478' title='bbox 1721 825 1951 857; x_wconf 86' lang='lat' dir='ltr'>restitutionem</span> <span class='ocrx_word' id='word_1_479' title='bbox 1966 827 2087 858; x_wconf 87' lang='lat' dir='ltr'>ratione</span> <span class='ocrx_word' id='word_1_480' title='bbox 2104 828 2263 858; x_wconf 89' lang='lat' dir='ltr'>laesionis.</span> <span class='ocrx_word' id='word_1_481' title='bbox 2287 828 2320 859; x_wconf 89' lang='lat' dir='ltr'>Si</span> <span class='ocrx_word' id='word_1_482' title='bbox 2338 828 2410 869; x_wconf 90' lang='lat' dir='ltr'>quis</span> <span class='ocrx_word' id='word_1_483' title='bbox 2425 828 2510 860; x_wconf 82' lang='lat' dir='ltr'>simi-</span> 
     </span>
     <span class='ocr_line' id='line_1_60' title="bbox 1452 868 2510 914; baseline 0.005 -16"><span class='ocrx_word' id='word_1_484' title='bbox 1452 869 1521 899; x_wconf 92' lang='lat' dir='ltr'>liter</span> <span class='ocrx_word' id='word_1_485' title='bbox 1536 878 1572 899; x_wconf 83' lang='lat' dir='ltr'>ex</span> <span class='ocrx_word' id='word_1_486' title='bbox 1587 868 1763 909; x_wconf 86' lang='lat' dir='ltr'>ignorantia</span> <span class='ocrx_word' id='word_1_487' title='bbox 1782 869 1915 900; x_wconf 87' lang='lat' dir='ltr'>absolvit</span> <span class='ocrx_word' id='word_1_488' title='bbox 1937 880 1961 914; x_wconf 70' lang='lat' dir='ltr'>a⁴</span> <span class='ocrx_word' id='word_1_489' title='bbox 1978 880 2043 911; x_wconf 91' lang='lat' dir='ltr'>quo</span> <span class='ocrx_word' id='word_1_490' title='bbox 2061 881 2126 902; x_wconf 92' lang='lat' dir='ltr'>non</span> <span class='ocrx_word' id='word_1_491' title='bbox 2142 878 2255 912; x_wconf 90' lang='lat' dir='ltr'>potest,</span> <span class='ocrx_word' id='word_1_492' title='bbox 2280 882 2347 903; x_wconf 93' lang='lat' dir='ltr'>non</span> <span class='ocrx_word' id='word_1_493' title='bbox 2370 879 2416 903; x_wconf 91' lang='lat' dir='ltr'>est</span> <span class='ocrx_word' id='word_1_494' title='bbox 2438 882 2510 903; x_wconf 88' lang='lat' dir='ltr'>reus</span> 
     </span>
     <span class='ocr_line' id='line_1_61' title="bbox 1451 912 2511 957; baseline 0.005 -15"><span class='ocrx_word' id='word_1_495' title='bbox 1451 912 1536 943; x_wconf 90' lang='lat' dir='ltr'>illius</span> <span class='ocrx_word' id='word_1_496' title='bbox 1550 919 1647 948; x_wconf 88' lang='lat' dir='ltr'>actus,</span> <span class='ocrx_word' id='word_1_497' title='bbox 1661 913 1714 942; x_wconf 90' lang='lat' dir='ltr'>sed</span> <span class='ocrx_word' id='word_1_498' title='bbox 1730 912 1900 952; x_wconf 90' lang='lat' dir='ltr'>improvidi</span> <span class='ocrx_word' id='word_1_499' title='bbox 1916 923 1971 944; x_wconf 90' lang='lat' dir='ltr'>seu</span> <span class='ocrx_word' id='word_1_500' title='bbox 1986 914 2159 955; x_wconf 87' lang='lat' dir='ltr'>ignorantis</span> <span class='ocrx_word' id='word_1_501' title='bbox 2174 922 2272 952; x_wconf 84' lang='lat' dir='ltr'>actus,</span> <span class='ocrx_word' id='word_1_502' title='bbox 2285 916 2392 957; x_wconf 87' lang='lat' dir='ltr'>quoad</span> <span class='ocrx_word' id='word_1_503' title='bbox 2407 926 2511 947; x_wconf 90' lang='lat' dir='ltr'>mora-</span> 
     </span>
     <span class='ocr_line' id='line_1_62' title="bbox 1453 956 2511 1000; baseline 0.005 -14"><span class='ocrx_word' id='word_1_504' title='bbox 1453 957 1517 986; x_wconf 89' lang='lat' dir='ltr'>lem</span> <span class='ocrx_word' id='word_1_505' title='bbox 1540 956 1686 997; x_wconf 87' lang='lat' dir='ltr'>speciem.</span> <span class='ocrx_word' id='word_1_506' title='bbox 1703 974 1724 979; x_wconf 99' lang='lat'>—</span> <span class='ocrx_word' id='word_1_507' title='bbox 1741 956 1836 987; x_wconf 87' lang='lat' dir='ltr'>Secus</span> <span class='ocrx_word' id='word_1_508' title='bbox 1859 963 1966 987; x_wconf 87' lang='lat' dir='ltr'>autem</span> <span class='ocrx_word' id='word_1_509' title='bbox 1981 958 2104 989; x_wconf 90' lang='lat' dir='ltr'>videtur</span> <span class='ocrx_word' id='word_1_510' title='bbox 2127 960 2234 1000; x_wconf 89' lang='lat' dir='ltr'>quoad</span> <span class='ocrx_word' id='word_1_511' title='bbox 2250 970 2369 1000; x_wconf 88' lang='lat' dir='ltr'>poenas</span> <span class='ocrx_word' id='word_1_512' title='bbox 2383 960 2511 1000; x_wconf 86' lang='lat' dir='ltr'>positivi</span> 
     </span>
     <span class='ocr_line' id='line_1_63' title="bbox 1453 1000 2511 1041; baseline 0.005 -11"><span class='ocrx_word' id='word_1_513' title='bbox 1453 1001 1542 1031; x_wconf 90' lang='lat' dir='ltr'>iuris:</span> <span class='ocrx_word' id='word_1_514' title='bbox 1559 1001 1713 1041; x_wconf 89' lang='lat' dir='ltr'>quoniam</span> <span class='ocrx_word' id='word_1_515' title='bbox 1727 1000 1804 1030; x_wconf 89' lang='lat' dir='ltr'>iuris</span> <span class='ocrx_word' id='word_1_516' title='bbox 1819 1000 2019 1040; x_wconf 88' lang='lat' dir='ltr'>dispositioni</span> <span class='ocrx_word' id='word_1_517' title='bbox 2034 1003 2184 1033; x_wconf 86' lang='lat' dir='ltr'>standum</span> <span class='ocrx_word' id='word_1_518' title='bbox 2200 1010 2255 1034; x_wconf 90' lang='lat' dir='ltr'>est.</span> <span class='ocrx_word' id='word_1_519' title='bbox 2272 1004 2305 1034; x_wconf 91' lang='lat' dir='ltr'>Si</span> <span class='ocrx_word' id='word_1_520' title='bbox 2317 1004 2412 1041; x_wconf 86' lang='lat' dir='ltr'>enim,</span> <span class='ocrx_word' id='word_1_521' title='bbox 2425 1004 2511 1035; x_wconf 87' lang='lat' dir='ltr'>verbi</span> 
     </span>
     <span class='ocr_line' id='line_1_64' title="bbox 1453 1044 2510 1088; baseline 0.006 -14"><span class='ocrx_word' id='word_1_522' title='bbox 1453 1044 1559 1084; x_wconf 87' lang='lat' dir='ltr'>gratia,</span> <span class='ocrx_word' id='word_1_523' title='bbox 1576 1045 1706 1081; x_wconf 83' lang='lat' dir='ltr'>dicatur,</span> <span class='ocrx_word' id='word_1_524' title='bbox 1723 1044 1759 1074; x_wconf 88' lang='lat' dir='ltr'>Si</span> <span class='ocrx_word' id='word_1_525' title='bbox 1773 1046 1844 1085; x_wconf 81' lang='lat' dir='ltr'>quis</span> <span class='ocrx_word' id='word_1_526' title='bbox 1857 1046 1991 1083; x_wconf 85' lang='lat' dir='ltr'>auserit,</span> <span class='ocrx_word' id='word_1_527' title='bbox 2007 1046 2057 1077; x_wconf 79' lang='lat' dir='ltr'>vel</span> <span class='ocrx_word' id='word_1_528' title='bbox 2065 1049 2320 1088; x_wconf 78' lang='lat' dir='ltr'>praesumpserit</span> <span class='ocrx_word' id='word_1_529' title='bbox 2333 1048 2510 1086; x_wconf 82' lang='lat' dir='ltr'>absolvere,</span> 
     </span>
     <span class='ocr_line' id='line_1_65' title="bbox 1453 1088 2512 1131; baseline 0.004 -12"><span class='ocrx_word' id='word_1_530' title='bbox 1453 1090 1495 1120; x_wconf 85' lang='lat' dir='ltr'>sit</span> <span class='ocrx_word' id='word_1_531' title='bbox 1513 1090 1815 1126; x_wconf 85' lang='lat' dir='ltr'>excommunicatus,</span> <span class='ocrx_word' id='word_1_532' title='bbox 1833 1094 1940 1119; x_wconf 87' lang='lat' dir='ltr'>contra</span> <span class='ocrx_word' id='word_1_533' title='bbox 1959 1088 2074 1120; x_wconf 88' lang='lat' dir='ltr'>faciens</span> <span class='ocrx_word' id='word_1_534' title='bbox 2091 1100 2127 1120; x_wconf 83' lang='lat' dir='ltr'>ex</span> <span class='ocrx_word' id='word_1_535' title='bbox 2142 1090 2328 1131; x_wconf 84' lang='lat' dir='ltr'>ignorantia,</span> <span class='ocrx_word' id='word_1_536' title='bbox 2348 1099 2512 1123; x_wconf 87' lang='lat' dir='ltr'>excusatur</span> 
     </span>
     <span class='ocr_line' id='line_1_66' title="bbox 1454 1132 2511 1173; baseline 0.003 -9"><span class='ocrx_word' id='word_1_537' title='bbox 1454 1143 1472 1164; x_wconf 88' lang='lat' dir='ltr'>a</span> <span class='ocrx_word' id='word_1_538' title='bbox 1488 1141 1606 1173; x_wconf 88' lang='lat' dir='ltr'>poena:</span> <span class='ocrx_word' id='word_1_539' title='bbox 1631 1132 1706 1173; x_wconf 85' lang='lat' dir='ltr'>quia</span> <span class='ocrx_word' id='word_1_540' title='bbox 1725 1139 1889 1163; x_wconf 88' lang='lat' dir='ltr'>excusatur</span> <span class='ocrx_word' id='word_1_541' title='bbox 1904 1133 1942 1162; x_wconf 89' lang='lat' dir='ltr'>ab</span> <span class='ocrx_word' id='word_1_542' title='bbox 1959 1139 2030 1164; x_wconf 89' lang='lat' dir='ltr'>actu</span> <span class='ocrx_word' id='word_1_543' title='bbox 2046 1143 2102 1173; x_wconf 90' lang='lat' dir='ltr'>per</span> <span class='ocrx_word' id='word_1_544' title='bbox 2117 1143 2149 1164; x_wconf 90' lang='lat' dir='ltr'>se</span> <span class='ocrx_word' id='word_1_545' title='bbox 2165 1134 2337 1166; x_wconf 88' lang='lat' dir='ltr'>formaliter</span> <span class='ocrx_word' id='word_1_546' title='bbox 2352 1142 2382 1167; x_wconf 91' lang='lat' dir='ltr'>et</span> <span class='ocrx_word' id='word_1_547' title='bbox 2397 1136 2511 1167; x_wconf 89' lang='lat' dir='ltr'>directe</span> 
     </span>
     <span class='ocr_line' id='line_1_67' title="bbox 1453 1176 2511 1217; baseline 0.004 -10"><span class='ocrx_word' id='word_1_548' title='bbox 1453 1177 1563 1213; x_wconf 87' lang='lat' dir='ltr'>volito,</span> <span class='ocrx_word' id='word_1_549' title='bbox 1588 1177 1677 1217; x_wconf 93' lang='lat' dir='ltr'>quod</span> <span class='ocrx_word' id='word_1_550' title='bbox 1700 1176 1856 1212; x_wconf 80' lang='lat' dir='ltr'>audaciae,</span> <span class='ocrx_word' id='word_1_551' title='bbox 1881 1177 2156 1217; x_wconf 86' lang='lat' dir='ltr'>praesumptionis,</span> <span class='ocrx_word' id='word_1_552' title='bbox 2181 1184 2211 1208; x_wconf 92' lang='lat' dir='ltr'>et</span> <span class='ocrx_word' id='word_1_553' title='bbox 2234 1178 2386 1210; x_wconf 88' lang='lat' dir='ltr'>similium</span> <span class='ocrx_word' id='word_1_554' title='bbox 2408 1180 2511 1210; x_wconf 89' lang='lat' dir='ltr'>nomi-</span> 
     </span>
     <span class='ocr_line' id='line_1_68' title="bbox 1455 1220 2510 1262; baseline 0.004 -11"><span class='ocrx_word' id='word_1_555' title='bbox 1455 1231 1534 1252; x_wconf 90' lang='lat' dir='ltr'>num</span> <span class='ocrx_word' id='word_1_556' title='bbox 1557 1221 1636 1251; x_wconf 86' lang='lat' dir='ltr'>ratio</span> <span class='ocrx_word' id='word_1_557' title='bbox 1658 1220 1805 1251; x_wconf 87' lang='lat' dir='ltr'>insinuat.</span> <span class='ocrx_word' id='word_1_558' title='bbox 1831 1220 1863 1251; x_wconf 94' lang='lat' dir='ltr'>Si</span> <span class='ocrx_word' id='word_1_559' title='bbox 1882 1230 1957 1251; x_wconf 89' lang='lat' dir='ltr'>vero</span> <span class='ocrx_word' id='word_1_560' title='bbox 1981 1220 2109 1257; x_wconf 87' lang='lat' dir='ltr'>dicatur,</span> <span class='ocrx_word' id='word_1_561' title='bbox 2134 1221 2169 1251; x_wconf 86' lang='lat' dir='ltr'>Si</span> <span class='ocrx_word' id='word_1_562' title='bbox 2183 1223 2255 1262; x_wconf 78' lang='lat' dir='ltr'>quis</span> <span class='ocrx_word' id='word_1_563' title='bbox 2268 1223 2447 1262; x_wconf 60' lang='lat' dir='ltr'>absolverit,</span> <span class='ocrx_word' id='word_1_564' title='bbox 2463 1223 2510 1254; x_wconf 90' lang='lat' dir='ltr'>in—</span> 
     </span>
     <span class='ocr_line' id='line_1_69' title="bbox 1455 1265 2511 1308; baseline 0.003 -12"><span class='ocrx_word' id='word_1_565' title='bbox 1455 1265 1556 1296; x_wconf 89' lang='lat' dir='ltr'>cidere</span> <span class='ocrx_word' id='word_1_566' title='bbox 1574 1265 1698 1296; x_wconf 91' lang='lat' dir='ltr'>videtur</span> <span class='ocrx_word' id='word_1_567' title='bbox 1720 1265 1752 1294; x_wconf 88' lang='lat' dir='ltr'>in</span> <span class='ocrx_word' id='word_1_568' title='bbox 1776 1273 1946 1295; x_wconf 86' lang='lat' dir='ltr'>canonem:</span> <span class='ocrx_word' id='word_1_569' title='bbox 1973 1274 2011 1295; x_wconf 91' lang='lat' dir='ltr'>eo</span> <span class='ocrx_word' id='word_1_570' title='bbox 2031 1266 2129 1305; x_wconf 92' lang='lat' dir='ltr'>quod,</span> <span class='ocrx_word' id='word_1_571' title='bbox 2154 1265 2234 1296; x_wconf 87' lang='lat' dir='ltr'>sicut</span> <span class='ocrx_word' id='word_1_572' title='bbox 2257 1273 2361 1306; x_wconf 87' lang='lat' dir='ltr'>potest</span> <span class='ocrx_word' id='word_1_573' title='bbox 2382 1267 2432 1298; x_wconf 90' lang='lat' dir='ltr'>ius</span> <span class='ocrx_word' id='word_1_574' title='bbox 2454 1277 2511 1308; x_wconf 90' lang='lat' dir='ltr'>po-</span> 
     </span>
     <span class='ocr_line' id='line_1_70' title="bbox 1455 1309 2512 1349; baseline 0.003 -9"><span class='ocrx_word' id='word_1_575' title='bbox 1455 1309 1584 1340; x_wconf 87' lang='lat' dir='ltr'>sitivum</span> <span class='ocrx_word' id='word_1_576' title='bbox 1606 1318 1744 1349; x_wconf 87' lang='lat' dir='ltr'>poenam</span> <span class='ocrx_word' id='word_1_577' title='bbox 1767 1318 1885 1348; x_wconf 89' lang='lat' dir='ltr'>ponere</span> <span class='ocrx_word' id='word_1_578' title='bbox 1902 1309 2238 1340; x_wconf 81' lang='lat' dir='ltr'>excommunicationis</span> <span class='ocrx_word' id='word_1_579' title='bbox 2254 1311 2336 1341; x_wconf 87' lang='lat' dir='ltr'>actui</span> <span class='ocrx_word' id='word_1_580' title='bbox 2359 1311 2455 1342; x_wconf 87' lang='lat' dir='ltr'>etiam</span> <span class='ocrx_word' id='word_1_581' title='bbox 2474 1312 2512 1342; x_wconf 89' lang='lat' dir='ltr'>de</span> 
     </span>
     <span class='ocr_line' id='line_1_71' title="bbox 1455 1353 2513 1396; baseline 0.002 -12"><span class='ocrx_word' id='word_1_582' title='bbox 1455 1364 1487 1384; x_wconf 86' lang='lat' dir='ltr'>se</span> <span class='ocrx_word' id='word_1_583' title='bbox 1506 1363 1572 1384; x_wconf 92' lang='lat' dir='ltr'>non</span> <span class='ocrx_word' id='word_1_584' title='bbox 1596 1353 1714 1388; x_wconf 85' lang='lat' dir='ltr'>illicito,</span> <span class='ocrx_word' id='word_1_585' title='bbox 1735 1359 1770 1383; x_wconf 93' lang='lat' dir='ltr'>ut</span> <span class='ocrx_word' id='word_1_586' title='bbox 1788 1359 1874 1394; x_wconf 88' lang='lat' dir='ltr'>patet</span> <span class='ocrx_word' id='word_1_587' title='bbox 1889 1353 1926 1382; x_wconf 92' lang='lat' dir='ltr'>de</span> <span class='ocrx_word' id='word_1_588' title='bbox 1943 1353 2095 1393; x_wconf 83' lang='lat' dir='ltr'>religiosis</span> <span class='ocrx_word' id='word_1_589' title='bbox 2110 1353 2332 1384; x_wconf 81' lang='lat' dir='ltr'>inducentibus</span> <span class='ocrx_word' id='word_1_590' title='bbox 2347 1355 2387 1385; x_wconf 89' lang='lat' dir='ltr'>ad</span> <span class='ocrx_word' id='word_1_591' title='bbox 2409 1355 2513 1396; x_wconf 86' lang='lat' dir='ltr'>sepul·</span> 
     </span>
     <span class='ocr_line' id='line_1_72' title="bbox 1454 1396 2512 1439; baseline 0.003 -11"><span class='ocrx_word' id='word_1_592' title='bbox 1454 1404 1555 1434; x_wconf 84' lang='lat' dir='ltr'>tutas,</span> <span class='ocrx_word' id='word_1_593' title='bbox 1580 1404 1653 1433; x_wconf 88' lang='lat' dir='ltr'>etc.;</span> <span class='ocrx_word' id='word_1_594' title='bbox 1678 1397 1780 1427; x_wconf 90' lang='lat' dir='ltr'>multo</span> <span class='ocrx_word' id='word_1_595' title='bbox 1808 1396 1907 1436; x_wconf 85' lang='lat' dir='ltr'>magis</span> <span class='ocrx_word' id='word_1_596' title='bbox 1930 1403 2035 1436; x_wconf 90' lang='lat' dir='ltr'>potest</span> <span class='ocrx_word' id='word_1_597' title='bbox 2061 1397 2335 1429; x_wconf 84' lang='lat' dir='ltr'>excommunicare</span> <span class='ocrx_word' id='word_1_598' title='bbox 2358 1407 2417 1439; x_wconf 91' lang='lat' dir='ltr'>pro</span> <span class='ocrx_word' id='word_1_599' title='bbox 2440 1400 2512 1431; x_wconf 76' lang='lat' dir='ltr'>actu</span> 
     </span>
     <span class='ocr_line' id='line_1_73' title="bbox 1454 1440 2514 1482; baseline 0.002 -10"><span class='ocrx_word' id='word_1_600' title='bbox 1454 1442 1574 1478; x_wconf 88' lang='lat' dir='ltr'>illicito,</span> <span class='ocrx_word' id='word_1_601' title='bbox 1599 1441 1700 1482; x_wconf 85' lang='lat' dir='ltr'>qualis</span> <span class='ocrx_word' id='word_1_602' title='bbox 1724 1448 1769 1471; x_wconf 89' lang='lat' dir='ltr'>est</span> <span class='ocrx_word' id='word_1_603' title='bbox 1792 1448 1878 1472; x_wconf 88' lang='lat' dir='ltr'>actus</span> <span class='ocrx_word' id='word_1_604' title='bbox 1901 1440 2098 1472; x_wconf 86' lang='lat' dir='ltr'>voluntarius</span> <span class='ocrx_word' id='word_1_605' title='bbox 2121 1451 2158 1472; x_wconf 87' lang='lat' dir='ltr'>ex</span> <span class='ocrx_word' id='word_1_606' title='bbox 2177 1442 2336 1482; x_wconf 86' lang='lat' dir='ltr'>culpabili,</span> <span class='ocrx_word' id='word_1_607' title='bbox 2353 1443 2449 1474; x_wconf 87' lang='lat' dir='ltr'>etiam</span> <span class='ocrx_word' id='word_1_608' title='bbox 2463 1448 2514 1474; x_wconf 54' lang='lat' dir='ltr'>vet*</span> 
     </span>
     <span class='ocr_line' id='line_1_74' title="bbox 1456 1485 2514 1527; baseline 0.002 -11"><span class='ocrx_word' id='word_1_609' title='bbox 1456 1486 1585 1521; x_wconf 62' lang='lat' dir='ltr'>uiriliter,</span> <span class='ocrx_word' id='word_1_610' title='bbox 1601 1485 1785 1525; x_wconf 86' lang='lat' dir='ltr'>ignorantia.</span> <span class='ocrx_word' id='word_1_611' title='bbox 1803 1502 1823 1507; x_wconf 94' lang='lat'><em>-</em></span> <span class='ocrx_word' id='word_1_612' title='bbox 1838 1485 2034 1525; x_wconf 87' lang='lat' dir='ltr'>Reponenda</span> <span class='ocrx_word' id='word_1_613' title='bbox 2049 1492 2123 1516; x_wconf 90' lang='lat' dir='ltr'>sunt</span> <span class='ocrx_word' id='word_1_614' title='bbox 2137 1486 2232 1526; x_wconf 89' lang='lat' dir='ltr'>igitur</span> <span class='ocrx_word' id='word_1_615' title='bbox 2246 1493 2373 1527; x_wconf 84' lang='lat' dir='ltr'>peccata</span> <span class='ocrx_word' id='word_1_616' title='bbox 2387 1487 2420 1517; x_wconf 90' lang='lat' dir='ltr'>in</span> <span class='ocrx_word' id='word_1_617' title='bbox 2438 1486 2514 1518; x_wconf 80' lang='lat' dir='ltr'>solis</span> 
     </span>
     <span class='ocr_line' id='line_1_75' title="bbox 1455 1529 2515 1570; baseline 0.002 -10"><span class='ocrx_word' id='word_1_618' title='bbox 1455 1530 1618 1570; x_wconf 88' lang='lat' dir='ltr'>speciebus</span> <span class='ocrx_word' id='word_1_619' title='bbox 1641 1539 1773 1560; x_wconf 91' lang='lat' dir='ltr'>suorum</span> <span class='ocrx_word' id='word_1_620' title='bbox 1797 1539 1852 1569; x_wconf 88' lang='lat' dir='ltr'>per</span> <span class='ocrx_word' id='word_1_621' title='bbox 1875 1539 1908 1559; x_wconf 90' lang='lat' dir='ltr'>se</span> <span class='ocrx_word' id='word_1_622' title='bbox 1931 1529 2129 1560; x_wconf 84' lang='lat' dir='ltr'>obiectorum</span> <span class='ocrx_word' id='word_1_623' title='bbox 2152 1529 2325 1562; x_wconf 83' lang='lat' dir='ltr'>formaliter</span> <span class='ocrx_word' id='word_1_624' title='bbox 2348 1537 2379 1562; x_wconf 91' lang='lat' dir='ltr'>et</span> <span class='ocrx_word' id='word_1_625' title='bbox 2401 1530 2515 1562; x_wconf 87' lang='lat' dir='ltr'>directe</span> 
     </span>
     <span class='ocr_line' id='line_1_76' title="bbox 1455 1574 2514 1616; baseline 0.002 -12"><span class='ocrx_word' id='word_1_626' title='bbox 1455 1574 1646 1605; x_wconf 89' lang='lat' dir='ltr'>volitorum:</span> <span class='ocrx_word' id='word_1_627' title='bbox 1670 1583 1790 1604; x_wconf 84' lang='lat' dir='ltr'>annexa</span> <span class='ocrx_word' id='word_1_628' title='bbox 1812 1580 1919 1604; x_wconf 87' lang='lat' dir='ltr'>autem</span> <span class='ocrx_word' id='word_1_629' title='bbox 1942 1579 1973 1604; x_wconf 91' lang='lat' dir='ltr'>et</span> <span class='ocrx_word' id='word_1_630' title='bbox 1995 1574 2195 1605; x_wconf 86' lang='lat' dir='ltr'>materialiter</span> <span class='ocrx_word' id='word_1_631' title='bbox 2221 1575 2439 1606; x_wconf 85' lang='lat' dir='ltr'>concurrentia</span> <span class='ocrx_word' id='word_1_632' title='bbox 2462 1584 2514 1616; x_wconf 60' lang='lat' dir='ltr'>ag⁶</span> 
     </span>
     <span class='ocr_line' id='line_1_77' title="bbox 1456 1616 2332 1659; baseline 0.001 -10"><span class='ocrx_word' id='word_1_633' title='bbox 1456 1628 1582 1659; x_wconf 88' lang='lat' dir='ltr'>gravare</span> <span class='ocrx_word' id='word_1_634' title='bbox 1605 1618 1745 1659; x_wconf 88' lang='lat' dir='ltr'>quidem,</span> <span class='ocrx_word' id='word_1_635' title='bbox 1770 1616 1946 1657; x_wconf 89' lang='lat' dir='ltr'>specificare</span> <span class='ocrx_word' id='word_1_636' title='bbox 1969 1624 2075 1648; x_wconf 88' lang='lat' dir='ltr'>autem</span> <span class='ocrx_word' id='word_1_637' title='bbox 2099 1620 2166 1648; x_wconf 89' lang='lat' dir='ltr'>no&#39;n</span> <span class='ocrx_word' id='word_1_638' title='bbox 2188 1625 2332 1659; x_wconf 82' lang='lat' dir='ltr'>possunt.</span> 
     </span>
    </p>

    <p class='ocr_par' dir='ltr' id='par_1_14' title="bbox 1456 1661 2517 2011">
     <span class='ocr_line' id='line_1_78' title="bbox 1511 1661 2515 1699; baseline 0.001 -6"><span class='ocrx_word' id='word_1_639' title='bbox 1511 1662 1592 1694; x_wconf 85' lang='lat' dir='ltr'>VIII.</span> <span class='ocrx_word' id='word_1_640' title='bbox 1613 1662 1674 1693; x_wconf 91' lang='lat' dir='ltr'>Sed</span> <span class='ocrx_word' id='word_1_641' title='bbox 1694 1672 1750 1692; x_wconf 89' lang='lat' dir='ltr'>nec</span> <span class='ocrx_word' id='word_1_642' title='bbox 1765 1662 1826 1692; x_wconf 90' lang='lat' dir='ltr'>hoc</span> <span class='ocrx_word' id='word_1_643' title='bbox 1841 1661 1998 1692; x_wconf 87' lang='lat' dir='ltr'>satisfacit.</span> <span class='ocrx_word' id='word_1_644' title='bbox 2023 1662 2186 1699; x_wconf 86' lang='lat' dir='ltr'>Quoniam</span> <span class='ocrx_word' id='word_1_645' title='bbox 2204 1662 2284 1694; x_wconf 91' lang='lat' dir='ltr'>redit</span> <span class='ocrx_word' id='word_1_646' title='bbox 2301 1662 2366 1693; x_wconf 89' lang='lat' dir='ltr'>fere</span> <span class='ocrx_word' id='word_1_647' title='bbox 2381 1663 2414 1693; x_wconf 89' lang='lat' dir='ltr'>in</span> <span class='ocrx_word' id='word_1_648' title='bbox 2429 1663 2515 1694; x_wconf 89' lang='lat' dir='ltr'>idem</span> 
     </span>
     <span class='ocr_line' id='line_1_79' title="bbox 1457 1706 2515 1747; baseline 0.002 -10"><span class='ocrx_word' id='word_1_649' title='bbox 1457 1717 1531 1737; x_wconf 91' lang='lat' dir='ltr'>cum</span> <span class='ocrx_word' id='word_1_650' title='bbox 1559 1706 1733 1737; x_wconf 87' lang='lat' dir='ltr'>dicentibus</span> <span class='ocrx_word' id='word_1_651' title='bbox 1764 1706 1852 1746; x_wconf 89' lang='lat' dir='ltr'>quod</span> <span class='ocrx_word' id='word_1_652' title='bbox 1885 1712 2009 1736; x_wconf 88' lang='lat' dir='ltr'>tantum</span> <span class='ocrx_word' id='word_1_653' title='bbox 2039 1713 2086 1737; x_wconf 90' lang='lat' dir='ltr'>est</span> <span class='ocrx_word' id='word_1_654' title='bbox 2113 1706 2165 1738; x_wconf 91' lang='lat' dir='ltr'>hic</span> <span class='ocrx_word' id='word_1_655' title='bbox 2194 1707 2330 1747; x_wconf 85' lang='lat' dir='ltr'>peccati,</span> <span class='ocrx_word' id='word_1_656' title='bbox 2358 1713 2515 1747; x_wconf 82' lang='lat' dir='ltr'>quantum</span> 
     </span>
     <span class='ocr_line' id='line_1_80' title="bbox 1458 1750 2514 1792; baseline 0.002 -12"><span class='ocrx_word' id='word_1_657' title='bbox 1458 1750 1588 1781; x_wconf 84' lang='lat' dir='ltr'>omissio</span> <span class='ocrx_word' id='word_1_658' title='bbox 1605 1760 1660 1780; x_wconf 88' lang='lat' dir='ltr'>seu</span> <span class='ocrx_word' id='word_1_659' title='bbox 1677 1750 1874 1790; x_wconf 86' lang='lat' dir='ltr'>negligentia,</span> <span class='ocrx_word' id='word_1_660' title='bbox 1887 1756 1956 1786; x_wconf 68' lang='lat' dir='ltr'>etc„</span> <span class='ocrx_word' id='word_1_661' title='bbox 1969 1750 2127 1780; x_wconf 82' lang='lat' dir='ltr'>meruit*:</span> <span class='ocrx_word' id='word_1_662' title='bbox 2144 1751 2211 1781; x_wconf 83' lang='lat' dir='ltr'>sola</span> <span class='ocrx_word' id='word_1_663' title='bbox 2224 1751 2310 1781; x_wconf 86' lang='lat' dir='ltr'>enim</span> <span class='ocrx_word' id='word_1_664' title='bbox 2321 1750 2435 1782; x_wconf 78' lang='lat' dir='ltr'>maiori</span> <span class='ocrx_word' id='word_1_665' title='bbox 2447 1760 2514 1792; x_wconf 78' lang='lat' dir='ltr'>gra-</span> 
     </span>
     <span class='ocr_line' id='line_1_81' title="bbox 1457 1794 2517 1836; baseline 0.002 -12"><span class='ocrx_word' id='word_1_666' title='bbox 1457 1794 1551 1826; x_wconf 88' lang='lat' dir='ltr'>vitate</span> <span class='ocrx_word' id='word_1_667' title='bbox 1566 1794 1772 1825; x_wconf 83' lang='lat' dir='ltr'>differentiam</span> <span class='ocrx_word' id='word_1_668' title='bbox 1784 1794 1955 1824; x_wconf 87' lang='lat' dir='ltr'>constituit.</span> <span class='ocrx_word' id='word_1_669' title='bbox 1972 1794 2038 1825; x_wconf 91' lang='lat' dir='ltr'>Nec</span> <span class='ocrx_word' id='word_1_670' title='bbox 2050 1794 2186 1825; x_wconf 85' lang='lat' dir='ltr'>salvatur</span> <span class='ocrx_word' id='word_1_671' title='bbox 2200 1795 2288 1836; x_wconf 92' lang='lat' dir='ltr'>quod</span> <span class='ocrx_word' id='word_1_672' title='bbox 2305 1794 2517 1826; x_wconf 85' lang='lat' dir='ltr'>communiter</span> 
     </span>
     <span class='ocr_line' id='line_1_82' title="bbox 1457 1838 2516 1879; baseline 0.002 -10"><span class='ocrx_word' id='word_1_673' title='bbox 1457 1838 1579 1875; x_wconf 88' lang='lat' dir='ltr'>dicitur,</span> <span class='ocrx_word' id='word_1_674' title='bbox 1603 1838 1720 1869; x_wconf 90' lang='lat' dir='ltr'>scilicet</span> <span class='ocrx_word' id='word_1_675' title='bbox 1742 1838 1831 1879; x_wconf 92' lang='lat' dir='ltr'>quod</span> <span class='ocrx_word' id='word_1_676' title='bbox 1855 1838 1930 1868; x_wconf 90' lang='lat' dir='ltr'>tales</span> <span class='ocrx_word' id='word_1_677' title='bbox 1947 1845 2021 1870; x_wconf 90' lang='lat' dir='ltr'>sunt</span> <span class='ocrx_word' id='word_1_678' title='bbox 2036 1838 2224 1876; x_wconf 84' lang='lat' dir='ltr'>homicidae,</span> <span class='ocrx_word' id='word_1_679' title='bbox 2241 1845 2272 1870; x_wconf 90' lang='lat' dir='ltr'>et</span> <span class='ocrx_word' id='word_1_680' title='bbox 2285 1838 2481 1871; x_wconf 84' lang='lat' dir='ltr'>huiusmodi.</span> <span class='ocrx_word' id='word_1_681' title='bbox 2492 1847 2516 1862; x_wconf 49' lang='grc' dir='ltr'>’ἡ</span> 
     </span>
     <span class='ocr_line' id='line_1_83' title="bbox 1457 1881 2516 1924; baseline 0.002 -12"><span class='ocrx_word' id='word_1_682' title='bbox 1457 1882 1542 1920; x_wconf 93' lang='lat' dir='ltr'>Quia</span> <span class='ocrx_word' id='word_1_683' title='bbox 1557 1891 1631 1922; x_wconf 88' lang='lat' dir='ltr'>ergo</span> <span class='ocrx_word' id='word_1_684' title='bbox 1650 1882 1688 1912; x_wconf 91' lang='lat' dir='ltr'>de</span> <span class='ocrx_word' id='word_1_685' title='bbox 1707 1882 1883 1922; x_wconf 86' lang='lat' dir='ltr'>ignorantia</span> <span class='ocrx_word' id='word_1_686' title='bbox 1905 1882 2035 1913; x_wconf 85' lang='lat' dir='ltr'>inferius</span> <span class='ocrx_word' id='word_1_687' title='bbox 2049 1881 2068 1900; x_wconf 67' lang='lat'><em>*</em></span> <span class='ocrx_word' id='word_1_688' title='bbox 2091 1882 2149 1913; x_wconf 89' lang='lat' dir='ltr'>erit</span> <span class='ocrx_word' id='word_1_689' title='bbox 2171 1893 2208 1914; x_wconf 89' lang='lat' dir='ltr'>ex</span> <span class='ocrx_word' id='word_1_690' title='bbox 2224 1883 2391 1924; x_wconf 86' lang='lat' dir='ltr'>proposito</span> <span class='ocrx_word' id='word_1_691' title='bbox 2407 1889 2516 1915; x_wconf 80' lang='lat' dir='ltr'>tracta-</span> 
     </span>
     <span class='ocr_line' id='line_1_84' title="bbox 1456 1926 2516 1968; baseline 0 -10"><span class='ocrx_word' id='word_1_692' title='bbox 1456 1931 1522 1963; x_wconf 81' lang='lat' dir='ltr'>tus,</span> <span class='ocrx_word' id='word_1_693' title='bbox 1547 1933 1578 1957; x_wconf 91' lang='lat' dir='ltr'>et</span> <span class='ocrx_word' id='word_1_694' title='bbox 1600 1936 1637 1957; x_wconf 89' lang='lat' dir='ltr'>ex</span> <span class='ocrx_word' id='word_1_695' title='bbox 1659 1926 1713 1956; x_wconf 91' lang='lat' dir='ltr'>illa</span> <span class='ocrx_word' id='word_1_696' title='bbox 1735 1926 1796 1956; x_wconf 91' lang='lat' dir='ltr'>hoc</span> <span class='ocrx_word' id='word_1_697' title='bbox 1819 1926 1950 1966; x_wconf 87' lang='lat' dir='ltr'>pendet;</span> <span class='ocrx_word' id='word_1_698' title='bbox 1978 1926 2156 1968; x_wconf 85' lang='lat' dir='ltr'>iuncusque</span> <span class='ocrx_word' id='word_1_699' title='bbox 2179 1926 2296 1958; x_wconf 89' lang='lat' dir='ltr'>solutio</span> <span class='ocrx_word' id='word_1_700' title='bbox 2326 1926 2516 1959; x_wconf 83' lang='lat' dir='ltr'>difficultatis</span> 
     </span>
     <span class='ocr_line' id='line_1_85' title="bbox 1457 1969 2423 2011; baseline 0.001 -10"><span class='ocrx_word' id='word_1_701' title='bbox 1457 1970 1552 2002; x_wconf 88' lang='lat' dir='ltr'>huius</span> <span class='ocrx_word' id='word_1_702' title='bbox 1576 1969 1734 2001; x_wconf 87' lang='lat' dir='ltr'>differatur</span> <span class='ocrx_word' id='word_1_703' title='bbox 1749 1970 1774 2001; x_wconf 92' lang='lat'>*.</span> <span class='ocrx_word' id='word_1_704' title='bbox 1800 1971 1887 2001; x_wconf 89' lang='lat' dir='ltr'>Haec</span> <span class='ocrx_word' id='word_1_705' title='bbox 1910 1977 2016 2002; x_wconf 87' lang='lat' dir='ltr'>autem</span> <span class='ocrx_word' id='word_1_706' title='bbox 2041 1971 2227 2002; x_wconf 88' lang='lat' dir='ltr'>exercebunt</span> <span class='ocrx_word' id='word_1_707' title='bbox 2249 1971 2423 2011; x_wconf 85' lang='lat' dir='ltr'>ingenium.</span> 
     </span>
    </p>
   </div>
   <div class='ocr_carea' id='block_1_11' title="bbox 1070 2632 1815 2922">
    <p class='ocr_par' dir='ltr' id='par_1_15' title="bbox 1070 2632 1815 2922">
     <span class='ocr_line' id='line_1_86' title="bbox 1070 2632 1815 2922; baseline 0 1088"><span class='ocrx_word' id='word_1_708' title='bbox 1070 2632 1815 2922; x_wconf 95' lang='lat' dir='ltr'> </span> 
     </span>
    </p>
   </div>
   <div class='ocr_carea' id='block_1_12' title="bbox 2537 701 2649 723">
    <p class='ocr_par' dir='ltr' id='par_1_16' title="bbox 2537 701 2649 723">
     <span class='ocr_line' id='line_1_87' title="bbox 2537 701 2649 723; baseline 0 0"><span class='ocrx_word' id='word_1_709' title='bbox 2537 702 2546 711; x_wconf 86' lang='lat'>&#39;</span> <span class='ocrx_word' id='word_1_710' title='bbox 2560 702 2611 723; x_wconf 84' lang='lat' dir='ltr'>Art.</span> <span class='ocrx_word' id='word_1_711' title='bbox 2627 701 2649 723; x_wconf 82' lang='lat'>8.</span> 
     </span>
    </p>
   </div>
   <div class='ocr_carea' id='block_1_13' title="bbox 2542 1754 2730 1778">
    <p class='ocr_par' dir='ltr' id='par_1_17' title="bbox 2542 1754 2730 1778">
     <span class='ocr_line' id='line_1_88' title="bbox 2542 1754 2730 1778; baseline -0.005 -1"><span class='ocrx_word' id='word_1_712' title='bbox 2542 1755 2553 1767; x_wconf 69' lang='lat'>⁸</span> <span class='ocrx_word' id='word_1_713' title='bbox 2568 1754 2604 1777; x_wconf 82' lang='lat' dir='ltr'>Cf.</span> <span class='ocrx_word' id='word_1_714' title='bbox 2619 1760 2684 1778; x_wconf 83' lang='lat' dir='ltr'>num.</span> <span class='ocrx_word' id='word_1_715' title='bbox 2698 1761 2730 1777; x_wconf 79' lang='lat' dir='ltr'>vr.</span> 
     </span>
    </p>
   </div>
   <div class='ocr_carea' id='block_1_14' title="bbox 2544 1886 2707 1914">
    <p class='ocr_par' dir='ltr' id='par_1_18' title="bbox 2544 1886 2707 1914">
     <span class='ocr_line' id='line_1_89' title="bbox 2544 1886 2707 1914; baseline -0.006 -5"><span class='ocrx_word' id='word_1_716' title='bbox 2544 1888 2553 1898; x_wconf 87' lang='grc'>·</span> <span class='ocrx_word' id='word_1_717' title='bbox 2569 1886 2617 1914; x_wconf 86' lang='lat' dir='ltr'>Qu.</span> <span class='ocrx_word' id='word_1_718' title='bbox 2630 1892 2707 1909; x_wconf 76' lang='lat' dir='ltr'>mvn.</span> 
     </span>
    </p>
   </div>
   <div class='ocr_carea' id='block_1_15' title="bbox 2545 1948 2757 1998">
    <p class='ocr_par' dir='ltr' id='par_1_19' title="bbox 2545 1948 2757 1998">
     <span class='ocr_line' id='line_1_90' title="bbox 2545 1948 2757 1998; baseline 0.005 -1"><span class='ocrx_word' id='word_1_719' title='bbox 2545 1948 2757 1998; x_wconf 51' lang='lat' dir='ltr'>anae-⁴⁷</span> 
     </span>
    </p>
   </div>
   <div class='ocr_carea' id='block_1_16' title="bbox 2797 0 2840 3850">
    <p class='ocr_par' dir='ltr' id='par_1_20' title="bbox 2797 0 2840 3850">
     <span class='ocr_line' id='line_1_91' title="bbox 2797 0 2840 3850; baseline 0 0"><span class='ocrx_word' id='word_1_720' title='bbox 2797 0 2840 3850; x_wconf 95' lang='lat' dir='ltr'> </span> 
     </span>
    </p>
   </div>
  </div>
 </body>
</html>
