2840 4010
61 742 72 754 ⁶
79 742 160 769 Redi„
170 747 272 770 eapaxi,

60 774 120 791 vers.
136 774 152 790 i.

62 1842 72 1853 ·
77 1839 116 1864 Cf.
121 1843 166 1864 art.
172 1846 194 1869 a,
201 1841 274 1864 com-

61 1870 135 1891 n-t.
143 1873 168 1890 n.
182 1873 206 1890 ιν
219 1873 272 1896 sqq.

0 1994 2 2029 w-
0 1895 7 1977 νει-οι
0 1838 9 1879 Ὗ-

56 2854 67 2865 ⁸
85 2854 155 2876 Arist.
175 2853 268 2876 Foster.

56 2879 196 2907 Ana1.,1ib.1
217 2885 243 2902 ea
261 2895 267 2901 .

8 2916 9 2921 =
57 2896 243 2934 mr‚n.8.-S.T
263 2922 268 2928 .

57 2933 108 2955 lect.
122 2938 186 2954 xxiv.

966 177 1232 223 QUAESTIO
1261 176 1364 223 CIX,
1393 177 1688 215 ARTICULUS
1716 177 1802 214 VIII

299 255 395 292 tioni,
417 255 473 289 sed
496 255 726 296 obsequentem
742 265 774 286 se
790 256 834 286 illi
855 257 1011 296 praebere.
1028 257 1126 293 Quod
1150 262 1196 288 est
1218 256 1250 285 in
1270 262 1358 296 pote-

298 306 376 331 state
398 298 570 330 voluntatis
599 299 787 339 peccatoris,
815 300 896 331 sicut
920 310 1047 340 peccare
1073 299 1261 330 mortaliter:
1285 299 1360 340 quia

298 342 565 383 impedimentum
588 352 654 374 non
677 350 852 383 praestatur
874 344 934 375 nisi
957 353 1012 384 pei·
1027 350 1194 384 peccatum
1215 342 1358 378 mortale,

299 393 330 417 et
353 386 481 427 sequela
496 387 622 418 divinae
637 387 790 421 motionis
801 397 884 427 opus
901 394 947 419 est
959 387 1048 418 liberi
1064 386 1190 418 arbitrii.
1206 387 1272 417 Nec
1287 387 1360 426 plus

299 429 394 470 exigit
408 440 465 471 per
487 440 545 461 sua
560 437 726 470 praecepta
748 432 787 462 ab
810 431 941 462 homine
957 431 1043 462 Deus
1066 430 1099 461 in
1117 429 1172 461 tali
1195 436 1287 466 statu,
1304 431 1359 470 qui

299 483 367 506 non
389 474 540 515 praecipit
561 474 687 507 homini
709 475 742 506 in
762 484 970 516 quocumque
992 481 1075 505 statu
1099 481 1135 504 ut
1157 473 1249 504 faciat
1271 473 1360 514 quod

299 518 496 558 impossibile
519 525 566 550 est
588 519 627 550 ab
650 528 690 549 eo
705 517 782 550 fieri.
799 518 954 555 Quamvis
971 517 1005 548 in
1023 523 1180 557 potestate
1203 517 1270 547 eius
1294 527 1359 547 non

301 562 340 593 sit
371 562 480 594 tollere
511 562 695 603 appositum
724 572 745 594 a
765 572 799 594 ae
827 562 915 602 prius
945 560 1212 600 impedimentum
1242 561 1360 600 peccati

301 606 443 637 mortalis
466 606 648 643 commissi,
670 613 706 638 ut
728 606 762 636 in
783 605 916 637 articulo
939 604 1137 645 praecedenti
1160 604 1281 636 dictum
1305 611 1360 636 est.

300 650 367 681 Nec
389 650 580 690 praecipitur
601 649 725 681 homini
747 649 839 689 lapso
862 648 895 680 in
918 654 1059 689 peccato,
1083 655 1119 679 ut
1140 648 1231 680 tollat
1252 648 1361 688 ipsum

303 704 321 724 a
344 702 391 725 se:
411 694 467 725 sed
490 701 526 726 ut
544 695 738 733 deprecetur,
758 699 790 723 et
811 693 1004 733 inquantum
1019 692 1052 723 in
1075 702 1108 722 se
1124 699 1187 729 est,
1210 699 1360 732 operetur

301 744 338 769 ut
353 748 372 768 a
386 738 456 769 Deo
470 737 644 773 auferatun
662 736 750 769 iuxta
764 736 844 768 illud
855 736 888 766 *z
905 736 980 774 Fili,
997 737 1158 776 peccasti:
1172 746 1212 767 ne
1226 736 1361 767 adiicias

302 783 418 812 iterum
425 789 439 819 ,⁶
460 781 518 812 sed
538 781 579 812 de
595 781 743 821 pristinis
764 780 949 820 deprecare,
968 786 1003 810 ut
1024 780 1230 811 dimittantur
1251 780 1316 811 tibi.

356 825 409 858 lx.
426 825 622 863 Quaestione
638 823 735 864 igitur
750 824 907 864 pendente
922 824 955 855 in
979 823 1161 856 difficultate
1176 833 1243 855 non
1254 833 1359 864 parva,

301 869 474 901 dicendum
494 875 543 901 est
563 868 652 909 quod
675 878 770 908 posse
791 868 842 898 vel
864 878 931 899 non
953 878 1047 909 posse
1070 878 1130 899 nos
1152 867 1281 908 aliquid,
1305 868 1362 899 du-

301 912 422 952 pliciter
443 912 574 954 intelligi
597 918 717 952 potest:
741 912 858 943 scilicet
879 912 930 943 vel
948 912 1034 944 iuxta
1048 912 1186 943 modum
1197 921 1265 953 quo
1285 911 1360 942 dici-

300 963 352 988 tur
374 966 469 996 posse
485 966 506 987 a
521 955 655 988 naturali
677 956 837 996 potentia;
857 957 909 987 vel
930 956 1015 987 iuxta
1038 956 1174 988 modum
1195 965 1264 997 quo
1287 955 1361 986 dici-

301 1006 354 1032 tur
375 1010 470 1040 posse
489 1009 512 1033 a
531 999 678 1032 facultate
705 1000 848 1031 habitus:
872 1000 953 1031 sicut
981 1000 1096 1041 aliquis
1125 999 1239 1032 dicitur
1267 1009 1360 1040 posse

301 1044 380 1076 seire
401 1044 622 1077 mdusienes
644 1044 850 1084 geometricas
872 1045 922 1075 vel
945 1054 982 1075 ex
996 1043 1130 1076 naturali
1151 1044 1293 1084 potentia
1314 1043 1360 1074 in-

301 1087 452 1124 tellectus,
467 1088 517 1119 vel
541 1098 578 1120 ex
600 1088 734 1128 cognitis
753 1088 912 1128 principiis
935 1088 1135 1128 geometriae.
1153 1088 1297 1129 utroque
1320 1088 1360 1118 si-

301 1131 432 1172 quidem
450 1132 551 1163 modo
565 1131 680 1163 dicitur
701 1141 812 1172 posse:
837 1133 892 1163 sed
914 1132 1030 1172 primo,
1050 1131 1226 1164 sectiudum
1248 1137 1360 1173 poten-

299 1175 378 1208 tiam
393 1182 564 1212 remotam;
583 1177 734 1212 secundo,
751 1177 927 1207 secundum
945 1176 1121 1217 potentiam
1136 1175 1359 1216 propinquam.

301 1219 337 1253 lu
350 1219 521 1261 proposit9
534 1230 603 1251 non
617 1227 664 1252 est
678 1220 823 1261 quaestio
839 1221 878 1251 de
890 1230 984 1261 posse
999 1220 1050 1252 vel
1063 1230 1133 1251 non
1142 1229 1236 1261 posse
1248 1229 1360 1251 secun-

255 1290 261 1292 .
294 1263 385 1296 dnm
403 1262 492 1304 quod
513 1274 534 1295 a
546 1264 691 1295 vnaturali
714 1264 854 1305 potentia
877 1265 1022 1301 sumitur,
1047 1274 1130 1305 quae
1151 1269 1201 1295 eat
1219 1264 1361 1304 potentia

301 1314 423 1341 remota
445 1315 590 1348 respectu
617 1308 777 1340 vitatiouis
803 1309 910 1339 omnis
936 1308 1072 1349 peceati:
1100 1308 1156 1342 sed
1184 1308 1360 1339 secundum

301 1352 392 1392 quod
405 1352 543 1384 sumitur
555 1363 574 1383 a
588 1352 678 1393 quasi
693 1352 813 1388 habitu,
830 1352 910 1384 idest
926 1351 1176 1392 super-adiunctis
1189 1352 1360 1394 potentiae.

302 1396 400 1433 Quod
423 1406 461 1428 ex
481 1406 521 1427 eo
543 1402 630 1436 patet
651 1397 740 1437 quod
762 1396 796 1427 in
811 1396 912 1427 littera
927 1406 994 1427 non
1009 1396 1169 1428 defectum
1184 1395 1361 1428 intellectus

301 1447 357 1471 aut
369 1440 552 1476 voluntatis,
568 1446 623 1470 aut
646 1440 779 1470 aliarum
795 1440 1009 1480 potentiarum
1025 1440 1161 1476 animae:
1181 1440 1237 1471 sed
1258 1440 1360 1481 priva-

300 1484 428 1516 tionem,
443 1484 562 1525 gratiae
582 1483 838 1524 inhaesionisque
861 1483 917 1514 fini
941 1484 1067 1521 ultimo,
1081 1484 1305 1515 adhaen‘onem
1322 1485 1362 1515 ad

301 1528 425 1560 nulum
450 1527 565 1564 finem,
587 1527 966 1568 impraemeditationem,
991 1535 1022 1560 et
1039 1528 1234 1565 huiusmodi,
1251 1539 1360 1560 causas

301 1572 393 1612 ponit
407 1575 536 1604 ..Auctor
557 1572 774 1612 impotentiae.
799 1572 840 1603 Et
863 1579 1030 1613 propterea
1051 1572 1203 1604 deficiunt
1223 1573 1360 1604 rationes

301 1625 384 1656 que
400 1626 502 1657 super
523 1616 665 1648 libertate
687 1616 888 1647 deliberativa
909 1616 1092 1647 fundantur.

322 1685 325 1688 Α
357 1660 396 1692 X.
419 1659 585 1691 Manifesta
606 1667 714 1692 autem
737 1667 822 1700 patet
841 1661 931 1701 quod
953 1660 1094 1700 potentia
1115 1660 1297 1702 propinqua
1315 1661 1361 1691 vi-

300 1704 388 1736 tandi
410 1714 508 1735 omne
529 1704 653 1735 malum
675 1704 804 1744 culpae,
829 1714 866 1735 ex
889 1704 1015 1735 duobus
1043 1705 1220 1736 constabat:
1243 1704 1361 1736 scilicet

301 1758 339 1781 a
361 1747 470 1788 vigore
492 1748 633 1785 rationis,
657 1755 689 1779 et
711 1748 905 1779 subiectione
927 1748 1111 1788 simpliciter
1126 1748 1298 1780 voluntatis
1320 1749 1360 1779 ad

300 1792 419 1824 Deum.
441 1792 500 1824 His
516 1792 602 1823 enim
620 1792 814 1823 naturalibus
830 1792 979 1832 potentiis
999 1792 1164 1830 adiunctis,
1179 1793 1285 1832 potuit
1303 1793 1360 1823 ho-

301 1846 356 1868 mo
380 1836 478 1868 vitare
500 1846 597 1867 omne
621 1843 802 1877 peccatum,
827 1843 863 1867 ut
885 1836 1082 1876 praedictum
1104 1836 1165 1868 fuit
1184 1837 1211 1868 ¹⁸⁸.
1233 1837 1360 1868 Perdito

300 1887 408 1912 autem
430 1890 487 1920 per
510 1880 661 1920 originale
688 1887 855 1920 peccatum
877 1880 1006 1911 rationis
1027 1881 1152 1921 vigore,
1178 1881 1292 1912 amissa
1315 1888 1362 1912 est

300 1924 398 1956 simul
420 1924 562 1964 potentia
583 1924 702 1955 vitandi
726 1934 822 1955 omne
845 1931 1011 1964 peccatum
1034 1925 1164 1956 actuale.

354 1969 500 2000 Potentia
521 1978 598 1999 vero
623 1968 743 2000 vitandi
770 1978 866 1999 omne
894 1975 1058 2009 peccatum
1087 1969 1238 2006 mortale,
1260 1969 1294 1999 in
1317 1970 1359 2000 al-

299 2019 368 2044 tero
398 2012 560 2049 consistit,
593 2012 711 2043 scilicet
741 2012 939 2044 subiectione
967 2012 1142 2044 voluntatis
1170 2013 1211 2043 ad
1240 2013 1358 2044 Deum.

299 2057 387 2088 Talis
410 2066 550 2097 namque
580 2056 734 2088 subiectio
763 2057 940 2088 secundum
961 2057 1129 2088 veritatem
1146 2056 1268 2098 posita,
1293 2067 1359 2088 non

300 2107 360 2132 stat
383 2110 458 2132 cum
481 2107 610 2141 peccato
627 2101 770 2137 mortali;
793 2108 925 2137 remota,
942 2101 1034 2141 ponit
1051 2100 1216 2132 hominem
1238 2100 1272 2131 in
1287 2112 1359 2142 pec-

301 2151 370 2176 cato
394 2145 538 2181 mortali;
563 2151 594 2175 et
617 2151 664 2176 est
685 2145 854 2185 proprium
875 2145 1069 2185 principium
1098 2145 1216 2176 vitandi
1239 2146 1359 2185 peccati

299 2189 452 2220 mortalis.
476 2189 631 2227 Quamvis
654 2189 740 2219 enim
762 2189 824 2220 tale
847 2195 1014 2229 peccatum
1036 2189 1184 2225 mortale,
1210 2196 1288 2230 puta
1310 2190 1359 2220 in-

299 2233 544 2273 temperantiae,
570 2233 671 2273 possit
691 2243 729 2263 ex
748 2233 810 2264 alio
834 2232 990 2273 principio
1012 2232 1122 2269 vitari;
1145 2233 1360 2265 universaliter

299 2283 406 2308 tamen
429 2283 461 2308 et
482 2277 627 2317 absolute
643 2276 801 2308 vitationis
825 2277 942 2317 peccati
959 2277 1100 2308 mortalis
1123 2277 1210 2307 nulla
1223 2285 1271 2308 est
1285 2288 1359 2318 pro-

299 2321 368 2361 pria
390 2331 486 2352 causa
513 2321 573 2351 nisi
595 2320 665 2352 talis
693 2320 858 2352 subiectio.
887 2321 1024 2361 Oportet
1050 2321 1210 2362 siquidem
1233 2321 1357 2353 effectui

298 2364 468 2396 universali
481 2375 609 2396 causam
633 2364 842 2395 universalem
862 2372 899 2396 ut
921 2364 1084 2406 propriam
1106 2366 1307 2405 respondere,
1323 2374 1359 2397 ut

260 2424 271 2429 ·
298 2415 384 2450 patet
397 2409 431 2440 in
450 2408 655 2449 philosophia
665 2407 694 2439 ⁴⁶.
709 2409 827 2439 Nullus
842 2409 927 2439 enim
943 2415 1040 2445 actus,
1063 2408 1198 2440 habitus·
1209 2409 1275 2440 sive
1298 2410 1360 2440 dis-

263 2454 270 2487 ,”
297 2453 426 2494 positio,
446 2463 513 2484 non
527 2453 692 2484 includens
711 2453 806 2483 talem
822 2453 1061 2489 subiectionem,
1078 2453 1148 2484 talis
1167 2460 1213 2484 est
1223 2460 1359 2484 *naturae

298 2504 330 2528 et
350 2496 555 2528 sufficientiae
578 2506 615 2527 ex
634 2507 667 2527 se
692 2503 728 2528 ut
750 2497 851 2537 possit
871 2497 1056 2528 vitationem
1077 2497 1196 2537 peccati
1217 2498 1359 2528 mortalis

298 2541 532 2576 universaliten
560 2548 597 2572 ut
619 2547 705 2581 patet
728 2541 943 2572 discurrendo.
963 2541 1052 2571 Talis
1075 2547 1182 2572 autem
1205 2542 1358 2573 subiectio

298 2594 336 2616 α
357 2595 391 2616 se
413 2585 600 2616 huiusmodi
623 2591 753 2616 naturae
781 2592 811 2616 et
841 2584 1045 2616 sufficientiae
1069 2591 1133 2615 est:
1157 2585 1232 2626 quia
1253 2586 1287 2616 in
1309 2587 1358 2617 ul-

297 2629 378 2660 timo
401 2629 464 2660 fine
486 2628 554 2669 figit
576 2629 783 2665 voluntatem,
807 2625 1022 2660 submittendo
1042 2628 1087 2659 illi
1103 2629 1221 2665 omnia,
1242 2640 1278 2661 ac
1301 2640 1358 2670 per

297 2673 360 2704 hoc
382 2673 423 2703 ad
455 2673 565 2703 omnia
597 2673 746 2714 opposita
774 2673 900 2703 vitanda
933 2683 965 2703 se
998 2673 1152 2709 extendit;
1176 2683 1232 2713 per
1262 2673 1358 2705 huius

297 2717 384 2748 enim
406 2716 631 2747 adhaesionem
649 2717 758 2747 omnia
781 2717 952 2757 regulanda
974 2726 1041 2747 esse
1065 2723 1196 2754 constat,
1212 2727 1279 2748 non
1302 2729 1358 2758 per

299 2761 384 2792 alias.
413 2761 455 2791 Et
482 2760 636 2801 quoniam
658 2761 692 2791 in
715 2760 818 2791 causis
847 2760 984 2800 propriis
1011 2767 1096 2791 tenet
1123 2769 1356 2801 argumentum,

297 2805 333 2835 Si
354 2804 532 2846 affirmatio
554 2810 602 2835 est
629 2814 728 2835 causa
758 2804 1004 2845 qffirmafionis,
1029 2806 1159 2845 negatio
1181 2811 1228 2836 est
1257 2816 1357 2837 causa

297 2849 478 2890 negationis
489 2848 518 2886 *,
529 2857 727 2889 consequens
740 2855 786 2879 est
797 2848 895 2888 quod,
908 2849 983 2889 quia
994 2847 1160 2879 affirmatio
1172 2849 1241 2880 talis
1253 2850 1357 2881 subie-

297 2892 409 2923 ctionis
424 2892 516 2933 ponit
533 2891 710 2932 potentiam
727 2892 941 2932 propinquam
955 2892 1074 2922 vitandi
1090 2900 1255 2932 peccatum
1271 2904 1357 2924 mor-

295 2936 367 2972 tale,
382 2936 516 2976 privatio
540 2936 611 2967 talis
633 2935 836 2967 subiectionis
855 2936 990 2976 privabit
1013 2936 1154 2976 potentia
1177 2938 1357 2980 propinqua

295 2980 413 3011 vitandi
436 2986 602 3020 peccatum
624 2980 767 3011 mortale.
784 2979 826 3011 Et
847 2980 923 3020 quia
945 2980 1016 3011 talis
1040 2980 1193 3016 subiectio
1217 2981 1357 3013 aufertur

296 3034 352 3065 per
373 3031 539 3064 peccatum
555 3023 698 3059 mortale,
716 3030 752 3054 ut
773 3031 951 3064 perseverat
965 3034 1067 3064 usque
1081 3025 1122 3054 ad
1137 3024 1356 3056 remissionem

296 3068 454 3104 eiusdem3
477 3067 620 3108 sequitur
637 3068 726 3108 quod
749 3067 849 3098 homo
864 3067 897 3097 in
913 3074 1042 3108 peccato
1063 3068 1189 3099 mortali
1211 3068 1356 3105 existens,

296 3112 356 3143 nisi
379 3122 435 3152 per
457 3111 589 3152 gratiam
612 3111 671 3142 Dei
694 3118 864 3151 reparetur,
880 3111 1040 3152 impotens
1064 3119 1110 3142 est
1128 3112 1168 3142 ad
1190 3111 1356 3144 vitandum

295 3162 461 3197 peccatum
483 3155 626 3186 mortale.
1159 3158 1162 3160 '

351 3201 417 3230 Nec
440 3206 606 3240 propterea
629 3209 694 3230 non
718 3199 815 3230 libere
833 3205 950 3239 peccat,
967 3198 1023 3239 qui
1045 3198 1168 3238 singula
1191 3206 1296 3239 potest
1309 3201 1356 3231 vi-

296 3252 370 3276 tare.
401 3244 488 3275 Sicut
511 3244 606 3274 etiam
629 3253 696 3274 non
719 3250 884 3274 excusatur
907 3253 925 3273 a
947 3242 1126 3273 voluntario
1149 3242 1183 3273 in
1205 3244 1356 3275 commis-

296 3289 385 3320 sione
408 3287 590 3324 venialium,
606 3287 678 3318 licet
701 3297 767 3317 non
790 3286 891 3327 possit
908 3286 1029 3317 veniale
1051 3286 1158 3323 vitare,
1176 3287 1286 3317 eadem
1304 3297 1354 3319 ra-

295 3333 391 3369 tione,
408 3332 484 3373 quia
507 3331 630 3372 singula
652 3337 758 3372 potest
779 3330 886 3361 vitare.
903 3331 944 3362 Et
966 3330 1043 3361 haec
1065 3330 1144 3360 ratio
1167 3330 1308 3362 redditur
1322 3332 1355 3362 in

295 3377 396 3408 littera
419 3377 459 3406 ad
483 3376 599 3407 dictam
623 3375 874 3406 conclusionem.

350 3421 403 3451 XI.
433 3421 552 3451 Verum
582 3419 655 3460 quia
686 3419 718 3449 in
742 3418 843 3450 littera
874 3428 940 3448 non
973 3418 1079 3448 solum
1111 3418 1240 3458 ponitur
1272 3418 1354 3449 dicta

296 3465 470 3501 conclusio,
491 3464 607 3495 scilicet
630 3464 719 3504 quod
735 3463 836 3494 homo
858 3463 890 3493 in
907 3462 1032 3493 mortali
1049 3471 1115 3492 non
1138 3469 1242 3502 potest
1258 3461 1354 3492 vitare

296 3509 438 3545 mortale,
451 3509 510 3547 >sed
533 3508 715 3548 adiungitur
736 3507 768 3548 ly
791 3507 857 3545 diu,
885 3514 915 3537 et
937 3506 1032 3537 simul
1056 3507 1207 3546 probatur
1229 3513 1353 3536 totum:

437 3569 546 3593 Summae
565 3568 666 3593 Tui-201..
685 3568 716 3592 D.
729 3567 842 3592 Tacitae
861 3567 893 3592 T.
908 3567 949 3591 IV.

2398 183 2469 219 305

1412 256 1495 292 ideo,
1513 263 1549 287 ut
1572 267 1665 288 causa
1681 256 1776 288 etiam
1792 257 1927 297 positiva
1942 257 2123 298 propositae
2137 258 2340 299 impotentiae
2359 261 2472 293 habea-

1412 306 1474 336 tur,
1491 300 1672 340 adiungitur
1694 300 1726 331 id
1750 300 1840 341 quod
1862 301 2093 332 concomitatur
2115 303 2326 342 privationem
2353 307 2472 337 antedi-

1413 350 1510 379 ctam;
1537 351 1568 375 et
1586 351 1633 375 est
1647 345 1752 375 malus
1766 344 1838 375 finis
1853 352 2110 386 praeconceptus.
2129 346 2214 377 Scire
2229 358 2368 389 namque
2380 359 2473 389 opor·

1414 394 1457 418 tet
1473 389 1571 428 quod,
1595 388 1676 419 sicut
1698 388 1731 418 in
1754 388 1875 419 actibus
1898 389 2052 420 virtutum
2067 397 2142 421 sunt
2164 391 2230 421 duo
2253 391 2341 428 fines,
2358 393 2473 424 scilicet

1414 432 1562 470 proprius
1575 431 1660 462 illius
1675 432 1808 468 virtutis,
1825 439 1856 463 et
1879 433 2060 464 communis
2079 435 2236 471 omnium,
2258 443 2336 475 puta
2350 436 2385 467 in
2401 445 2471 468 actu

1414 475 1637 514 temperantiae
1660 476 1784 506 bonum
1807 476 1937 507 rationis
1954 484 1984 508 et
1999 478 2103 514 Deus;
2126 478 2170 510 ita
2187 479 2220 509 in
2236 480 2372 519 peccatis
2386 491 2472 511 mor-

1414 518 1527 549 talibus
1551 526 1606 555 est,
1627 520 1709 550 ultra
1725 520 1858 560 speciale
1877 521 2008 558 malum,
2030 522 2125 552 etiam
2145 532 2316 554 commune
2339 525 2470 561 malum,

1415 562 1531 592 scilicet
1556 563 1754 594 inordinatus
1781 573 1872 594 amor
1896 564 1962 601 sui;
1987 572 2022 595 ut
2045 572 2130 605 patet
2153 576 2190 597 ex
2212 568 2375 599 antedictis
2389 569 2417 607 *,
2441 576 2472 601 et

1415 606 1595 645 Augustino
1610 606 1642 636 *ε
1665 607 1760 638 Duas
1783 609 1926 639 civitates
1947 609 2011 639 duo
2023 609 2160 650 faciunt
2175 620 2318 643 amores:
2340 613 2470 644 Ierusa-

1415 649 1475 679 lem
1496 660 1588 680 amor
1602 651 1665 681 Dei
1683 660 1782 691 usque
1797 651 1839 682 ad
1853 657 2065 692 contemptum
2081 655 2143 691 sui,
2159 654 2358 695 Babylonem
2377 666 2472 687 arnor

1414 694 1465 723 sui
1489 703 1587 734 usque
1610 694 1653 724 ad
1676 700 1885 735 contemptum
1908 696 1980 727 Dei.
2005 697 2048 726 Hi
2068 697 2153 727 enim
2177 705 2292 730 mutuo
2312 709 2344 730 se
2368 700 2470 731 exclu-

1416 737 1510 773 dunt,
1535 745 1566 768 et
1588 737 1646 768 sibi
1668 738 1804 768 invicem
1834 738 2037 770 infallibiliter
2059 742 2250 773 succedunt:
2274 744 2471 785 quicumque

1415 781 1499 811 enim
1523 788 1569 812 est
1584 788 1668 812 extra
1692 789 1855 821 peccatum
1879 783 2021 819 mortale,
2039 784 2147 815 hocin
2168 793 2249 816 statu
2266 794 2351 818 amat
2364 788 2469 819 Deum

1416 834 1515 864 usque
1539 826 1579 855 ad
1609 832 1829 865 contemptum
1853 827 1920 862 sui;
1945 834 1975 857 et
1997 828 2192 869 quicumque
2216 837 2262 860 est
2284 831 2317 860 in
2340 839 2469 871 peccato

1415 869 1550 904 mortali,
1575 876 1659 899 amat
1682 879 1715 899 se
1738 879 1839 909 usque
1861 871 1900 900 ad
1925 878 2144 912 contemptum
2168 873 2236 904 Dei.

1470 913 1580 943 Homo
1605 922 1678 953 ergo
1703 913 1835 943 existens
1858 914 1890 943 in
1914 922 2043 953 peccato
2061 916 2187 946 mortali
2209 927 2276 947 non
2295 918 2401 948 solum
2425 926 2471 950 est

1414 956 1554 995 privatus
1577 957 1674 997 gratia
1697 963 1727 987 et
1750 957 1943 988 subiectione
1974 958 2074 994 dicta,
2100 970 2181 1000 quae
2205 961 2290 990 idem
2313 969 2359 992 est
2381 964 2470 1003 quod

1415 1009 1505 1029 amor
1520 1000 1580 1030 Dei
1595 1010 1696 1040 usque
1711 1001 1750 1030 ad
1766 1007 1987 1041 contemptum
2003 1002 2067 1038 sui;
2085 1003 2139 1033 sed
2155 1010 2201 1034 est
2216 1004 2345 1035 indutus
2361 1016 2470 1037 amore

1414 1043 1462 1073 sui
1488 1053 1589 1084 usque
1612 1045 1652 1074 ad
1675 1051 1895 1085 contemptum
1911 1045 1978 1075 Dei.
1994 1046 2068 1075 Non
2091 1047 2197 1077 solum
2211 1048 2306 1087 igitur
2328 1050 2438 1080 cecidit
2453 1061 2471 1080 a

1414 1088 1501 1118 bono
1524 1087 1605 1124 fine,
1629 1088 1684 1118 sed
1706 1088 1800 1118 habet
1823 1089 1944 1119 malum
1973 1088 2071 1120 finem
2095 1100 2319 1128 communem,
2342 1094 2381 1123 de
2404 1103 2469 1134 quo

1415 1131 1524 1162 saltem
1541 1131 1716 1162 verificatur
1728 1132 1830 1163 littera
1853 1133 1892 1163 de
1910 1132 1971 1164 fine
1988 1142 2229 1175 praeconcepto.
2246 1136 2288 1166 Et
2310 1137 2385 1177 quia
2399 1136 2470 1167 finis

1414 1176 1483 1206 talis
1506 1176 1687 1206 communis
1710 1183 1756 1207 est
1779 1177 1869 1206 omni
1884 1184 2013 1216 peccato
2029 1178 2171 1214 mortali;
2195 1186 2226 1210 et
2241 1189 2278 1210 ex
2293 1179 2355 1210 fine
2378 1191 2471 1222 supe-

1414 1219 1488 1250 riori
1511 1220 1649 1251 sumitur
1670 1220 1749 1250 ratio
1773 1227 1804 1250 et
1826 1220 1952 1251 initium
1967 1221 2180 1262 reliquorum:
2205 1233 2401 1265 consequens
2425 1233 2471 1255 est

1414 1271 1450 1294 ut
1465 1264 1564 1294 homo
1581 1264 1712 1294 existens
1729 1264 1760 1294 in
1776 1273 1904 1304 peccato
1922 1265 2047 1296 mortali
2070 1265 2182 1297 habeat
2196 1268 2371 1306 positivum
2386 1269 2470 1309 prin-

1415 1308 1534 1348 cipium
1558 1318 1594 1338 ex
1618 1314 1728 1338 natura
1751 1318 1808 1338 sua
1830 1308 1984 1339 inclinans
2007 1310 2046 1339 ad
2069 1311 2265 1350 peccandum
2287 1313 2469 1349 mortaliter,

1413 1352 1529 1382 scilicet
1547 1362 1690 1382 amorem
1712 1352 1761 1382 sui
1785 1362 1886 1393 usque
1909 1353 1948 1382 ad
1965 1360 2185 1393 contemptum
2208 1355 2277 1386 Dei.
2293 1356 2361 1386 Nisi
2385 1357 2470 1387 enim

1414 1395 1464 1426 hic
1488 1406 1578 1426 amor
1599 1404 1808 1436 perseveraret
1830 1396 1863 1426 in
1887 1406 1932 1426 eo‘
1948 1397 2147 1428 habitualiter
2164 1408 2220 1428 seu
2235 1399 2408 1430 virtualiter
2423 1410 2470 1430 se-

1415 1441 1556 1470 cundum
1579 1439 1736 1476 affectum,
1751 1440 1802 1470 vel
1817 1440 1928 1470 saltem
1943 1441 2116 1477 veritatem,
2135 1441 2199 1472 iam
2215 1450 2295 1473 esset
2316 1443 2349 1473 in
2372 1444 2469 1475 altero

1415 1484 1668 1520 contradictorio,
1685 1484 1801 1515 scilicet
1822 1484 1856 1514 in
1879 1494 1987 1514 amore
2003 1485 2063 1515 Dei
2078 1495 2179 1526 usque
2195 1487 2235 1516 ad
2250 1493 2470 1527 contemptum

1415 1528 1482 1558 sui:
1507 1538 1572 1558 non
1596 1528 1681 1559 enirn
1704 1528 1796 1558 datur
1819 1528 1972 1559 medium.
2000 1529 2081 1559 Dico
2104 1530 2276 1560 secundum
2301 1531 2468 1571 affectum,

1416 1579 1544 1612 propter
1566 1582 1622 1603 eos
1644 1572 1701 1612 qui
1724 1571 1827 1602 sciunt
1849 1582 1881 1602 se
1905 1581 1971 1602 esse
1994 1572 2026 1602 in
2049 1580 2179 1612 peccato
2202 1575 2338 1611 mortali,
2355 1582 2386 1606 et
2404 1585 2470 1606 non

1415 1624 1512 1656 agunt
1530 1616 1775 1656 poenitentiam;
1800 1623 1830 1646 et
1849 1625 1904 1646 eos
1923 1616 1978 1656 qui
1995 1616 2098 1647 sciunt
2113 1627 2146 1647 se
2162 1627 2229 1648 esse
2251 1618 2284 1648 in
2307 1619 2361 1649 tali
2376 1626 2469 1655 statu,

1414 1667 1491 1700 puta
1507 1660 1652 1690 credendi
1675 1659 1828 1700 Spiritum
1851 1659 2001 1690 Sanctum
2024 1670 2091 1691 non
2115 1671 2182 1691 esse
2200 1672 2219 1692 a
2234 1662 2326 1699 Filio,
2343 1673 2408 1693 non
2424 1670 2469 1694 ta-

1415 1715 1488 1735 men
1505 1705 1635 1735 credunt
1651 1714 1683 1734 se
1701 1713 1767 1734 esse
1782 1703 1814 1734 in
1835 1710 1964 1743 peccato
1980 1705 2117 1736 mortali.
2136 1705 2216 1736 Dico
2233 1707 2284 1736 vel
2296 1707 2468 1738 secundum

1416 1750 1578 1779 veritatem
1601 1749 1725 1785 saltem,
1749 1754 1878 1788 propter
1897 1757 1951 1778 eos
1967 1748 2022 1788 qui
2045 1748 2077 1778 in
2096 1749 2223 1779 veritate
2247 1757 2321 1781 sunt
2342 1751 2376 1780 in
2399 1761 2469 1791 pec-

1416 1800 1485 1823 cato
1509 1792 1643 1828 mortali,
1665 1798 1695 1822 et
1717 1791 1862 1822 nesciunt
1881 1801 1913 1821 se
1937 1791 2063 1822 affectos
2087 1793 2124 1822 ad
2148 1793 2268 1834 aliquid
2291 1804 2469 1835 repugnans

1415 1837 1493 1872 Deo,
1519 1836 1696 1876 diligenter,
1719 1835 1865 1876 quamvis
1887 1845 1954 1865 non
1977 1835 2176 1872 sufficienter,
2201 1837 2402 1869 discutientes
2426 1849 2469 1869 se.

1469 1881 1579 1911 Patent
1606 1880 1684 1910 baec
1710 1879 1806 1910 etiam
1829 1889 1865 1909 ex
1888 1889 1928 1909 eo
1951 1880 2040 1920 quod
2067 1881 2200 1921 quilibet
2228 1882 2394 1913 damnatus
2417 1883 2471 1913 de-

1413 1925 1533 1955 scendit
1548 1924 1591 1954 ad
1606 1924 1728 1965 inferos
1746 1933 1818 1954 cum
1834 1925 1935 1953 armis
1952 1925 2020 1954 suis
2033 1923 2060 1959 *,
2084 1924 2164 1955 idest
2178 1935 2252 1955 cum
2266 1925 2371 1966 aliqua
2387 1927 2470 1956 mala

1413 1969 1574 1998 voluntate
1593 1968 1626 1998 in
1645 1978 1708 2008 qua
1724 1967 1900 1998 obstinatus
1919 1975 2114 2007 perseverat;
2139 1975 2170 1999 et
2192 1979 2258 1999 non
2274 1971 2380 2000 solum
2396 1980 2469 2000 cum

1412 2013 1573 2042 aversione
1595 2013 1634 2042 ab
1657 2012 1772 2042 ultimo
1795 2011 1858 2041 fine
1880 2021 1965 2041 vero.

1467 2056 1534 2087 XII.
1559 2056 1617 2086 His
1640 2056 1683 2086 ita
1708 2065 1741 2086 se
1762 2055 1966 2090 habentibus,
1996 2056 2174 2086 adunemus
2203 2066 2285 2096 quae
2314 2057 2347 2087 in
2370 2058 2470 2088 littera

1413 2101 1569 2136 dicuntur,
1587 2107 1622 2130 ut
1644 2099 1690 2129 vis
1713 2099 1843 2130 rationis
1866 2099 2080 2139 perspiciatur.
2106 2100 2142 2130 In
2163 2100 2265 2131 littera
2285 2101 2388 2141 aliqua
2412 2112 2470 2141 po-

1413 2151 1532 2175 nuntur
1554 2143 1726 2184 spectantia
1748 2143 1789 2173 ad
1811 2149 1976 2183 peccatum
2000 2144 2146 2180 mortale;
2171 2145 2275 2184 aliqua
2299 2145 2338 2174 ad
2362 2146 2470 2176 condi-

1414 2190 1534 2220 tionem
1549 2187 1707 2223 hominis;
1731 2194 1761 2217 et
1776 2187 1882 2228 aliqua
1897 2195 2124 2227 supponuntur
2139 2188 2313 2219 manifesta.
2331 2190 2381 2219 Ad
2398 2199 2468 2230 pec-

1414 2239 1519 2264 catum
1543 2232 1675 2262 mortale
1699 2231 1872 2271 spectantia
1894 2231 2066 2262 afferuntur
2089 2231 2146 2262 tria
2168 2232 2218 2262 vel
2240 2239 2391 2273 quatuor:
2412 2234 2470 2263 sci-

1412 2277 1483 2307 licet
1505 2275 1639 2316 privatio
1662 2275 1795 2315 gratiae;
1820 2275 1953 2315 privatio
1977 2275 2181 2306 subiectionis
2204 2276 2255 2317 sui
2282 2283 2313 2307 et
2336 2287 2469 2307 suorum

1413 2321 1557 2351 omnium
1573 2320 1656 2355 Deo;
1676 2325 1924 2359 praeconceptus
1940 2319 2044 2350 malus
2060 2319 2146 2356 finis;
2167 2327 2196 2350 et
2211 2320 2314 2351 malus
2333 2321 2468 2357 habitus,

1413 2365 1467 2405 qui
1491 2364 1540 2394 vel
1562 2364 1595 2394 in
1619 2363 1769 2394 omnibus
1791 2373 1858 2393 non
1881 2363 1975 2393 habet
1996 2363 2115 2399 locum,
2137 2364 2162 2394 si
2185 2364 2358 2394 formaliter
2379 2365 2469 2395 intel-

1412 2409 1533 2449 ligatur,
1550 2408 1599 2438 vel
1616 2407 1789 2438 declaratur
1811 2417 1867 2447 per
1882 2407 2020 2443 tertium,
2037 2407 2062 2437 si
2086 2408 2253 2438 modaliter
2267 2409 2467 2448 intelligatur.

1412 2454 1579 2492 Propterea
1603 2451 1664 2481 dixi
1688 2452 1751 2481 tria
1776 2451 1825 2481 vel
1846 2456 1993 2491 quatuor.
2010 2469 2031 2474 -
2052 2452 2102 2481 Ad
2127 2452 2342 2482 conditionem
2364 2452 2467 2482 homi—

1413 2497 1461 2527 nis
1484 2495 1655 2536 spectantia
1677 2494 1848 2525 afferuntur
1871 2494 1944 2525 tria:
1969 2504 2119 2525 occursus
2142 2503 2190 2526 tot
2213 2496 2414 2526 vitandorum
2438 2503 2468 2527 et

1412 2541 1623 2581 agendorum;
1647 2538 1788 2579 pronitas
1807 2539 1846 2568 ad
1862 2539 2061 2579 operandum
2084 2540 2259 2570 secundum
2282 2550 2468 2580 praeconce-

1411 2592 1502 2625 ptum
1519 2584 1625 2620 finem,
1642 2583 1692 2613 vel
1711 2582 1870 2618 habitum
1896 2589 1926 2613 et
1944 2582 2148 2622 impossibilis
2163 2583 2400 2623 praemeditatio
2422 2594 2468 2614 as-

1412 2629 1511 2659 sidua.
1527 2646 1548 2651 -
1567 2627 1733 2658 Manifesta
1749 2626 1915 2667 supposita
1930 2634 2005 2657 sunt
2027 2626 2189 2657 infirmitas
2213 2634 2350 2663 naturae,
2367 2637 2384 2657 a
2405 2637 2468 2668 qua

1411 2673 1540 2703 inchoat
1562 2671 1749 2711 impotentia
1771 2670 1889 2701 vitandi
1906 2671 2044 2706 malum;
2069 2677 2100 2701 et
2114 2671 2253 2711 pronitas
2273 2671 2311 2700 ad
2335 2671 2466 2708 malum,

1412 2718 1450 2748 de
1474 2726 1537 2757 qua
1563 2716 1639 2746 Gen.
1657 2725 1688 2745 vi
1703 2714 1733 2744 *:
1758 2715 1859 2745 Proni
1880 2720 1956 2745 sunt
1983 2724 2096 2745 sensus
2122 2716 2276 2751 hominis,
2301 2722 2358 2745 etc.
2382 2732 2403 2738 -
2427 2715 2467 2746 Et

1412 2761 1574 2792 considera
1590 2760 1679 2800 quod
1695 2758 1838 2788 divinum
1855 2758 2002 2789 Auctoris
2026 2758 2188 2798 ingenium
2212 2768 2320 2788 causas
2343 2765 2466 2789 tantum

1412 2814 1599 2835 communes
1622 2803 1741 2843 peccati
1761 2802 1903 2832 mortalis
1926 2802 2055 2838 inducit,
2081 2802 2155 2842 quia
2179 2802 2218 2832 de
2237 2802 2386 2832 vitatione
2402 2812 2468 2832 non

1411 2849 1480 2879 talis
1496 2855 1551 2878 aut
1573 2847 1652 2883 talis,
1673 2847 1727 2877 sed
1750 2846 1869 2886 peccati
1893 2846 2034 2876 mortalis
2058 2846 2210 2881 absolute,
2235 2846 2377 2886 quaestio
2402 2853 2465 2882 est;

1411 2899 1446 2923 ut
1469 2892 1595 2923 effectus
1619 2890 1802 2921 universalis
1826 2900 1919 2920 causa
1942 2889 2125 2920 universalis
2148 2890 2363 2929 assignaretur.

1466 2937 1548 2967 XIII.
1565 2935 1621 2966 Est
1634 2934 1728 2974 igitur
1752 2934 1830 2964 ratio
1846 2934 1966 2965 litterae
1981 2934 2047 2964 ista.
2065 2934 2175 2963 Homo
2190 2934 2223 2963 in
2239 2941 2368 2973 peccato
2384 2943 2467 2963 mor-

1411 2981 1464 3011 tali
1488 2989 1704 3020 perseverans,
1731 2985 1777 3008 est
1800 2978 1966 3009 destitutus
1989 2977 2086 3016 gratia
2111 2987 2146 3007 ac
2174 2977 2367 3008 subiectione
2391 2977 2467 3007 sim-

1411 3024 1531 3065 pliciter
1554 3024 1593 3053 ad
1617 3023 1738 3058 Deum;
1763 3022 1880 3052 habens
1902 3021 2024 3051 malum
2043 3020 2148 3056 finem,
2165 3021 2214 3051 vel
2237 3021 2358 3051 malum
2381 3021 2468 3051 habi-

1411 3075 1499 3104 tum;
1525 3067 1778 3106 constitutusque
1808 3065 1888 3095 inter
1919 3065 2019 3094 multa
2051 3064 2245 3094 occurrentia
2274 3065 2395 3104 agenda
2417 3065 2468 3095 vel

1411 3112 1537 3142 vitanda
1556 3117 1663 3142 contra
1683 3110 1797 3140 Deum.
1822 3109 1906 3148 Ergo
1923 3115 1992 3147 eget
2015 3108 2293 3148 praemeditatione
2313 3109 2353 3138 ad
2368 3108 2468 3139 vitan-

1411 3157 1488 3186 dum
1520 3164 1617 3185 omne
1639 3159 1805 3193 peccatum
1832 3152 1974 3182 mortale.
1998 3151 2083 3191 Ergo
2115 3162 2180 3182 non
2204 3158 2308 3192 potest
2339 3152 2392 3182 diu
2422 3152 2467 3182 sic

1410 3208 1613 3240 perseverare,
1631 3197 1708 3237 quin
1731 3203 1838 3236 peccet
1861 3196 2043 3226 mortaliter.

1465 3245 1676 3281 Assumptum
1699 3247 1784 3280 patet
1807 3249 1843 3270 ex
1866 3239 2102 3279 praedeclaratis
2117 3239 2144 3270 *.
2170 3257 2191 3262 -
2214 3239 2319 3270 Prima
2341 3240 2469 3280 sequela

1410 3288 1561 3328 probatur
1577 3285 1608 3315 in
1625 3284 1738 3315 littera:
1763 3283 1847 3324 quia,
1865 3282 2027 3314 deficiente
2042 3282 2104 3313 fine
2120 3283 2292 3324 regulativo
2309 3283 2467 3322 omnium,

1411 3338 1441 3362 et
1464 3329 1610 3370 apposito
1635 3328 1791 3359 contrario
1814 3327 1886 3363 fine,
1911 3327 1991 3357 inter
2014 3334 2061 3358 tot
2085 3327 2279 3358 occurrentia
2298 3334 2329 3358 et
2351 3337 2468 3367 provo-

1411 3374 1510 3405 cantia
1533 3374 1574 3403 ad
1597 3372 1746 3408 mortale,
1772 3381 1969 3411 consequens
2000 3371 2133 3401 naturali
2161 3371 2272 3401 ordine
2295 3378 2342 3402 est
2364 3378 2399 3402 ut
2421 3381 2467 3401 se-

1409 3424 1524 3459 quatur
1548 3422 1712 3457 peccatum
1736 3415 1878 3451 mortale,
1896 3414 1954 3445 nisi
1977 3415 2109 3455 vigilans
2132 3415 2294 3446 meditatio
2317 3415 2469 3455 impediat

1410 3462 1466 3492 has
1483 3470 1591 3492 causas
1615 3470 1633 3490 a
1656 3469 1716 3490 suo
1732 3459 1854 3490 effectu.
1876 3459 2119 3490 Praemeditatio
2136 3469 2274 3500 namque
2291 3466 2336 3489 est
2352 3469 2388 3490 ex
2404 3469 2467 3499 qua

1411 3506 1479 3536 sola
1503 3506 1602 3535 homo
1626 3514 1692 3534 non
1715 3503 1857 3544 sequitur
1880 3503 2093 3534 communiter
2115 3503 2256 3534 habiturn
2270 3526 2277 3538 ,
2301 3512 2355 3533 seu
2380 3513 2467 3542 prae-

2295 3563 2326 3596 39

2498 572 2506 580 ·
2540 576 2709 598 u.1.xxxiv,art.

2496 603 2518 626 3,
2569 602 2664 621 tument.
2683 605 2706 621 n.

2497 649 2548 671 'De
2554 649 2660 678 Ciu-Dei,
2667 651 2699 673 lib

2497 676 2558 700 XIV.
2573 682 2595 698 e.
2609 683 2689 699 uviri.
2701 683 2707 689 ·

2496 702 2674 751 ssfiaffn⁷f“ffli>.
2683 704 2707 725 ¹³¹

2497 1932 2505 1940 ·
2513 1930 2595 1952 Ezech.
2603 1937 2623 1952 c.
2634 1938 2706 1957 xxxii,

2497 1963 2556 1978 vers.
2571 1963 2604 1984 ²7-

2496 2724 2504 2731 ”
2519 2722 2585 2743 Vers.
2600 2729 2623 2750 5;
2641 2722 2669 2743 cf.
2685 2728 2707 2743 c.

2495 2754 2543 2774 viu,
2559 2754 2617 2770 vers.
2633 2755 2660 2770 21.

2496 3248 2504 3255 ⁹
2513 3245 2548 3267 Cf.
2557 3252 2619 3267 num.
2630 3251 2705 3273 praec.
