2840 4010
0 2357 18 2457 1,,,ΙἿ
0 2265 2 2312 Ut„
0 2218 1 2222 „

0 1457 14 1717 -v-n-nv-Wv
0 1206 10 1432 —z--W
0 1171 5 1201 —-
0 1159 5 1167 -
0 1147 5 1155 ι

67 1598 76 1610 n

62 605 137 628 ’Vide
142 605 274 627 comment.

65 632 136 654 Caiet.
141 635 201 659 post.
207 635 249 653 art.
254 638 264 653 2
269 646 274 652 .

63 754 72 764 ·
88 753 154 776 Vera.
169 760 200 780 ¹4·

66 1067 203 1096 ’.ΡοΙιςΙιιε

66 1121 115 1144 m.
119 1119 277 1150 symma&-

60 1147 138 1176 pbfl„
141 1146 276 1170 adunas.

64 1163 160 1223 mlxx„
157 1173 275 1202 supponit.

65 1489 156 1512 ‘'Vm-
171 1495 264 1518 37⁸‹iq

65 1805 75 1816 ’
82 1804 153 1828 Hm.
162 1811 277 1828 zxxxvni-

70 2816 84 2864 ἐ
90 2816 138 2844 Qu.
146 2821 226 2844 xcviii,
237 2819 279 2838 art

982 169 1248 216 QUAEsrio
1279 170 1383 218 mx,

1412 170 1707 208 ARTICULUS
1737 171 1787 208 IV
2399 184 2472 220 297

1084 304 1400 347 ARTICULUS
1430 306 1700 358 QUARTUS

440 404 594 435 UTRUM
618 405 747 437 HOMO
772 405 864 436 sinis
889 405 1052 437 GRATIA
1074 404 1156 436 PER
1179 404 1262 435 suA
1284 405 1536 437 NATURALIA
1559 406 1681 437 LEGIS
1704 406 1958 438 PRAECEPTA
1983 407 2167 438 IMPLERE
2191 406 2337 438 Possl‘r

647 493 668 518 11
687 494 770 524 Sent„
791 494 849 518 dist.
867 500 952 523 xxvm,
972 497 1018 516 art.
1039 491 1068 521 3;
1088 491 1130 516 De
1153 490 1242 520 Vertt„
1263 499 1308 523 qu.
1326 499 1391 523 xxiv,
1411 497 1456 516 art.
1481 501 1519 524 14,
1539 494 1570 518 ad
1594 502 1614 523 1,
1635 501 1657 524 2,
1677 501 1708 526 7;
1726 494 1770 519 Ad
1788 494 1874 524 Rom„
1895 503 1950 528 cap.
1969 503 1997 527 11,
2017 496 2074 520 lect.
2093 503 2130 520 m.

424 621 456 638 „sb
515 603 536 628 o
552 602 724 633 QUARTUM
738 602 792 628 516
806 600 1034 627 PROCEDl‘rUR
1043 588 1073 626 ⁵⁸.
1089 588 1248 626 Videtur
1258 589 1362 636 quod

373 641 379 648 ’
442 636 481 700 ξῖ
514 644 633 681 horno
662 643 742 680 sine
763 642 880 690 gratia
898 653 967 690 per
986 653 1055 678 sua
1074 641 1256 701 naturalia
1275 653 1363 700 pos-

396 751 420 758 '
448 759 449 763 ¹
474 738 737 797 &Apostolum
766 747 818 783 ad
842 748 954 784 Rom.
981 759 1003 784 11
1022 746 1058 794 ²¹⁸,
1088 723 1192 796 quod
1219 752 1358 796 gentes,

303 811 400 848 quae
395 759 547 849 legem
575 812 650 838 non
677 800 824 845 hahent,
851 799 1073 837 naturaliter
1091 811 1136 836 ea
1155 810 1252 848 quae
1271 799 1364 849 legis

302 858 389 889 sunt
415 851 580 900 faciunt.
619 852 695 890 Sed
726 851 818 889 illud
850 853 956 900 quod
989 851 1204 890 naturaliter
1241 852 1362 889 homo

303 904 410 952 facit,
443 909 568 952 potest
604 917 673 954 per
708 905 875 953 seipsum
905 905 1030 942 facere
1063 905 1206 953 absque
1234 904 1361 952 gratia.

304 956 406 1004 Ergo
435 957 554 994 homo
583 965 708 1007 potest
735 958 826 1006 legis
854 966 1057 1007 praecepta
1075 958 1199 995 facere
1219 957 1362 1006 absque

304 1016 431 1056 gratia.

359 1073 394 1099 2.
424 1063 660 1110 PRAETEREA,
691 1063 950 1112 Hieronymus
971 1064 991 1085 *²
1020 1063 1122 1110 dicit,
1148 1062 1186 1100 in
1203 1063 1363 1111 Exposi-

304 1113 403 1151 tione
432 1115 646 1153 Catholicae
672 1117 780 1154 Fidei
803 1116 840 1164 ²¹⁵,
874 1116 956 1154 illos
987 1128 1065 1154 esse
1091 1115 1363 1154 maledicendos

304 1167 370 1215 qui
394 1168 520 1205 Deum
542 1170 778 1217 praecepisse
801 1169 945 1207 homini
970 1169 1112 1218 aliquid
1141 1168 1365 1217 impossibile

303 1219 440 1258 dicunt.
471 1222 549 1258 Sed
577 1222 810 1271 impossibile
840 1230 895 1259 est
922 1221 1068 1260 homini
1096 1223 1200 1271 quod
1219 1233 1288 1270 per
1307 1234 1363 1258 se-

248 1292 258 1293 *
302 1272 431 1322 ipsum
451 1273 607 1333 implere
627 1287 706 1312 non
724 1282 860 1324 potest.
890 1276 992 1331 Ergo
1012 1275 1131 1313 homo
1150 1281 1275 1325 potest
1293 1274 1364 1311 im-

303 1325 408 1374 plere
437 1327 567 1364 omnia
593 1335 796 1387 praecepta
823 1328 914 1376 legis
942 1340 1010 1377 per
1037 1328 1217 1377 seipsum.

360 1379 395 1416 3.
415 1379 648 1427 PRAETEREA,
672 1380 769 1417 inter
797 1380 927 1418 omnia
955 1388 1156 1431 praecepta
1173 1379 1264 1428 legis
1283 1391 1364 1417 ma-

304 1430 452 1468 ximum
481 1440 537 1469 est
564 1433 673 1479 illud,
701 1433 848 1482 Diliges
875 1434 1082 1471 Dominum
1106 1435 1230 1471 Deum
1259 1438 1363 1469 tuum

305 1495 356 1520 ex
377 1489 452 1521 toto
480 1485 594 1522 corde
611 1490 692 1529 tuo‚·
710 1493 751 1522 ut
770 1493 873 1534 patet
892 1487 1117 1524 Matth.xx11
1137 1486 1168 1523 *.
1190 1485 1268 1523 Sed
1286 1485 1361 1522 hoc

305 1536 531 1574 mandatum
557 1545 684 1585 potest
710 1539 830 1575 homo
858 1538 1016 1588 implere
1037 1551 1081 1576 ex
1101 1515 1189 1577 solis
1216 1545 1365 1576 natura-

257 1613 263 1619 ·
305 1587 422 1637 libus,
452 1589 642 1638 diligendo
671 1592 798 1628 Deum
828 1604 942 1640 super
970 1592 1117 1640 omnia,
1145 1599 1187 1629 ut
1213 1603 1327 1640 supra
1346 1591 1365 1613 '¹‘

307 1640 448 1679 dictum
486 1651 553 1680 est.
593 1644 695 1692 Ergo
734 1644 862 1681 omnia
899 1645 1080 1695 mandata
1115 1644 1206 1693 legis
1241 1651 1366 1693 potest

305 1694 426 1732 homo
453 1695 612 1744 implere
642 1697 722 1733 sine
750 1697 878 1744 gratia.

360 1747 435 1784 SED
464 1760 610 1786 CONTRA
633 1761 699 1786 EST
718 1749 822 1798 quod
841 1749 1074 1798 Augustinus
1094 1749 1221 1797 dicit,
1212 1761 1250 1787 in
1269 1749 1364 1786 libro

306 1799 352 1836 de
368 1801 602 1838 Haeresibus
620 1802 652 1848 ³⁸,
672 1802 747 1839 hoc
774 1802 960 1851 pertinere
985 1804 1032 1841 ad
1051 1801 1239 1840 haeresim
1259 1802 1366 1839 Pela-

306 1851 520 1902 gianorum,
551 1860 591 1891 ut
617 1855 773 1892 credant
797 1855 876 1892 sine
902 1856 1029 1905 gratia
1049 1867 1160 1904 posse
1177 1855 1365 1893 hominem

301 1905 434 1952 facere
461 1908 589 1944 omnia
618 1908 745 1945 divina
773 1909 965 1945 mandata.

360 1959 585 1997 Responnno
605 1972 789 1998 DICENDUM
810 1961 914 2010 quod
939 1961 1097 2009 implere
1117 1960 1296 1998 mandata
1315 1961 1367 1997 le-

306 2010 361 2058 gis
390 2012 571 2060 contingit
599 2013 806 2062 dupliciter.
837 2014 923 2051 Uno
952 2014 1084 2062 modo,
1105 2021 1289 2062 quantum
1318 2013 1366 2051 ad

307 2063 556 2102 substantiam
585 2078 765 2115 operum:
794 2073 907 2115 prout
932 2066 1072 2103 scilicet
1094 2066 1212 2103 homo
1233 2078 1366 2115 opera-

307 2123 367 2153 tur
394 2116 491 2155 iusta
526 2126 562 2155 et
589 2119 715 2166 fortia,
746 2126 782 2156 et
806 2119 876 2156 alia
894 2119 1040 2156 virtutis
1068 2131 1195 2168 opera.
1225 2120 1274 2156 Et
1291 2119 1367 2156 hoc

307 2169 426 2207 modo
442 2171 561 2207 homo
577 2171 615 2208 in
635 2179 732 2208 statu
747 2179 903 2209 naturae
919 2172 1083 2220 integrae
1097 2172 1218 2221 potuit
1237 2172 1366 2208 omnia

307 2224 487 2260 mandata
514 2224 606 2272 legis
624 2224 803 2273 implere:
834 2224 1001 2273 alioquin
1020 2237 1098 2261 non
1126 2224 1310 2274 potuisset
1328 2225 1367 2261 in

307 2282 403 2312 statu
431 2276 493 2313 illo
522 2289 601 2314 non
633 2289 805 2326 peccare,
836 2289 925 2314 cum
954 2277 1044 2314 nihil
1072 2277 1175 2315 aliud
1203 2278 1248 2315 sit
1277 2289 1365 2326 pec-

360 2388 387 2420 α)
399 2388 481 2422 fiant.
499 2402 518 2407 -
529 2389 638 2422 faciant
655 2390 779 2421 ABGDG,
790 2390 883 2423 faciat
900 2390 978 2416 homo
997 2392 1028 2416 K.

360 2422 385 2456 β)
405 2427 580 2450 monstrante.
595 2438 615 2444 -·
634 2425 804 2450 ministrante
821 2426 1052 2452 ABCDEGHIKL.

1419 602 1504 626 care
1536 603 1654 638 quam
1691 592 1898 639 transgredi
1933 593 2062 630 divina
2100 594 2291 630 mandata.
2329 594 2406 631 Sed
2435 594 2473 631 in
2521 628 2525 634 ,

1418 649 1514 678 statu
1543 650 1698 680 naturae
1719 652 1916 692 corruptae
1938 657 2015 682 non
2033 653 2158 694 potest
2175 647 2295 683 homo
2315 646 2473 695 implere

1418 695 1547 731 omnia
1566 696 1746 732 mandata
1762 696 1889 734 divina
1905 697 1985 734 sine
2000 698 2117 746 gratia
2135 706 2290 736 sanante
2304 699 2335 736 ³¹².

1469 747 1559 784 Alio*
1580 748 1698 785 modo
1726 756 1886 797 possunt
1910 749 2058 799 impleri
2082 751 2260 789 mandata
2279 752 2368 799 legis
2394 764 2472 789 non

1417 800 1542 837 solum
1564 807 1748 849 quantum
1769 801 1817 838 ad
1837 802 2083 840 substantiam
2110 804 2247 852 operis,
2271 804 2338 841 sed
2357 804 2470 841 etiam

1418 861 1601 899 quantum
1622 853 1671 890 ad
1690 853 1850 890 modum
1872 855 2018 901 agendi,
2039 863 2080 892 ut
2098 856 2236 893 scilicet
2256 869 2301 893 ex
2321 857 2469 894 caritate

1417 904 1510 941 fiant
1535 910 1562 941 α.
1593 906 1643 942 Et
1670 905 1723 942 sic
1751 918 1876 954 neque
1905 907 1942 943 in
1975 914 2072 944 statu
2105 916 2259 945 naturae
2288 910 2469 957 integrae,

1417 969 1541 1005 neque
1574 957 1611 994 in
1642 965 1738 994 statu
1770 966 1925 995 naturae
1955 968 2170 1008 corruptae,
2199 969 2323 1009 potest
2350 963 2468 999 homo

1417 1009 1573 1058 implere
1603 1010 1747 1058 absque
1766 1011 1882 1059 gratia
1900 1011 1991 1059 legis
2011 1013 2189 1049 mandata

1418 1115 1570 1152 dixisset
1593 1116 1697 1165 quod
1724 1116 1803 1153 sine
1828 1117 1955 1166 gratia
1981 1118 2124 1154 nullum
2147 1130 2306 1166 prorsus
2334 1120 2472 1156 honum

1417 1169 1584 1205 homines
1599 1170 1764 1217 faciunt,
1791 1169 1932 1206 subdit:
1954 1181 2027 1206 non
2050 1171 2171 1207 solum
2194 1177 2243 1217 ut,
2263 1177 2474 1208 monstran—

1418 1227 1451 1257 te
1470 1219 1485 1250 β
1513 1222 1592 1269 ipsa
1611 1222 1701 1270 quid
1722 1222 1940 1269 faciendum
1962 1223 2019 1269 sit,
2048 1224 2182 1267 sciant;
2205 1236 2337 1261 verum
2363 1225 2474 1261 etiam

1419 1279 1472 1319 ut,
1497 1280 1712 1323 praestante
1743 1274 1838 1323 ipsa,
1854 1275 2010 1323 saciant
2041 1288 2126 1313 cum
2158 1277 2350 1314 dilectione
2377 1278 2477 1326 quod

1417 1327 1547 1364 sciunt.
1569 1348 1593 1355 -
1614 1327 1785 1376 Indigent
1804 1327 1959 1377 insuper
1978 1328 2015 1365 in
2035 1337 2197 1377 utroque
2216 1337 2313 1367 statu
2337 1329 2473 1367 auxilio

1418 1379 1490 1416 Dei
1519 1380 1709 1417 moventis
1743 1380 1793 1417 ad
1821 1381 2002 1418 mandata
2030 1381 2241 1430 implenda,
2269 1390 2310 1419 ut
2334 1383 2475 1420 dictum

1419 1440 1474 1469 est
1501 1432 1530 1469 ²⁸.

1471 1487 1529 1522 AD
1549 1497 1686 1523 PRIMUM
1710 1497 1809 1523 ERGO
1835 1497 2019 1523 DICENDUM
2043 1487 2160 1535 quod,
2185 1487 2280 1524 sicut
2302 1487 2477 1536 Augusti-

1419 1550 1491 1574 nus
1519 1538 1622 1586 dicit,
1651 1538 1689 1575 in
1716 1538 1812 1576 libro
1832 1539 1878 1576 de
1901 1539 1996 1587 Spir.
2018 1545 2053 1576 et
2070 1540 2155 1577 Litt.
2170 1539 2202 1585 ²⁸,
2232 1552 2306 1576 non
2330 1546 2480 1577 moveat
2505 1548 2513 1556 ·

1418 1591 1519 1639 quod
1545 1591 1767 1628 naturaliter
1789 1604 1852 1628 eos
1870 1592 1966 1628 dixit
1989 1603 2085 1640 quae
2113 1592 2206 1642 legis
2222 1599 2309 1629 sunt
2329 1594 2477 1640 facere:

1419 1645 1489 1680 hoc
1507 1645 1606 1680 enim
1625 1645 1709 1694 agit
1734 1645 1891 1693 Spiritus
1909 1645 2076 1694 gratiae,
2098 1651 2137 1681 ut
2163 1646 2369 1695 imaginem
2388 1646 2476 1691 Dei,

1419 1697 1456 1733 in
1477 1708 1551 1745 qua
1576 1697 1796 1734 naturaliter
1814 1698 1912 1744 facti
1936 1709 2076 1744 sumus,
2106 1698 2287 1735 instauret
2303 1699 2340 1735 in
2360 1699 2476 1735 nohis.

1472 1751 1530 1786 An
1559 1761 1748 1787 SECUNDUM
1776 1762 1959 1787 DICENDUM
1988 1751 2092 1799 quod
2112 1750 2202 1788 illud
2220 1752 2324 1800 quod
2343 1763 2477 1799 possu-

1420 1814 1506 1840 mus
1535 1815 1622 1839 cum
1651 1803 1787 1839 auxilio
1818 1802 1961 1849 divino,
1991 1815 2069 1840 non
2099 1810 2154 1840 est
2181 1804 2289 1840 nobis
2318 1803 2476 1840 omnino

1419 1855 1670 1903 impossibile3
1701 1856 1912 1893 secundum
1950 1855 2042 1893 illud
2079 1856 2321 1905 Philosophi,
2351 1857 2388 1893 in
2427 1858 2476 1892 III

1418 1908 1537 1944 Ethic.
1558 1907 1594 1944 ²³⁵.-
1629 1908 1734 1950 Quae
1760 1920 1833 1957 per
1860 1908 2002 1945 amicos
2024 1920 2239 1957 possumus,
2268 1909 2479 1957 aliqualiter

1413 1972 1486 2008 per
1503 1966 1518 1988 Υ
1548 1972 1616 1997 nos
1629 1972 1840 2008 possumus.
1870 1961 1982 1998 Unde
2003 1969 2038 1998 et
2058 1961 2316 2010 Hieronymus
2336 1962 2477 1998 ibidem

1420 2014 1615 2061 confitetur
1641 2014 1694 2050 sic
1722 2019 1891 2058 nostrum
1920 2014 2077 2050 liberum
2106 2026 2183 2051 esse
2205 2015 2414 2057 arbitrium,
2441 2021 2481 2051 ut

1421 2066 1589 2103 dicamus
1616 2078 1684 2103 nos
1709 2078 1855 2115 semper
1883 2066 2052 2116 indigere
2078 2068 2153 2104 Dei
2177 2067 2331 2104 auxilio.

1475 2121 1533 2156 AD
1561 2131 1719 2156 TERTmM
1747 2131 1930 2156 DlCENDuM
1959 2119 2063 2168 quod
2088 2127 2336 2168 praeceptum
2358 2120 2404 2156 de
2426 2120 2479 2156 di-

1422 2172 1581 2208 lectione
1610 2172 1683 2208 Dei
1711 2184 1788 2208 non
1816 2179 1941 2220 potest
1967 2173 2087 2209 homo
2116 2172 2273 2220 implere
2303 2185 2348 2209 ex
2375 2172 2480 2221 puris

1422 2224 1654 2261 naturalibus
1683 2225 1893 2261 secundum
1923 2225 2027 2274 quod
2057 2237 2101 2261 ex
2122 2225 2272 2262 caritate
2291 2225 2478 2274 impletur,

1421 2285 1462 2314 ut
1491 2290 1534 2314 ex
1564 2277 1786 2325 supradictis
1804 2277 1824 2299 '¹‘
1851 2284 1966 2326 patet.

1473 2391 1500 2425 γ)
1515 2399 1576 2423 per.
1592 2404 1612 2411 -
1629 2391 1691 2416 Om.
1710 2392 1739 2416 P.

983 2503 1313 2538 Commentaria
1335 2505 1585 2546 Cardinalis
1606 2505 1806 2538 Caietam·
1844 2544 1857 2548 x

338 2601 358 2621 N
382 2590 514 2621 articulo
538 2598 651 2631 quarto
675 2591 817 2621 eiusdem
841 2591 1134 2622 centesimaenonae
1157 2593 1367 2633 quaestionis,

311 2602 474 2665 Idubium
490 2634 570 2665 circa
586 2634 716 2665 titulum
733 2635 877 2671 occurrit,
895 2645 934 2666 an
951 2635 990 2666 sit
1005 2636 1150 2676 quaestio
1167 2637 1206 2667 de
1218 2637 1368 2668 omnibus

309 2678 481 2719 praeceptis
505 2678 610 2709 omnis
632 2679 720 2719 legis.
736 2679 834 2716 Quod
858 2680 943 2710 enim
962 2679 1002 2710 sit
1025 2690 1129 2711 sermo
1146 2681 1184 2711 de
1207 2681 1368 2718 omnibus,

308 2728 437 2762 apparet
465 2728 536 2752 turn
559 2731 595 2752 ex
619 2732 657 2752 eo
684 2723 774 2763 quod
796 2723 974 2754 indistincte
998 2723 1141 2764 quaestio
1165 2725 1368 2766 proponitur.

308 2766 397 2797 Tum
412 2775 449 2796 ex
461 2775 500 2796 eo
517 2766 614 2806 quod,
635 2766 660 2796 si
678 2767 716 2796 de
736 2767 908 2807 praeceptis
923 2768 1035 2798 veteris
1054 2767 1130 2808 legis
1146 2774 1270 2800 tantum
1290 2775 1370 2800 esset

309 2819 424 2846 sermo,
439 2809 504 2840 iam
521 2810 745 2841 determinatus
769 2817 849 2841 esset
863 2811 895 2841 in
917 2811 1176 2851 praecedentibus
1191 2813 1218 2844 *.
1235 2813 1369 2851 -Quod

308 2863 384 2885 vero
411 2863 489 2891 non,
509 2861 639 2894 apparet
657 2864 695 2884 ex
718 2863 756 2884 eo
780 2854 868 2905 quod
891 2862 1057 2896 praecepta
1079 2865 1180 2887 novae
1202 2835 1279 2898 legis
1302 2867 1369 2888 non

310 2897 516 2928 nominantur
531 2908 588 2928 nec
605 2898 822 2929 examinantur
835 2899 869 2929 in
892 2906 961 2930 toto
978 2899 1120 2932 discursu
1136 2901 1268 2933 articuli.
1281 2902 1369 2933 Tum

309 2952 347 2973 ex
365 2951 403 2972 eo
422 2941 511 2991 quod
527 2942 723 2982 impossibile
738 2943 862 2974 notorie
879 2950 1001 2974 constat
1017 2954 1083 2975 esse
1099 2945 1188 2986 quod
1202 2953 1368 2986 praecepta

309 2985 382 3016 fidei
405 2985 529 3026 possint
552 2985 618 3016 sine
641 2985 763 3017 lumine
786 2985 859 3018 fidei
882 2987 1007 3018 servari.

365 3028 401 3060 11.
419 3030 470 3060 Ad
492 3029 554 3060 hoc
577 3030 691 3061 dicitur
713 3031 802 3071 quod
821 3037 941 3062 certum
964 3032 1015 3063 hic
1038 3039 1085 3063 est
1107 3033 1196 3073 quod
1219 3030 1369 3065 articulus

309 3074 366 3105 iste
393 3073 576 3114 intelligitur
603 3074 642 3104 de
665 3074 815 3105 omnibus
845 3076 1017 3116 praeceptis
1040 3076 1164 3107 divinae
1186 3077 1280 3117 leg-is,
1305 3077 1369 3108 sive

310 3127 411 3149 novae
435 3118 500 3148 sive
522 3117 644 3149 veteris.
669 3118 768 3155 Quod
795 3118 881 3149 enim
903 3119 943 3150 sit
965 3129 1070 3150 sermo
1093 3120 1132 3150 de
1161 3121 1230 3161 lege
1253 3121 1369 3158 divina,

310 3172 347 3192 ex
362 3171 495 3202 corpore
511 3162 632 3193 articuli
647 3169 742 3202 patet,
759 3163 814 3194 ubi
831 3162 956 3194 affertur
969 3173 1028 3204 pro
1044 3163 1165 3195 ratione
1181 3165 1270 3205 quod
1291 3165 1370 3196 nihil

310 3206 395 3236 aliud
419 3205 532 3237 dicitur
547 3216 614 3237 esse
636 3213 802 3247 peccatum
822 3217 920 3248 quam
945 3207 1126 3238 divinorum
1145 3209 1369 3240 mandatorum

309 3250 524 3290 transgressio.
550 3250 648 3288 Quod
662 3261 737 3281 vero
762 3251 800 3282 de
823 3251 974 3282 omnibus
996 3251 1169 3292 praeceptis
1193 3251 1232 3283 sit
1254 3263 1368 3290 sermo,

309 3294 427 3327 ibidem
451 3300 551 3334 patet:
577 3294 730 3335 quoniam
753 3295 801 3326 bis
825 3295 993 3335 replicatur
1015 3295 1048 3336 ly
1071 3296 1179 3326 omnia
1203 3297 1367 3328 mandata.

361 3337 411 3369 111.
438 3338 472 3368 In
497 3348 630 3379 corpore
653 3339 775 3370 articuli
805 3339 947 3370 eiusdem
977 3339 1111 3370 dubium
1140 3340 1290 3377 occurrit,
1314 3341 1369 3371 ubi

309 3383 431 3414 Auctor
453 3382 528 3414 dicit
550 3384 638 3424 quod
666 3383 766 3414 horno
790 3383 823 3414 in
846 3390 928 3414 statu
952 3389 1082 3414 naturae
1103 3383 1243 3424 integrae
1265 3391 1370 3425 potest

310 3426 418 3457 omnia
446 3426 551 3457 divina
574 3428 721 3458 mandata
753 3427 884 3469 implere
907 3434 1064 3468 quantum
1092 3428 1131 3458 ad
1161 3428 1370 3459 substantiam

311 3479 455 3511 operum.
472 3471 544 3502 Hoc
569 3471 663 3508 enim,
683 3471 878 3502 intellectum
902 3472 940 3503 de
963 3472 1136 3512 praeceptis
1161 3471 1274 3503 divinis
1298 3472 1369 3503 uni-

451 3532 560 3557 Summr:
579 3533 679 3558 Timor..
698 3533 730 3558 D.
743 3533 856 3558 Tnomz
875 3533 908 3558 Τ.
927 3533 968 3558 IV.

1422 2593 1589 2628 versaliter,
1607 2592 1723 2623 falsum
1746 2602 1812 2623 esse
1828 2599 1960 2624 constat.
1977 2594 2060 2624 Nam
2082 2604 2139 2625 nec
2155 2594 2278 2624 credere
2295 2601 2479 2634 supernatu-

1423 2637 1498 2668 ralia
1519 2636 1607 2672 fidei,
1631 2646 1689 2667 1166
1711 2636 1884 2677 adimplere
1907 2638 2045 2669 actiones
2069 2638 2319 2674 sacramentales,
2343 2639 2376 2668 in
2399 2649 2479 2679 quo-

1423 2691 1561 2721 cumque
1585 2687 1667 2711 statu
1691 2687 1796 2720 potest
1818 2681 1918 2712 homo
1942 2691 1998 2722 per
2021 2692 2078 2713 sua
2101 2682 2168 2712 sola
2191 2682 2360 2718 naturalia,
2385 2683 2479 2713 etiam

1423 2733 1580 2766 quantum
1596 2725 1634 2754 ad
1646 2725 1853 2756 substantiam
1870 2735 2018 2766 operum:
2037 2726 2189 2767 quoniam
2206 2736 2287 2766 opus
2299 2733 2345 2757 est
2360 2727 2399 2756 ad
2416 2736 2479 2757 cre-

1424 2769 1565 2799 dendum
1587 2767 1693 2798 divina
1713 2769 1911 2806 revelatione,
1930 2770 2040 2800 saltem
2054 2776 2267 2807 monstrante;
2286 2777 2315 2800 et
2330 2771 2369 2800 ad
2384 2770 2479 2801 actio-

1424 2823 1478 2843 nes
1495 2812 1743 2849 sacramentales,
1757 2819 1911 2852 potestate
1928 2814 2165 2854 supernaturali,
2183 2813 2324 2855 alioquin
2341 2814 2418 2844 nihil
2433 2813 2478 2845 fit.

1479 2857 1530 2887 1V.
1551 2857 1602 2887 Ad
1624 2856 1687 2887 hoc
1706 2857 1818 2888 dicitur
1834 2857 2008 2898 dupliciter.
2026 2858 2142 2894 Primo,
2158 2858 2247 2898 quod
2266 2858 2413 2888 mandata
2433 2857 2479 2888 di—

1423 2902 1495 2931 vina
1510 2907 1584 2932 sunt
1596 2900 1747 2941 duplicia:
1761 2901 1918 2942 quaedam
1930 2902 2076 2932 habentia
2087 2902 2151 2932 vim
2167 2901 2307 2932 mandati
2323 2908 2479 2942 quantum

1423 2946 1463 2976 ad
1493 2952 1665 2986 utrumque
1687 2955 1851 2982 seorsum,
1876 2945 1992 2976 scilicet
2014 2952 2171 2986 quantum
2203 2946 2242 2976 ad
2273 2946 2479 2977 substantiam

1424 2999 1568 3030 operum,
1573 2987 1617 3020 'et
1632 2995 1788 3030 quantum
1807 2990 1846 3020 ad
1861 2990 1996 3020 modum
2012 2989 2297 3039 supernaturalem;
2323 2990 2479 3030 quaedam

1424 3041 1531 3064 autem
1546 3043 1611 3063 non
1632 3032 1778 3064 habentia
1796 3034 1862 3063 vim
1884 3033 2023 3064 mandati
2039 3033 2105 3063 sine
2125 3034 2224 3065 modo
2241 3034 2479 3074 supernaturali.

1424 3078 1459 3108 In
1487 3077 1591 3117 primo
1614 3086 1727 3116 genere
1750 3083 1825 3108 sunt
1852 3077 1959 3108 omnia
1982 3083 2147 3118 praecepta
2170 3086 2266 3118 quae,
2291 3077 2421 3118 impleta
2444 3082 2480 3108 ex

1424 3120 1626 3157 naturalibus,
1642 3120 1836 3152 satisfaciunt
1850 3128 2017 3162 praecepto
2040 3121 2148 3152 alicui:
2168 3121 2200 3151 in
2217 3120 2356 3152 secundo
2373 3128 2480 3152 autem

1424 3171 1498 3196 sunt
1525 3174 1606 3205 quae
1629 3164 1655 3194 51
1685 3174 1720 3194 ex
1747 3164 1834 3204 puris
1864 3165 2059 3196 naturalibus
2089 3164 2180 3202 fiant,
2205 3165 2284 3196 nulli
2313 3172 2480 3206 praecepto

1424 3208 1542 3241 satisfit.
1562 3208 1603 3238 Et
1626 3207 1780 3248 quoniam
1803 3208 1953 3239 articulus
1976 3209 2034 3240 iste
2058 3215 2221 3250 comparat
2243 3216 2389 3240 naturam
2411 3219 2482 3249 gra-

1424 3253 1483 3284 tiae
1496 3251 1685 3283 necessariae
1696 3253 1736 3282 ad
1749 3253 1961 3293 operandum;
1975 3259 2005 3284 et
2016 3259 2181 3294 praecepta
2192 3263 2274 3294 quae
2287 3263 2353 3284 non
2365 3253 2481 3284 habent

1423 3296 1489 3327 vim
1513 3295 1669 3336 praecepti
1700 3295 1759 3326 nisi
1782 3306 1856 3326 cum
1879 3297 1979 3327 modo
2003 3296 2248 3338 supernaturali,
2273 3297 2313 3327 ad
2336 3297 2480 3328 ordinem

1424 3340 1539 3380 gratiae
1569 3346 1724 3380 spectant:
1748 3339 1821 3371 ideo
1845 3341 1903 3371 sub
1934 3341 2064 3371 nomine
2094 3347 2335 3382 praeceptorum
2359 3341 2481 3372 divinae

1424 3384 1501 3424 legis
1516 3390 1673 3424 quantum
1692 3384 1732 3414 ad
1755 3385 1962 3416 substantiam
1985 3395 2121 3425 operum
2144 3385 2398 3422 observabilium,
2415 3395 2480 3416 non

1424 3428 1555 3459 veniunt
1578 3427 1638 3458 nisi
1660 3435 1826 3468 praecepta
1854 3428 1886 3459 in
1909 3429 2025 3470 quibus
2055 3429 2148 3460 habet
2179 3429 2288 3460 locum
2323 3429 2480 3460 distinctio

1425 3471 1582 3513 praecepti
1615 3478 1752 3512 utroque
1774 3472 1873 3503 modo
1903 3473 2115 3504 observabilis.
2139 3473 2180 3504 Et
2207 3474 2382 3504 secundum
2405 3473 2479 3508 hoc,

2309 3533 2340 3559 38

2203 1013 2233 1050 ²¹².
2255 1014 2364 1051 Unde
2393 1016 2470 1051 Au·
2499 1028 2505 1036 ·

1417 1062 1608 1110 gustinus,
1641 1063 1679 1099 in
1710 1063 1806 1100 libro
1841 1064 1885 1100 de
1917 1065 2083 1113 Corrept.
2113 1071 2149 1101 et
2183 1066 2287 1103 Grat.
2313 1066 2353 1112 ³⁸,
2383 1079 2470 1103 cum
2499 1079 2509 1089 ·
2544 1086 2556 1100 a

2502 712 2509 719 ·
2526 711 2553 732 D.
2569 711 2632 737 1048.

2504 1444 2514 1454 ⁸
2529 1444 2581 1464 Art.
2595 1449 2615 1470 2,
2631 1450 2651 1471 3.

2531 1548 2587 1575 Cap.
2602 1554 2674 1569 xxvii.

2505 1917 2586 1964 ἐςτίξι.
2593 1922 2628 1942 111,
2636 1922 2659 1938 11.
2670 1922 2689 1944 ¹3
2705 1927 2715 1932 -

2602 1922 2717 2004 1γ61τῑ.ν111.
