2840 4010
93 761 102 769 ·
117 759 168 780 Art.
183 764 202 784 2,
217 764 236 785 3.

90 1074 100 1084 ⁸
110 1072 177 1095 Vere.
192 1079 206 1100 7
221 1072 260 1099 (cf.
270 1072 303 1094 ad

92 1099 302 1152 QaLcap-nhvoers.

90 1391 98 1400 ·
115 1390 181 1412 Vers.
197 1396 211 1412 ι.

89 1761 97 1769 ·
111 1759 140 1782 D.
155 1759 202 1786 481.

87 1814 96 1822 ·
112 1811 194 1834 ordin.

336 138 406 184 198

986 138 1250 186 QUAESTIO
1280 137 1454 183 XCVIII,
1485 131 1780 173 ARTICULUS
1807 137 1857 174 VI

1144 271 1457 314 ARTICULUS
1489 271 1696 313 SEXTUS

542 378 718 409 UTRUM
742 376 833 406 LEX
866 375 1025 405 VETUS
1059 373 1454 405 CONVENIENTER
1485 374 1619 404 DATA
1651 373 1836 404 FUERIT
1872 374 2109 406 TEMPORE
2143 377 2297 408 MOYSI

678 454 744 478 Part.
760 453 798 482 111,
817 461 861 485 qu.
876 460 931 482 Lxx,
951 457 997 477 art.
1015 459 1037 483 2,
1058 452 1089 476 ad
1111 459 1138 482 2;
1158 451 1191 476 IV
1211 452 1293 482 Sent„
1314 452 1372 477 dist.
1386 461 1402 482 1,
1424 460 1468 484 qu.
1487 460 1504 481 1,
1524 457 1571 477 art.
1587 460 1609 483 2,
1630 458 1678 485 qu*³
1697 461 1726 484 4;
1745 453 1789 477 Ad
1805 454 1903 482 Galat„
1924 461 1979 487 cap.
1994 461 2031 484 m,
2052 455 2166 479 lect;v11.

541 554 564 578 D
593 553 732 578 sx-:xrum
761 552 814 577 sic
842 552 1080 577 moeson-uk.
1111 540 1269 577 Videtur
1287 542 1392 590 quod

543 595 601 630 lex
629 601 739 630 vetus
768 592 1146 630 non-convenienter
1174 593 1282 630 fuerit
1307 594 1393 631 data

347 627 462 703 ,fsxr
478 630 530 695 ’ἦ
543 654 714 694 tempore
743 646 882 694 Moysi.
914 647 993 682 Lex
1017 646 1118 683 enim
1138 654 1248 683 vetus
1268 646 1393 695 dispo-

386 673 482 732 ἑῷ)
497 690 656 735 Χῃεὺειῑ
684 698 734 735 ad
762 699 923 735 salutem
953 711 1051 747 quae
1080 706 1159 736 erat
1182 700 1306 736 futura
1324 712 1393 748 per

331 752 544 798 Christum,
575 751 669 788 sicut
705 751 846 788 dictum
877 759 932 788 est
949 752 980 789 *.
1011 752 1088 789 Sed
1121 753 1244 789 statim
1273 753 1390 789 homo

328 812 415 853 post
433 812 633 853 peccatum
652 804 810 852 indiguit
824 804 1045 842 huiusmodi
1061 805 1189 842 salutis
1205 805 1388 842 remedio.

330 858 431 904 Ergo
461 857 585 894 statim
613 865 700 905 post
717 865 917 906 peccatum
942 858 1000 893 lex
1019 865 1129 894 vetus
1150 858 1279 894 debuit
1299 858 1390 895 dari.

384 921 418 946 2.
440 911 672 958 Pam—Eam,
702 911 761 947 lex
788 918 898 946 vetus
928 911 1013 947 data
1043 917 1098 946 est
1124 918 1280 959 propter
1307 923 1391 948 san-

330 963 597 1001 ctificationem
627 975 760 1000 eorum
791 975 835 1000 ex
863 963 1001 1011 quibus
1031 963 1200 1000 Christus
1229 964 1391 1001 nascitu-

329 1027 392 1052 rus
422 1024 510 1052 erat.
541 1016 617 1054 Sed
636 1016 814 1052 Abrahae
834 1016 1000 1064 incoepit
1018 1016 1100 1052 fieri
1119 1016 1321 1064 promissio
1343 1017 1390 1054 de

328 1069 479 1114 semine,
509 1070 610 1117 quod
635 1075 689 1105 est
720 1069 896 1114 Christus,
926 1076 967 1105 ut
995 1069 1156 1105 habetur
1187 1069 1279 1106 Gen.
1296 1082 1343 1106 xii
1358 1069 1389 1106 ²¹⁸.

329 1122 432 1169 Ergo
461 1121 584 1158 statim
613 1129 785 1170 tempore
814 1122 992 1158 Abrahae
1022 1121 1151 1158 debuit
1178 1122 1237 1158 lex
1265 1122 1356 1159 dari.

384 1175 417 1211 3.
439 1175 672 1221 PRAETEREA,
698 1174 792 1210 sicut
821 1174 988 1210 Christus
1017 1186 1095 1210 non
1125 1181 1179 1210 est
1206 1181 1316 1212 natus
1346 1187 1389 1212 ex

329 1226 408 1263 aliis
429 1227 744 1264 descendentibus
764 1239 808 1263 ex
830 1227 916 1263 Noe
936 1226 1006 1263 nisi
1036 1239 1081 1263 ex
1100 1227 1308 1275 Abraham,
1331 1228 1390 1265 cui

327 1280 425 1316 facta
453 1288 509 1316 est
536 1279 761 1329 promissio;
791 1280 840 1316 ita
870 1279 982 1316 etiarn
1012 1292 1090 1316 non
1125 1287 1179 1316 est
1207 1288 1316 1318 natus
1345 1293 1389 1318 ex

328 1332 407 1370 aliis
427 1333 510 1369 filiis
529 1334 706 1370 Abrahae
730 1332 798 1369 nisi
819 1344 863 1369 ex
878 1332 1017 1378 David,
1036 1333 1095 1369 cui
1116 1341 1171 1370 est
1183 1334 1387 1382 promissio

327 1393 532 1433 renovata,
563 1385 774 1422 secundum
808 1385 899 1422 illud
928 1386 959 1422 ΙΙ
988 1387 1084 1435 Reg.
1110 1385 1248 1423 xx111*:
1282 1387 1392 1424 Dixit

325 1438 386 1476 vir
413 1440 476 1476 cui
492 1439 727 1476 constitutum
748 1444 802 1474 est
818 1439 864 1475 de
887 1439 1031 1475 Christo
1046 1439 1122 1475 Dei
1138 1440 1266 1476 Iacob.
1287 1441 1388 1488 Ergo

325 1492 384 1528 lex
412 1500 523 1528 vetus
552 1492 682 1529 debuit
711 1491 790 1528 dari
818 1499 906 1540 post
933 1491 1072 1539 David,
1103 1492 1198 1528 sicut
1225 1493 1312 1530 data
1335 1501 1391 1530 est

326 1552 413 1594 post
439 1545 646 1582 Abraham.

381 1598 456 1634 SED
472 1609 617 1635 CONTRA
627 1609 692 1634 EST
703 1597 809 1645 quod
824 1599 1031 1646 Apostolus
1043 1598 1141 1644 dicit,
1153 1598 1204 1635 aa'
1216 1599 1298 1636 Gal.
1311 1611 1347 1636 111
1356 1599 1387 1646 *,

327 1650 432 1699 quod
451 1651 678 1700 lexpropter
696 1651 1031 1700 transgressionem
1045 1651 1169 1699 posita
1189 1657 1252 1699 est,
1273 1652 1390 1689 donec

325 1704 470 1740 veniret
485 1716 610 1740 semen
628 1704 694 1741 cui
704 1704 944 1752 promiserat,
961 1704 1134 1741 ordinata
1148 1716 1220 1752 per
1235 1706 1389 1755 angelos

326 1757 363 1793 in
384 1768 500 1793 manu
525 1757 740 1794 mediatoris
759 1756 798 1793 *z
828 1756 924 1793 idest
943 1757 1200 1794 ordinabiliter
1225 1758 1325 1804 data,
1346 1765 1387 1795 ut

326 1809 498 1846 Glossa*
527 1810 622 1847 dicit.
653 1810 755 1857 Ergo
785 1821 998 1858 congruum
1027 1810 1094 1847 fuit
1121 1818 1163 1847 ut
1190 1811 1249 1847 lex
1275 1819 1386 1848 vetus

324 1862 388 1899 illo
418 1863 600 1911 temporis
629 1862 760 1900 ordine
789 1863 1008 1900 traderetur.

378 1917 603 1953 REsponzo
623 1928 807 1953 DlCENDUM
827 1916 932 1964 quod
953 1916 1309 1953 convenientissime
1329 1917 1386 1954 lex

323 1975 433 2006 vetus
454 1969 540 2006 data
560 1969 628 2006 fuit
646 1977 817 2017 tempore
843 1969 980 2017 Moysi.
1013 1969 1130 2006 Cuius
1150 1969 1243 2006 ratio
1262 1977 1387 2019 potest

323 2021 442 2070 accipi
472 2034 517 2058 ex
546 2023 709 2069 duobus,
740 2022 950 2059 secundum
981 2022 1085 2071 quod
1115 2022 1305 2071 quaelibet
1327 2023 1384 2060 lex

324 2074 475 2112 duobus
494 2075 695 2124 generibus
714 2075 917 2112 hominum
937 2074 1154 2124 imponitur.
1176 2075 1387 2124 Imponitur

323 2128 425 2165 enim
455 2129 684 2176 quibusdam
705 2129 808 2165 duris
829 2136 864 2166 et
887 2128 1070 2177 superbis,
1093 2128 1157 2176 qui
1176 2141 1245 2177 per
1262 2129 1384 2178 legem

323 2190 619 2230 compescuntur
647 2190 683 2219 et
709 2183 929 2219 domantur:
959 2182 1168 2230 imponitur
1188 2181 1298 2219 etiam
1318 2183 1385 2220 bo-

322 2234 391 2282 nis,
408 2234 483 2282 qui,
500 2247 567 2284 per
581 2236 703 2283 legem
718 2234 898 2281 instructi,
916 2234 1144 2272 adiuvantur
1163 2235 1210 2272 ad
1226 2234 1384 2284 implen-

323 2287 416 2324 dum
446 2289 550 2337 quod
579 2288 788 2325 intendunt.
819 2288 1064 2325 Conveniens
1092 2288 1201 2336 igitur
1227 2288 1295 2325 fuit
1320 2288 1383 2326 tali

320 2348 494 2389 ternpore
510 2342 633 2389 legem
651 2349 822 2378 veterem
843 2341 932 2388 dari,
954 2341 1003 2378 ad
1023 2341 1241 2390 superbiam
1261 2341 1382 2378 homi-

322 2405 415 2430 num
433 2394 748 2432 convincendam.
761 2395 819 2431 De
836 2394 986 2431 duobus
1001 2394 1103 2432 enim
1118 2395 1238 2431 homo
1254 2406 1382 2443 super-

321 2446 465 2484 biebat:
486 2448 626 2484 scilicet
640 2448 687 2485 de
703 2447 868 2495 scientia,
881 2455 918 2484 et
933 2448 980 2485 de
994 2447 1175 2496 potentia.
1187 2449 1247 2484 De
1262 2447 1383 2485 scien-

320 2499 371 2537 tia
398 2501 565 2549 quidem,
588 2501 695 2550 quasi
714 2501 807 2538 ratio
828 2500 1006 2538 naturalis
1026 2501 1060 2537 ei
1084 2507 1214 2550 posset
1233 2505 1250 2522 α
1277 2501 1381 2548 suffi-

321 2565 406 2590 cere
430 2554 478 2591 ad
498 2554 670 2591 salutem.
693 2555 742 2591 Et
760 2554 847 2591 ideo
870 2562 912 2591 ut
932 2554 978 2591 de
1003 2555 1078 2590 hoc
1104 2553 1184 2591 eius
1203 2553 1382 2602 superbia

321 2606 621 2654 convinceretur,
643 2607 851 2656 permissus
876 2615 931 2644 est
954 2607 1073 2644 homo
1094 2607 1266 2655 regimini
1290 2618 1380 2644 suae

320 2659 474 2697 rationis
494 2661 638 2708 absque
658 2660 889 2697 adminiculo
905 2660 994 2708 legis
1015 2660 1190 2708 scriptae:
1212 2667 1249 2697 et
1268 2671 1379 2709 expe-

321 2713 482 2750 rimento
508 2714 626 2750 homo
657 2713 800 2750 discere
824 2713 947 2761 potuit
967 2714 1070 2762 quod
1090 2713 1302 2761 patiebatur
1321 2724 1378 2750 ra-

319 2765 429 2802 tionis
450 2766 652 2814 defectum,
673 2778 743 2815 per
761 2767 835 2803 hoc
864 2766 967 2815 quod
987 2766 1162 2803 homines
1190 2777 1310 2815 usque
1330 2765 1378 2803 ad

373 2888 400 2921 α)
416 2892 515 2920 posset.
533 2903 551 2907 —
564 2889 652 2921 possit
671 2890 715 2914 Pa.

373 2922 397 2956 β)
418 2925 537 2949 maxime
546 2925 657 2956 populo.
671 2938 689 2943 -
698 2924 788 2956 primo
803 2924 923 2949 maxime
937 2924 1046 2949 codices.
1064 2938 1083 2943 —
1102 2925 1153 2948 Pro
1167 2924 1380 2953 exuberantiam,

319 2960 525 2991 exuperantiam
546 2960 573 2984 Ρ.

1446 540 1695 578 idololatriam
1713 549 1749 578 et
1763 542 1979 590 turpissima
1987 543 2078 580 vitia
2093 543 2191 580 circa
2205 551 2379 593 tempora
2388 546 2507 584 Abra-

1446 594 1518 630 hae
1539 601 1625 630 sunt
1652 595 1830 643 prolapsi.
1852 596 1901 632 Et
1923 595 2010 633 ideo
2029 604 2116 644 post
2135 597 2230 633 haec
2249 604 2423 646 tempora
2442 599 2509 636 fuit

1446 647 1701 683 necessarium
1734 648 1856 694 legem
1896 649 2073 698 scriptam
2108 649 2187 686 dari
2220 650 2258 686 in
2292 651 2505 688 remedium

1445 700 1636 736 humanae
1656 699 1908 746 ignorantiae:
1935 702 2022 750 quia
2036 714 2109 750 per
2133 703 2254 752 legem
2270 709 2324 740 est
2341 705 2504 753 cognitio

1439 753 1595 800 peccati,
1612 759 1652 788 ut
1668 751 1801 789 dicitur
1814 754 1925 790 Rom.
1939 766 1973 790 111
1984 754 2014 791 ³¹⁸.
2032 776 2055 782 -
2073 755 2149 792 Sed
2165 763 2371 804 postquam
2386 757 2505 794 horno

1446 813 1500 842 est
1515 806 1715 842 instructus
1729 817 1798 853 per
1812 806 1947 854 legem,
1965 808 2138 846 convicta
2159 816 2214 846 est
2233 808 2313 846 eius
2329 809 2506 858 superbia

1445 858 1492 895 de
1521 858 1756 903 infirmitate,
1788 858 1880 895 dum
1915 859 2072 908 implere
2110 873 2188 898 non
2221 869 2369 910 poterat
2401 863 2504 911 quod

1445 911 1709 958 cognoscebat.
1732 911 1781 946 Et
1812 910 1914 958 ideo,
1946 912 2040 949 sicut
2067 915 2274 962 Apostolus
2304 915 2504 963 concludit,

1444 964 1495 1000 ad
1512 965 1622 1000 Rom.
1639 962 1748 1009 Vl11*,
1779 964 1880 1011 quod
1905 965 2127 1012 impossibile
2150 973 2233 1004 erat
2259 968 2345 1018 legi,
2371 969 2408 1005 in
2429 980 2503 1017 qua

1444 1017 1708 1064 infirmabatur
1719 1028 1793 1063 per
1811 1028 1976 1063 carnem,
1993 1019 2093 1055 misit
2102 1020 2208 1057 Deus
2222 1021 2361 1058 Filium
2379 1033 2501 1069 suum,

1445 1075 1485 1106 ut
1510 1069 1718 1117 iustificatio
1747 1069 1840 1118 legis
1868 1069 2082 1118 impleretur
2109 1071 2145 1109 in
2173 1074 2288 1111 nobis.

1497 1123 1554 1159 Ex
1582 1129 1686 1170 parte
1714 1134 1806 1158 vero
1831 1123 2035 1171 bonorum,
2056 1125 2115 1160 lex
2143 1125 2230 1162 data
2257 1134 2314 1163 est
2339 1127 2379 1164 in
2399 1127 2503 1165 auxi-

1442 1175 1547 1212 lium.
1566 1175 1681 1222 Quod
1706 1175 1862 1224 quidem
1887 1183 1977 1212 tunc
1998 1177 2162 1213 maxime
2186 1179 2329 1227 populo
2343 1178 2359 1208 θ
2373 1191 2502 1217 neces—

1443 1228 1583 1265 sarium
1600 1228 1678 1274 fuit,
1695 1228 1849 1276 quando
1870 1229 1927 1265 lex
1947 1229 2124 1266 naturalis
2140 1230 2334 1268 obscurari
2351 1231 2503 1281 incipie-

1442 1281 1506 1318 bat
1526 1288 1679 1329 propter
1698 1281 1981 1318 exuberantiam
2002 1289 2261 1330 peccatorum.
2292 1284 2504 1332 Oportebat

1443 1342 1571 1370 autern
1586 1339 1600 1361 Υ
1629 1334 1849 1371 huiusmodi
1868 1334 2047 1372 auxilium
2068 1335 2238 1383 quodam
2257 1337 2391 1374 ordine
2411 1337 2503 1385 dari,

1442 1394 1484 1423 ut
1510 1399 1579 1435 per
1602 1387 1822 1435 imperfecta
1842 1387 1890 1424 ad
1909 1388 2180 1436 perfectionem
2202 1390 2504 1428 manuduceren—

1442 1447 1502 1476 tur
1515 1438 1540 1476 ὅ.
1571 1441 1619 1476 Et
1647 1440 1732 1476 ideo
1763 1440 1857 1483 inter
1885 1441 2007 1488 legem
2037 1449 2192 1479 naturae
2222 1450 2260 1479 et
2282 1443 2404 1490 legem
2422 1455 2504 1491 gra-

1442 1492 1527 1539 tiae,
1549 1493 1714 1541 oportuit
1742 1494 1865 1540 legem
1893 1501 2062 1531 veterem
2093 1494 2184 1532 dari.

1495 1548 1554 1582 AD
1573 1558 1708 1583 PRIMUM
1728 1557 1826 1582 ERGO
1846 1557 2029 1584 memnon
2045 1548 2151 1596 quod
2171 1548 2294 1585 statim
2310 1555 2397 1597 post
2414 1561 2502 1598 pec—

1443 1606 1568 1636 catum
1583 1599 1694 1647 primi
1714 1599 1881 1635 hominis
1899 1612 1977 1637 non
1998 1602 2241 1649 competebat
2259 1602 2382 1649 legem
2399 1610 2504 1639 vete·

1442 1664 1523 1688 rem
1545 1652 1641 1689 dari:
1663 1659 1742 1688 tum
1763 1652 1851 1701 quia
1872 1653 2044 1690 nondum
2065 1654 2186 1690 homo
2206 1655 2504 1702 recognoscebat

1442 1716 1482 1741 se
1503 1717 1546 1741 ea
1566 1705 1744 1752 indigere,
1767 1705 1814 1742 de
1834 1718 1902 1742 sua
1923 1706 2068 1742 ratione
2089 1706 2268 1743 confisus.
2289 1707 2393 1744 Tum
2413 1707 2502 1756 quia

1441 1758 1568 1794 adhuc
1597 1758 1784 1794 dictamen
1813 1758 1903 1806 legis
1931 1766 2087 1796 naturae
2120 1759 2295 1796 nondum
2327 1767 2408 1797 erat
2435 1761 2504 1797 ob-

1441 1812 1677 1847 tenebratum
1705 1823 1774 1859 per
1802 1812 2116 1850 consuetudinem
2146 1812 2342 1861 peccandi.
2374 1822 2377 1823 ’

1494 1866 1552 1900 AD
1572 1875 1760 1901 SECUNDUM
1781 1876 1964 1902 memnon
1987 1865 2093 1914 quod
2112 1866 2171 1902 lex
2190 1877 2268 1903 non
2289 1865 2402 1903 debet
2420 1866 2502 1903 dari

1440 1916 1510 1953 nisi
1538 1918 1700 1965 populo:
1732 1925 1787 1953 est
1815 1917 1917 1954 enim
1945 1925 2192 1967 praeceptum
2220 1926 2502 1966 commune,·ut

1440 1969 1580 2007 dictum
1601 1977 1656 2006 est
1670 1970 1700 2006 *.
1731 1971 1780 2006 Et
1807 1970 1894 2007 ideo
1919 1977 2092 2020 tempore
2112 1972 2295 2009 Abrahae.
2308 1972 2396 2009 data
2410 1976 2502 2010 sunt

1439 2023 1627 2070 quaedam
1648 2023 1842 2060 familiaria
1861 2031 2074 2073 praecepta,
2097 2032 2133 2062 et
2151 2024 2260 2074 quasi
2279 2024 2500 2073 domestica,

1439 2076 1510 2112 Dei
1544 2076 1591 2112 ad
1625 2076 1811 2113 homines.
1844 2077 1919 2114 Sed
1956 2077 2221 2126 postmodum,
2250 2077 2500 2127 multiplicatis

1440 2129 1519 2165 eius
1546 2129 1706 2177 posteris
1735 2129 1922 2167 intantum
1951 2131 2057 2178 quod
2076 2131 2242 2179 populus
2270 2138 2379 2179 esset,
2401 2138 2438 2168 et
2457 2131 2500 2168 eli-

1438 2182 1576 2218 beratis
1612 2182 1663 2218 eis
1697 2195 1719 2219 a
1747 2182 1946 2230 servitute,
1981 2184 2039 2220 lex
2072 2184 2343 2221 convenienter
2377 2184 2500 2233 potuit

1439 2235 1538 2271 dari:
1568 2247 1657 2272 narn
1687 2236 1785 2272 servi
1819 2248 1898 2273 non
1927 2238 2023 2273 sunt-
2039 2248 2128 2285 pars
2160 2237 2291 2286 populi
2318 2237 2381 2274 vel
2409 2237 2499 2276 civia

1437 2288 1541 2335 tatis,
1573 2288 1633 2325 cui
1665 2289 1787 2336 legem
1822 2289 1902 2326 dari
1939 2290 2140 2339 competit,
2173 2297 2216 2327 ut
2243 2288 2498 2340 Philosophus

1438 2340 1540 2387 dicit,
1570 2341 1608 2377 in
1637 2342 1686 2377 ΙΙΙ
1715 2342 1820 2378 Polit.
1841 2342 1861 2364 *
2470 2340 2476 2348 ’

1490 2396 1548 2431 Αι)
1576 2406 1735 2431 TER-rium
1764 2407 1946 2433 mcsNDuM
1974 2396 2091 2444 quod,
2117 2395 2206 2444 quia
2233 2397 2356 2444 legem
2386 2407 2498 2445 opor—

1435 2447 1538 2484 tebat
1565 2447 1673 2484 alicui
1692 2449 1836 2496 populo
1858 2449 1949 2496 dari,
1970 2461 2048 2486 non
2071 2449 2197 2486 solum
2216 2449 2266 2486 illi
2293 2461 2339 2486 ex
2358 2449 2496 2498 quibus

1436 2500 1607 2537 Christus
1636 2507 1744 2537 natus
1774 2509 1843 2548 est,
1873 2502 1996 2550 legem
2025 2509 2271 2550 acceperunt3
2302 2502 2370 2539 sed
2396 2509 2496 2540 totus

1434 2555 1599 2602 populus
1615 2553 1854 2601 consignatus
1869 2554 2059 2602 signaculo
2075 2554 2381 2602 circumcisionis,
2398 2567 2496 2605 quae

1435 2606 1502 2643 fuit
1529 2606 1678 2654 signum
1698 2607 1958 2655 promissionis
1976 2608 2154 2644 Abrahae
2177 2608 2298 2645 factae
2324 2615 2360 2645 et
2379 2609 2428 2645 ab
2449 2620 2495 2645 eo

1436 2659 1619 2705 creditae,
1654 2667 1694 2696 ut
1729 2659 1817 2696 dicit
1843 2661 2062 2709 Apostolus,
2087 2662 2200 2698 Rom.
2221 2672 2256 2698 1v
2279 2662 2311 2698 *.
2332 2661 2382 2697 Et
2408 2661 2496 2698 ideo

1435 2712 1547 2749 etiarn
1576 2720 1660 2749 ante
1689 2713 1814 2750 David
1842 2714 2008 2762 oportuit
2026 2714 2148 2762 legem
2169 2713 2251 2751 dari
2269 2713 2332 2751 tali
2350 2714 2496 2764 populo

1433 2765 1509 2802 iam
1537 2766 1707 2802 collecto.

1489 2889 1515 2921 γ)
1535 2891 1632 2913 autem.
1650 2902 1668 2907 —
1687 2889 1754 2913 enim
1776 2889 1821 2913 Pa.

1435 2959 1477 2983 EF
1488 2923 1512 2956 ὃ)
1533 2924 1784 2949 manuducerentur.
1801 2937 1821 2944 -—
1840 2925 2064 2950 manuduceretur
2083 2925 2287 2955 ABCDGHILa,
2308 2926 2498 2952 manuduoem

999 3046 1328 3080 Commentariis
1351 3046 1598 3079 Car-ainans
1621 3046 1818 3080 Caietam

323 3146 369 3207 IN
393 3136 529 3166 articulis
557 3137 669 3177 quinto
694 3144 725 3167 et
748 3143 835 3167 sexto
859 3137 1001 3167 eiusdem
1025 3143 1101 3166 nota
1123 3136 1226 3177 quod,
1249 3136 1322 3167 licet
1344 3135 1376 3166 in

351 3187 436 3210 sexto
460 3180 591 3210 articulo
616 3181 758 3221 quaestio
783 3181 822 3211 sit
846 3181 884 3210 de
908 3187 1052 3221 tempore
1076 3180 1190 3221 Moysi,
1212 3178 1291 3211 etin
1307 3190 1376 3211 cor-

313 3228 397 3262 ‘pore
420 3223 538 3253 articuli
563 3234 628 3254 non
652 3225 859 3255 concludatur
882 3224 1086 3255 determinate
1109 3231 1236 3265 tempus
1259 3224 1378 3265 Moysi,

321 3276 378 3297 nec
397 3267 516 3297 ratione
536 3268 689 3298 durorum
713 3276 743 3299 et
759 3270 980 3309 superborum,
998 3279 1054 3299 nec
1072 3268 1191 3299 ratione
1208 3269 1378 3304 bonorum,

1430 3136 1485 3166 sed
1508 3142 1634 3176 tempus
1658 3136 1801 3167 medium
1824 3136 1905 3167 inter
1926 3137 2029 3177 legem
2053 3145 2182 3170 naturae
2199 3146 2229 3170 et
2243 3138 2347 3179 legem
2361 3139 2494 3179 gratiae;

1431 3180 1464 3210 in
1486 3180 1746 3220 responsionibus
1765 3187 1871 3212 tamen
1891 3189 2154 3222 argumentorum
2176 3182 2401 3215 determinatur
2414 3182 2494 3213 illud

1431 3231 1558 3264 tempus
1577 3224 1717 3255 medium
1743 3225 1782 3255 ad
1805 3231 1932 3266 tempus
1955 3226 2070 3267 Moysi,
2095 3227 2225 3267 quando
2249 3227 2353 3267 primo
2376 3226 2493 3257 domus

1432 3268 1524 3298 lsrael
1548 3268 1607 3299 fuit
1629 3269 1770 3308 populus
1794 3269 1883 3306 liber;
1905 3276 1940 3300 ut
1963 3277 2050 3310 patet
2072 3270 2105 3301 in
2128 3270 2230 3302 littera
2245 3270 2271 3301 *.

930 3428 1192 3432 --ὴ
1200 3413 1604 3448 *da—W„

2532 769 2539 777 ·
2558 767 2624 791 vers.
2639 775 2675 791 πο.

2532 979 2540 988 ·
2556 977 2623 1000 Vers.
2637 984 2650 1007 3
2664 984 2700 1007 sq.

2529 1983 2538 1992 '¹
2557 1981 2604 2010 Qu.
2618 1971 2681 2011 ξονι,
2696 1986 2743 2005 ιη.

2524 2349 2534 2358 ”
2549 2347 2608 2376 Cnp.
2626 2354 2651 2376 u,
2665 2354 2688 2370 n.
2707 2354 2735 2376 93

2525 2380 2576 2403 cap.
2599 2380 2638 2402 xv,
2657 2380 2682 2397 n.
2699 2380 2735 2402 7.;

2524 2407 2551 2450 ξ’.
2569 2407 2735 2455 &gaft-1

2523 2460 2554 2482 rv,
2569 2460 2611 2476 vn.

2524 2675 2533 2684 ”
2548 2673 2614 2696 Vera.
2629 2679 2657 2696 n.

2520 3274 2531 3284 ⁸
2545 3273 2572 3295 In
2586 3279 2647 3301 resp.
2667 3272 2696 3295 nd
2709 3279 2732 3296 ι.
