2840 4010
63 1275 240 1304 ·.1102n,.cap
253 1283 272 1303 1,

60 1308 121 1324 vers.
136 1303 156 1324 8.

57 1990 65 1997 ·
81 1988 137 2010 Loc.
152 1987 189 2009 cit.

58 2683 68 2694 ⁸
83 2683 170 2704 Homil.
193 2683 267 2706 XXIX

56 2710 79 2731 in
94 2710 180 2738 Evang.

312 150 383 186 144

305 219 511 267 praecessit
539 220 576 258 in
606 220 733 258 animo
761 221 938 267 hominis,
960 220 1027 257 fuit
1049 220 1215 268 primum
1243 219 1367 256 homi-

307 271 363 308 nis
390 280 591 320 peccatum
610 274 789 310 mortale:
816 273 949 310 dicitur
968 280 1095 309 autem
1115 272 1366 320 praecessisse

308 324 559 362 deiectionem
597 327 677 362 eius
710 326 747 362 in
781 325 1006 363 exteriorem
1045 332 1172 362 actum
1210 325 1366 373 peccati.

308 377 539 415 Huiusmodi
577 386 705 415 autem
743 378 944 415 elationem
981 376 1218 414 subsecutat
1247 386 1303 415 est
1331 386 1368 416 et

307 430 523 478 experiendi
552 430 734 479 cupiditas
762 431 800 467 in
827 430 925 476 viro,
948 438 983 467 et
1007 429 1188 467 dubitatio
1216 430 1254 467 in
1283 443 1366 468 mu-

306 482 412 529 liere;
439 496 536 531 quae
557 495 601 519 ex
628 484 702 519 hoc
731 484 812 519 solo
842 483 880 519 in
899 483 1094 531 quandam
1115 488 1133 510 η
1163 483 1365 522 elationem

304 535 495 584 prorupit,
525 535 630 583 quod
657 535 848 584 praecepti
876 535 1112 572 mentionem
1142 548 1164 573 a
1192 545 1365 586 serpente

305 588 459 635 audivit,
489 588 596 635 quasi
624 588 740 626 nollet
768 589 837 624 sub
867 596 1071 638 praecepto
1101 589 1294 627 contineri.

354 717 378 751 ζ)
398 717 544 742 subsecuta.
562 731 581 736 -
598 718 770 743 subsecutura
788 719 818 744 P.

942 143 1207 189 QUAESTIO
1237 115 1772 188 Lxxx1x‚ART1cu1.us
1801 145 1852 181 1v

1473 222 1532 258 An
1562 232 1721 259 TERTlUM
1748 234 1933 261 mcENDuM
1962 226 2067 272 quod
2094 234 2294 285 peccatum
2322 229 2481 265 mortale

1420 273 1605 310 intantum
1635 274 1841 333 opponitur
1868 275 2067 324 integritati
2085 279 2198 326 primi
2227 287 2355 327 status,
2376 281 2481 329 quod

1421 326 1629 375 corrumpit
1665 327 1812 376 ipsum:
1851 329 1956 377 quod
2001 339 2201 378 peccatum
2242 333 2391 370 veniale
2428 335 2480 371 fa-

1421 391 1505 416 cere
1534 392 1613 417 non
1645 388 1780 429 potest.
1811 381 1860 418 Et
1883 381 1973 429 quia
2001 393 2080 419 non
2107 391 2232 431 potest
2260 384 2370 422 simul
2397 399 2479 424 esse

1419 445 1686 482 quaecumque
1723 433 1950 471 inordinatio
1990 447 2078 472 cum
2115 435 2322 484 integritate
2369 439 2480 487 primi

1419 493 1554 532 status,
1586 498 1823 535 consequens
1853 494 1908 524 est
1936 487 2040 536 quod
2076 488 2222 536 primus
2253 489 2372 526 homo
2401 503 2480 530 non

1418 538 1582 587 potuerit
1617 551 1776 587 peccare
1806 540 2017 588 venialiter,
2058 549 2262 590 antequam
2306 552 2480 590 peccaret

1418 591 1636 629 mortaliter.

1472 721 1498 754 η)
1516 721 1659 753 quandam.
1678 734 1695 739 -
1714 722 1849 753 quandam
1867 723 1949 748 aliam
1969 723 2015 748 Pa.

974 799 1306 832 commentaria
1328 799 1577 832 Cardinalis
1600 800 1800 833 Caietani

304 888 467 952 Oilssssrs
501 879 640 909 articulis
668 879 778 919 primis
809 879 1003 920 quaestionis
1032 879 1365 919 octogesimaenonae,

375 923 408 953 in
436 923 528 953 tertio
557 923 689 954 articulo
715 923 850 954 dubium
879 924 1015 954 occurrit
1045 934 1081 954 ex
1108 924 1225 959 Scoto,
1254 923 1287 953 in
1313 934 1365 954 ιιι

301 966 499 998 distinctione
516 964 542 997 11
559 967 658 1005 Sent.‚
682 974 807 998 tenente
828 968 916 1008 quod
934 967 967 998 in
983 974 1064 999 statu
1085 967 1284 998 innocentiae
1307 978 1364 1007 po-

301 1011 361 1042 tuit
384 1011 484 1042 homo
509 1021 637 1052 peccare
653 1011 823 1048 venialiter,
849 1012 967 1052 absque
991 1012 1118 1043 mortali
1142 1018 1282 1052 peccato.
1307 1014 1364 1042 Ar-

300 1055 432 1096 guitque
455 1055 702 1096 quadrupliciter
724 1056 764 1086 ad
786 1056 858 1087 hoc.
883 1056 1001 1092 Primo,
1025 1056 1100 1096 quia
1124 1056 1248 1086 donum
1271 1056 1364 1096 origi-

301 1099 380 1130 nalis
403 1100 539 1131 iustitiae
553 1109 620 1130 non
639 1099 807 1140 perfectius
832 1099 1044 1140 coniungebat
1058 1099 1224 1130 hominem
1247 1099 1361 1130 ultimo

300 1143 372 1180 fini,
397 1154 494 1184 quam
524 1153 745 1185 quaecumque
777 1144 875 1183 gratia
902 1150 1027 1183 gratum
1055 1143 1172 1175 faciens
1200 1144 1364 1184 coniungit

301 1198 385 1218 nunc
409 1188 572 1219 viatorem.
597 1187 659 1218 Sed
682 1198 756 1218 cum
779 1187 877 1227 gratia
900 1197 1103 1228 quacumque
1127 1187 1253 1218 viatoris
1278 1198 1363 1219 nunc

300 1239 359 1263 stat
384 1232 506 1262 veniale
533 1238 716 1272 peccatum:
746 1232 821 1272 quia
843 1233 872 1263 si
894 1232 1072 1263 dixerimus
1097 1233 1172 1273 quia
1194 1237 1361 1272 peccatum

301 1287 363 1307 non
387 1277 548 1313 habemus,
575 1283 632 1306 etc.
649 1275 666 1294 *
689 1276 785 1316 Ergo.

355 1321 525 1356 Praeterea,
543 1320 647 1351 Adam
667 1327 742 1351 tunc
766 1319 872 1360 potuit
891 1319 1089 1351 committere
1112 1320 1233 1350 veniale
1249 1330 1286 1351 ex
1308 1331 1363 1361 ge-

300 1375 382 1401 nere,
399 1371 476 1404 puta
497 1364 599 1395 dicere
621 1364 755 1396 verbum
779 1364 930 1395 otiosum.
954 1364 1049 1404 Ergo.
1112 1393 1117 1396 ,
1301 1389 1305 1391 .

353 1409 523 1446 Praeterea,
542 1415 725 1449 sequeretur
740 1409 828 1449 quod
851 1409 984 1439 mortale
1008 1415 1039 1439 et
1060 1408 1182 1439 veniale
1199 1418 1299 1450 aeque
1315 1419 1362 1439 re-

298 1459 476 1494 pugnarent
490 1453 667 1484 rectitudini
683 1459 781 1484 status
797 1453 1006 1484 innocentiae.
1029 1453 1112 1490 Quia
1128 1459 1300 1494 utrumque
1317 1460 1363 1485 est

298 1498 326 1528 ei
349 1497 555 1538 impossibile,
581 1506 610 1528 et
635 1504 850 1538 corrumperet
873 1507 956 1528 eum.

351 1542 528 1578 Praeterea,
551 1542 590 1572 ab
615 1548 754 1572 extremo
778 1542 817 1571 ad
848 1549 1025 1573 extremum
1056 1551 1122 1571 non
1148 1540 1184 1572 fit
1213 1542 1361 1573 transitus

297 1586 357 1616 nisi
380 1596 436 1625 per
459 1586 612 1617 medium.
637 1586 699 1617 Sed
722 1586 843 1616 veniale
871 1586 1014 1616 medium
1039 1592 1085 1616 est
1107 1586 1187 1616 inter
1209 1586 1361 1617 iustitiam

299 1637 328 1661 et
351 1631 494 1661 mortale.
512 1630 607 1670 Ergo.

353 1675 389 1705 ΙΙ.
402 1675 452 1705 Ad
463 1674 604 1715 primum
618 1674 736 1705 horum
750 1674 864 1705 dicitur
879 1674 968 1715 quod
980 1681 1087 1715 peccat
1102 1674 1279 1705 secundum
1295 1684 1361 1705 non

298 1719 426 1750 causam
439 1725 474 1749 ut
488 1728 629 1755 causam,
637 1725 669 1749 et
680 1718 857 1749 secundum
871 1718 1020 1758 Figuram
1037 1718 1193 1755 dictionis,
1206 1719 1360 1749 mutando

296 1764 343 1794 sic
365 1763 415 1793 vel
431 1763 533 1803 plura
557 1763 590 1793 in
613 1765 731 1804 magis,
747 1763 797 1793 vel
822 1773 838 1794 e
861 1773 1025 1793 converso.
1053 1763 1172 1793 Iustitia
1189 1763 1275 1793 enim
1298 1763 1360 1793 ori-

296 1807 417 1847 ginalis,
441 1818 508 1838 non
531 1807 606 1848 quia
629 1807 739 1848 magis,
760 1808 814 1838 sed
837 1807 911 1848 quia
935 1807 989 1843 sic,
1008 1807 1058 1837 vel
1082 1807 1226 1847 pluribus
1245 1807 1360 1844 modis,

298 1852 510 1892 coniungebat
525 1852 640 1882 ultimo
665 1851 729 1888 fini,
747 1858 902 1893 repugnat
917 1858 1046 1892 peccato
1069 1851 1201 1883 veniali:
1226 1851 1302 1892 quia
1317 1851 1360 1882 sic

298 1896 508 1936 coniungebat
525 1896 638 1927 ultimo
655 1895 720 1933 fini,
739 1903 774 1927 ut
790 1896 924 1926 omnino
945 1896 1074 1926 inferius
1090 1895 1293 1926 infallibiliter
1310 1905 1360 1926 or-

298 1940 456 1971 dinaretur
473 1942 531 1971 sub
548 1951 607 1972 suo
625 1941 795 1981 superiore.
807 1941 879 1971 —Et
895 1951 968 1971 cum
985 1947 1094 1971 contra
1108 1940 1188 1970 hanc
1205 1940 1359 1972 rationem

296 1985 391 2016 instat
415 1985 528 2016 Scotus
543 1985 575 2020 *,
600 1985 675 2026 quia
698 1992 865 2026 peccatum
888 1985 1008 2015 veniale
1032 1984 1243 2015 committitur
1265 1984 1359 2015 etiam

1417 880 1450 910 in
1466 887 1554 920 parte
1574 880 1738 921 superiori,
1756 887 1791 911 ut
1805 887 1891 921 patet
1913 882 1952 912 de
1975 882 2085 922 primis
2107 884 2248 914 motibus
2270 883 2477 916 infidelitatis:

1417 931 1504 964 patet
1526 924 1691 965 responsio
1712 934 1748 955 ex
1770 924 1881 961 littera,
1899 925 2015 957 scilicet
2037 927 2149 967 quod'
2141 938 2210 968 ipsa
2232 938 2304 968 pars
2323 929 2476 969 superior,

1418 975 1454 999 ut
1476 969 1594 999 habens
1623 975 1730 999 motus
1758 968 1997 1006 indeliberatos,
2020 970 2115 1001 habet
2137 971 2294 1003 rationem
2320 972 2477 1004 inferioris

1417 1020 1560 1053 respectu
1584 1013 1633 1043 sui
1652 1013 1751 1053 ipsius
1776 1020 1812 1043 ut
1835 1012 2010 1044 deliberans
2033 1021 2089 1045 est.
2114 1015 2207 1046 Unde
2222 1026 2279 1056 per
2297 1016 2429 1048 inferius
2447 1024 2479 1048 et

1417 1057 1562 1097 superius
1584 1057 1635 1088 hic
1659 1067 1724 1087 non
1748 1057 1835 1097 ipsae
1857 1063 1961 1097 partes
1991 1058 2115 1089 animae
2138 1058 2359 1100 intelligendae
2381 1068 2474 1098 sunt,

1416 1101 1472 1131 sed
1495 1100 1608 1132 officia.
1633 1101 1677 1132 lta
1696 1101 1785 1142 quod
1807 1101 1860 1131 ille
1883 1107 1982 1132 status
2006 1101 2119 1133 habeat
2141 1104 2240 1144 quqd,
2265 1105 2406 1145 quandiu
2424 1115 2477 1136 su-

1416 1155 1564 1186 premum
1588 1144 1730 1176 officium
1754 1145 1823 1175 Deo
1847 1145 1982 1182 suberat,
1998 1145 2147 1177 inferiora
2170 1147 2274 1179 officia
2296 1149 2476 1181 cuiuscum-

1416 1199 1478 1230 que
1502 1189 1597 1230 partis
1620 1189 1776 1220 infallibili
1805 1189 1916 1220 ordine
1942 1196 2025 1220 recte
2053 1190 2206 1230 superiori
2231 1191 2342 1223 officio
2364 1193 2477 1225 subde-

1415 1234 1538 1264 bantur.
1563 1234 1656 1265 Unde
1679 1233 1792 1264 Scotus
1815 1233 1854 1263 ab
1877 1233 1984 1264 officio
2007 1234 2047 1264 ad
2069 1235 2252 1274 portionem
2275 1236 2398 1267 animae
2421 1238 2475 1268 de-

1415 1277 1550 1309 clinavit.
1572 1278 1613 1309 Et
1631 1277 1784 1318 quoniam
1808 1277 1885 1308 haee
1908 1278 2060 1314 doctrina,
2085 1285 2121 1310 ut
2143 1286 2228 1329 patet
2249 1280 2283 1310 in
2305 1280 2417 1318 littera,
2440 1280 2482 1312 ex‘

1414 1322 1606 1363 Augustino,
1622 1322 1695 1352 XlV
1714 1322 1754 1353 de
1772 1321 1838 1352 Civ.
1854 1322 1928 1360 Dei,
1951 1329 2007 1359 est,
2027 1329 2109 1354 recte
2135 1323 2179 1354 sic
2195 1323 2376 1364 exponitur:
2401 1325 2476 1367 quia

1415 1366 1500 1406 apud
1522 1366 1630 1407 ipsum
1653 1365 1783 1396 inferius
1807 1372 1838 1396 et
1861 1365 2005 1407 superius
2028 1365 2134 1398 officio
2159 1367 2405 1408 distinguuntur.

1469 1410 1519 1441 Ad
1550 1411 1727 1441 secundum
1760 1409 1872 1441 dicitur
1902 1411 1991 1451 quod
2020 1411 2125 1442 Adam
2150 1411 2184 1442 in
2214 1411 2270 1442 illo
2299 1419 2382 1443 statu
2410 1422 2477 1444 non

1415 1454 1521 1494 potuit
1544 1455 1644 1485 dicere
1667 1455 1800 1485 verbum
1823 1454 1982 1492 otiosum,
2006 1463 2136 1496 propter
2162 1456 2318 1487 rationem
2342 1456 2476 1494 dictam,

1414 1504 1585 1539 antequam
1609 1505 1767 1539 peccasset
1789 1499 1972 1530 mortaliter.

1469 1543 1520 1573 Ad
1535 1543 1672 1579 tertium,
1690 1549 1822 1582 negatur
1837 1543 1975 1584 sequela.
1999 1543 2041 1574 Et
2055 1545 2105 1580 ad,
2117 1544 2341 1585 probationem
2363 1545 2478 1576 dicitur

1414 1587 1519 1628 quod,
1544 1587 1615 1618 licet
1638 1594 1810 1628 utrumque
1839 1587 1879 1618 sit
1902 1587 1930 1618 ei
1953 1587 2168 1628 impossibile,
2191 1589 2326 1620 mortale
2349 1596 2473 1627 autem,

1414 1631 1495 1662 ultra
1510 1631 1582 1668 hoc,
1599 1638 1645 1662 est
1662 1631 1880 1672 corruptivum
1896 1631 1981 1662 illius
1997 1639 2106 1668 status,
2130 1632 2252 1663 veniale
2272 1640 2379 1665 autem
2394 1642 2475 1671 non;

1414 1682 1450 1706 ut
1471 1675 1505 1705 in
1527 1675 1628 1706 littera
1653 1676 1774 1712 dicitur,
1799 1676 1832 1706 in
1854 1676 2062 1716 responsione
2085 1677 2126 1707 ad
2148 1677 2286 1708 tertium.

1469 1720 1519 1750 Ad
1543 1727 1693 1760 quartum
1717 1720 1830 1751 dicitur
1853 1720 1941 1761 quod
1965 1721 2067 1751 maior
2085 1727 2132 1752 est
2152 1730 2235 1758 vera,
2255 1721 2311 1752 ubi
2334 1728 2381 1752 est
2402 1730 2476 1752 vere

1414 1763 1556 1794 medium
1587 1764 1790 1795 essentialiter
1819 1764 2010 1796 ordinatum.
2036 1765 2167 1796 Veniale
2196 1771 2305 1796 autem
2333 1774 2400 1796 non
2430 1771 2477 1796 est

1413 1808 1556 1839 medium
1586 1809 1763 1839 secundum
1792 1808 1974 1846 veritatem,
1998 1809 2054 1840 sed
2084 1816 2277 1840 extremum:
2302 1810 2361 1841 sub
2389 1809 2476 1844 malo

1413 1862 1562 1894 namque,
1580 1859 1610 1883 et
1625 1860 1764 1894 peccato,
1783 1860 1814 1884 et
1828 1853 2023 1890 huiusmodi,
2041 1854 2198 1884 clauditur
2213 1860 2386 1896 utrumque
2405 1863 2476 1895 pec-

1412 1903 1533 1933 catum,
1559 1897 1692 1928 mortale
1716 1897 1833 1928 scilicet
1856 1904 1886 1928 et
1908 1897 2039 1928 veniale.
2065 1897 2186 1929 lustitia
2216 1905 2324 1930 autem
2347 1905 2394 1930 est
2414 1897 2476 1930 sub

1414 1941 1511 1972 altero
1535 1947 1685 1978 extrem0,
1703 1941 1819 1972 scilicet
1841 1939 1939 1978 bono,
1957 1949 2052 1979 recto,
2078 1949 2108 1973 et
2131 1942 2327 1974 huiusmodi.

1074 2147 1390 2189 ARTICULUS
1420 2146 1691 2199 QUARTUS

635 2241 791 2272 UTRUM
814 2240 1015 2271 ANGELus
1037 2240 1179 2271 BONUS
1202 2240 1287 2271 VEL
1310 2239 1456 2270 MALus
1478 2239 1625 2270 PosfflT
1648 2240 1846 2271 PECCARE
1870 2241 2134 2272 VENIALITER
2165 2254 2172 2256 ν

1197 2319 1238 2344 De
1255 2318 1339 2349 Malo,
1359 2325 1405 2351 qu.
1423 2326 1468 2348 vu,
1489 2323 1536 2344 art.
1555 2327 1582 2352 9.

441 2437 452 2459 ᾗ
506 2420 528 2445 D
549 2419 721 2450 QUARTUM
741 2420 794 2445 sm
813 2419 1052 2445 PROCEmTUR.
1073 2407 1234 2445 Videtur
1252 2406 1358 2456 quod

450 2462 660 2526 angelus
689 2462 813 2498 bonus
832 2462 894 2498 vel
915 2461 1037 2521 malus
1061 2461 1181 2510 possit
1198 2471 1356 2509 peccare

295 2633 405 2658 mens
432 2628 613 2667 vocatur·
643 2621 856 2658 secundum
885 2620 975 2658 illud
1005 2619 1189 2668 Gregorii,
1218 2596 1257 2656 in
1277 2619 1357 2656 Ho-

295 2674 371 2712 mil.
391 2674 427 2711 *ε
455 2674 586 2711 Homo
620 2674 793 2723 intelligit
822 2686 907 2710 cum
942 2674 1098 2723 angelis.
1131 2673 1207 2710 Sed
1235 2673 1355 2710 homo

294 2727 505 2764 secundum
525 2720 762 2777 superiorem
788 2734 936 2776 partem
956 2726 1106 2763 animae
1126 2733 1251 2776 potest
1267 2738 1356 2775 pec-

294 2793 378 2818 care
407 2779 615 2818 venialiter.
645 2781 748 2828 Ergo
778 2787 813 2817 et
841 2780 1008 2827 angelus.

347 2845 381 2870 2.
411 2835 644 2881 PRAETEREA,
665 2833 896 2892 quicumque
916 2840 1041 2882 potest
1061 2832 1164 2881 quod
1185 2839 1239 2869 est
1256 2832 1354 2881 plus,

292 2894 416 2935 potest
445 2887 556 2924 etiam
586 2883 691 2935 quod
721 2893 776 2923 est
795 2886 932 2923 minus.
964 2885 1042 2922 Sed
1061 2885 1216 2933 angelus
1234 2885 1357 2934 potuit

294 2940 445 2988 diligere
474 2941 620 2977 bonum
649 2946 818 2976 creatum
847 2940 933 2988 plus
952 2951 1068 2998 quam
1089 2939 1228 2985 Deum,
1249 2938 1355 2987 quod

293 2993 378 3030 fecit
405 2994 601 3042 peccando
631 2992 849 3030 mortaliter.
880 2993 981 3040 Ergo
1012 2991 1124 3028 etiarn
1144 2991 1267 3040 potuit
1286 2992 1354 3028 bo-

293 3058 386 3083 num
416 3054 584 3083 creatum
606 3046 759 3094 diligere
778 3046 874 3083 infra
897 3046 1025 3082 Deum
1045 3043 1269 3092 inordinate,
1289 3057 1355 3081 ve-

293 3099 437 3136 nialiter
463 3099 672 3148 peccando.

349 3152 382 3188 3.
411 3153 643 3200 PRAETEREA,
674 3151 795 3200 angeli
825 3151 913 3188 mali
942 3150 1119 3188 videntur
1147 3149 1274 3199 aliqua
1301 3150 1353 3187 fa-

295 3215 378 3240 cere
407 3217 503 3252 quae
532 3213 619 3242 sunt
647 3218 692 3242 ex
721 3217 858 3253 genere
887 3216 957 3242 suo
986 3203 1148 3241 venialia
1175 3210 1352 3253 peccata,

292 3258 543 3305 provocando
563 3259 738 3295 homines
758 3259 804 3295 ad
825 3258 955 3304 risum,
987 3265 1022 3294 et
1047 3257 1096 3294 ad
1116 3256 1205 3293 alias
1225 3255 1353 3293 huius-

293 3309 399 3346 modi
427 3310 607 3348 levitates.
644 3312 719 3348 Sed
750 3310 1030 3348 circumstantia
1057 3322 1244 3359 personae
1274 3311 1352 3346 non

54 3372 63 3381 ·
77 3372 128 3394 Art·
145 3371 250 3400 praeced·
293 3362 380 3399 facit
399 3362 446 3399 de
465 3363 603 3399 veniali
629 3365 799 3412 mortale,
820 3372 861 3400 ut
881 3364 1023 3400 dictum
1045 3371 1100 3400 est
1118 3363 1149 3410 ³¹⁸,
1179 3362 1249 3400 nisi
1269 3375 1353 3412 spe-

1413 2406 1495 2444 ciali
1523 2406 1776 2455 prohibitione
1797 2407 2108 2456 superveniente:
2138 2408 2244 2456 quod
2262 2421 2341 2447 non
2362 2417 2417 2446 est
2434 2408 2474 2447 in

1409 2459 1618 2508 proposito.
1649 2460 1751 2508 Ergo
1771 2460 1926 2510 angelus
1943 2468 2069 2510 potest
2085 2473 2245 2511 peccare
2262 2461 2471 2500 venialiter.

1465 2513 1539 2550 SED
1569 2525 1714 2550 CONTRA
1742 2525 1807 2550 EST
1835 2514 1940 2562 quod
1969 2514 2093 2552 maior
2121 2522 2176 2551 est
2202 2514 2383 2563 perfectio
2408 2527 2471 2552 an-

1410 2566 1480 2613 geli
1509 2579 1625 2615 quam
1654 2567 1835 2615 perfectio
1855 2566 2020 2604 hominis
2043 2566 2081 2604 in
2109 2567 2234 2616 primo
2255 2575 2362 2605 statu.
2394 2567 2472 2606 Sed

1409 2619 1528 2656 homo
1557 2619 1595 2656 in
1621 2619 1747 2668 primo
1776 2627 1872 2657 statu
1901 2632 1979 2657 non
2007 2619 2129 2669 potuit
2154 2633 2315 2669 peccare
2343 2621 2472 2659 venia·
2495 2644 2500 2645 ν

1409 2672 1501 2709 liter.
1531 2673 1632 2720 Ergo
1662 2673 1781 2710 multo
1811 2673 1937 2710 minus
1966 2669 2132 2721 angelus.

1462 2726 1687 2762 RESPONDEO
1707 2737 1891 2763 DlCENDUM
1910 2727 2015 2776 quod
2039 2725 2248 2763 intellectus
2268 2726 2402 2774 angeli,
2423 2725 2472 2765 si-

1410 2786 1471 2815 cut
1490 2778 1528 2815 in
1550 2778 1679 2815 Primo
1695 2778 1715 2800 ’¹‘
1735 2779 1877 2816 dictum
1899 2786 1964 2826 est,
1986 2791 2065 2816 non
2090 2787 2147 2816 est
2172 2779 2404 2817 discursivus
2416 2779 2469 2828 “a

1409 2839 1450 2868 ut
1477 2831 1615 2868 scilicet
1642 2832 1825 2880 procedat
1852 2844 1874 2869 a
1900 2831 2093 2881 principiis
2121 2832 2160 2868 in
2189 2832 2469 2881 conclusiones,
2514 2855 2520 2862 ·

1409 2896 1581 2921 seorsum
1608 2891 1813 2934 utrumque
1837 2884 2056 2933 intelligens,
2078 2884 2174 2922 sicut
2191 2885 2230 2923 in
2249 2885 2360 2923 nobis
2381 2897 2470 2925 con-

1407 2938 1523 2986 tingit.
1553 2938 1665 2974 Unde
1694 2944 1843 2987 oportet
1871 2938 1976 2987 quod
1995 2937 2321 2988 quandocumque
2350 2939 2471 2977 consi-

1409 2991 1514 3028 derat
1543 2990 1818 3038 conclusiones,
1849 2991 2063 3028 consideret
2091 3003 2155 3028 eas
2181 2999 2296 3041 prout
2323 2999 2410 3030 sunt
2433 2992 2471 3030 in

1407 3043 1611 3092 principiis.
1641 3044 1683 3080 In
1711 3042 1975 3093 appetibilibus
2004 3052 2144 3092 autem,
2166 3045 2261 3082 sieut
2280 3045 2470 3083 multoties

1408 3097 1550 3134 dictum
1581 3105 1636 3134 est
1653 3096 1684 3143 ²¹²,
1714 3097 1810 3134 fines
1838 3104 1926 3134 sunt
1953 3097 2048 3134 sicut
2075 3097 2280 3148 principia;
2311 3105 2470 3135 ea‘vero

1408 3162 1504 3199 quae
1521 3158 1607 3187 sunt
1622 3149 1669 3187 ad
1689 3150 1821 3197 finem,
1843 3157 1930 3187 sunt
1948 3150 2044 3188 sicut
2062 3151 2338 3189 conclusiones.
2358 3150 2470 3200 Unde

1408 3215 1517 3240 mens
1537 3202 1660 3251 angeli
1689 3214 1767 3240 non
1786 3203 1907 3240 fertur'
1921 3202 1959 3240 in
1980 3215 2024 3241 ea
2044 3215 2143 3254 quae
2163 3210 2251 3241 sunt
2268 3203 2325 3242 ad·
2336 3200 2466 3254 finem,

1407 3256 1478 3293 nisi
1506 3256 1719 3293 secundum
1748 3255 1854 3304 quod
1874 3263 2047 3294 constant
2066 3262 2083 3278 ‘²
2111 3257 2182 3294 sub
2210 3257 2340 3295 ordine
2367 3254 2465 3293 finis.

1408 3311 1568 3358 Propter
1594 3310 1670 3346 hoc
1703 3321 1747 3346 ex
1780 3317 1914 3346 natura
1942 3307 1958 3339 β
1985 3322 2054 3347 sua
2081 3309 2224 3346 habent
2258 3309 2360 3358 quod
2389 3320 2467 3345 non

1407 3363 1525 3412 possit
1552 3363 1589 3399 in
1619 3363 1671 3399 eis
1701 3374 1782 3399 esse
1808 3362 2046 3400 deordinatio
2077 3362 2175 3399 circa
2195 3373 2239 3398 ea
2264 3373 2361 3410 quae
2382 3369 2468 3398 sunt

345 3482 372 3514 α)
392 3483 522 3506 constant.
540 3493 559 3499 —
577 3483 649 3505 stant
668 3479 715 3505 Pa.

1462 3481 1486 3514 β)
1506 3489 1543 3506 ex
1562 3484 1669 3506 natura.
1688 3495 1705 3500 —
1724 3481 1796 3514 quod
1814 3484 1913 3505 natura
1932 3480 2036 3513 ADIpB.
2057 3479 2127 3512 quod
2145 3486 2182 3504 ex
2195 3481 2295 3503 natura
2307 3479 2396 3504 FKsB.

2499 2789 2506 2797 ·
2525 2786 2572 2814 Qu.
2586 2792 2651 2814 ινιη,
2666 2790 2710 2809 ert.

2497 2819 2520 2862 ἐς
2529 2819 2568 2842 qu.
2578 2819 2656 2841 unx,
2666 2817 2710 2836 art.

2498 2867 2519 2878 ··
2533 2866 2563 2888 D.
2577 2872 2623 2893 ¹42-

2497 3107 2506 3118 ·
2515 3105 2550 3128 Cf.
2559 3111 2598 3134 qu.
2606 3111 2657 3131 vin.
2666 3109 2708 3128 m.

2494 3138 2573 3186 ,ἑθὲἲ
2585 3139 2615 3180 ξε
2627 3135 2706 3188 3322?

2495 3190 2565 3212 mn,
2581 3189 2622 3207 nrt.
2638 3191 2658 3213 5.
