2840 4010
934 206 1198 252 QUAESTIO
1228 207 1433 253 LXXXIV,
1463 207 1756 244 ARTICULUS
1786 207 1836 243 IV

300 294 419 320 unum
439 282 573 319 vitium
594 295 637 319 ex
662 284 733 320 alio
754 284 882 321 oritur.
904 285 1014 322 Unde
1039 286 1106 322 iste
1126 286 1264 322 modus
1284 285 1355 321 ori-

300 335 394 383 ginis
422 335 492 371 sub
521 343 598 372 arte
628 336 762 373 cadere
790 345 925 385 potest.

354 387 575 424 Secundum
595 389 669 425 hoc
685 401 786 437 ergo,
803 390 864 426 illa
878 390 968 427 vitia
985 390 1153 439 capitalia
1169 389 1354 436 dicuntur,

301 452 463 488 quorum
491 441 587 477 fines
606 442 748 479 habent
766 443 953 490 quasdam
971 441 1170 491 primarias
1191 442 1355 477 rationes

301 493 485 529 movendi
519 494 749 543 appetitum:
780 503 816 531 et
843 495 1053 531 secundum
1081 494 1217 530 harum
1246 494 1355 529 ratio-

299 556 393 582 num
423 545 715 594 distinctionem,
746 547 1022 594 distinguuntur
1050 545 1219 593 capitalia
1252 545 1353 581 vitia.

300 598 436 635 Movet
463 606 588 635 autem
626 599 766 647 aliquid
794 599 1001 647 appetitum
1031 598 1238 646 dupliciter.
1268 598 1354 635 Uno

300 651 440 697 modo,
471 651 610 688 directe
639 659 676 688 et
700 663 769 700 per
795 663 854 687 se:
884 658 920 687 et
946 651 1019 686 hoc
1057 650 1176 687 modo
1209 651 1354 687 bonum

300 711 432 740 movet
454 704 662 754 appetitum
690 704 739 740 ad
765 703 1094 752 prosequendum,
1125 704 1268 740 malurn
1290 716 1355 740 au-

299 763 389 803 tem,
410 757 621 794 secundum
642 755 805 792 eandem.
826 755 1022 803 rationem,
1044 755 1093 792 ad
1121 756 1353 803 fugiendum.

299 809 384 845 Alio
419 809 558 855 modo,
588 808 767 845 indirecte
803 815 838 844 et
871 808 978 857 quasi
1014 821 1083 857 per
1110 809 1232 846 aliud:
1262 809 1356 845 sieut

300 861 432 910 aliquis
469 861 622 909 aliquod
660 861 803 897 malum
837 861 1077 910 prosequitur
1110 869 1264 910 propter
1292 861 1354 897 ali-

300 914 403 962 quod
424 913 569 950 bonum
590 913 822 961 adiunctum,
842 915 905 951 vel
925 914 1079 963 aliquod
1099 915 1245 951 bonum
1265 914 1355 961 fugit

298 973 452 1016 propter
479 965 634 1014 aliquod
661 966 805 1002 malum
835 967 1065 1004 adiunctum.

351 1019 503 1055 Bonum
532 1026 660 1055 autem
699 1019 863 1056 hominis
898 1027 952 1056 est
984 1019 1126 1069 triplex.
1157 1020 1224 1056 Est
1253 1019 1353 1056 enirn

298 1070 422 1120 primo
452 1071 648 1120 quoddam
677 1072 823 1108 bonum
848 1074 1007 1120 animae,
1028 1071 1134 1121 quod
1153 1071 1292 1109 scilicet
1311 1084 1355 1108 ex

298 1124 379 1161 sola
407 1123 708 1172 apprehensione
737 1125 922 1162 rationem
951 1124 1224 1174 appetibilitatis
1248 1123 1262 1154 β
1289 1125 1355 1161 ha-

297 1178 372 1224 bet,
401 1176 540 1213 scilicet
568 1177 784 1214 excellentia
802 1178 922 1215 laudis
941 1179 1002 1215 vel
1021 1177 1197 1214 honoris:
1228 1185 1263 1214 et
1280 1178 1356 1214 hoc

297 1230 446 1273 bonurn
463 1229 675 1266 inordinate
689 1231 928 1279 prosequitur
947 1231 1068 1267 inanis
1085 1230 1221 1280 gloria.
1242 1230 1354 1268 Aliud

246 1287 275 1294 ⁶·
299 1278 354 1319 est
378 1283 525 1318 bonum
555 1283 744 1331 corporis:
775 1291 810 1319 et
838 1284 912 1320 hoc
938 1285 1000 1328 vel
1018 1283 1179 1332 pertinet
1194 1283 1245 1320 -ad
1266 1295 1355 1320 con-

298 1334 554 1372 servationem
591 1335 796 1383 individui,
826 1336 920 1372 sicut
957 1335 1061 1372 cibus
1094 1343 1130 1372 et
1155 1343 1288 1384 potus,
1319 1344 1354 1372 et

297 1388 372 1424 hoc
399 1388 545 1424 bonum
571 1388 782 1425 inordinate
809 1389 1047 1438 prosequitur
1072 1388 1188 1438 gula‚·
1215 1396 1279 1425 aut
1306 1389 1354 1426 ad

299 1440 630 1477 conservationem
659 1441 815 1489 speciei,
845 1441 940 1478 sicut
968 1441 1104 1488 coitus,
1134 1449 1171 1478 et
1204 1441 1252 1478 ad
1280 1442 1354 1478 hoc

299 1493 492 1535 ordinatur
520 1493 684 1530 luxuria.
715 1494 888 1530 Tertium
917 1495 1062 1531 bonum
1090 1502 1144 1531 est
1172 1494 1353 1542 exterius,

298 1545 438 1583 scilicet
465 1544 633 1582 divitiae:
663 1553 700 1582 et
727 1547 775 1584 ad
798 1547 873 1583 hoc
893 1547 1086 1584 ordinatur
1103 1547 1276 1584 avaritia.
1306 1548 1355 1584 Et

299 1597 434 1636 eadem
471 1605 635 1645 quatuor
668 1599 757 1636 vitia
793 1599 1004 1637 inordinate
1041 1599 1184 1647 fugiunt
1209 1605 1224 1627 Υ
1253 1601 1353 1637 mala

299 1649 495 1697 contraria.

350 1703 420 1740 Vel
449 1703 565 1750 aliter,
595 1704 741 1741 bonurn
769 1705 971 1754 praecipue
991 1712 1124 1742 movet
1142 1705 1351 1754 appetitum

299 1767 345 1793 ex
363 1756 438 1792 hoc
457 1756 563 1805 quod
580 1757 778 1806 participat
801 1758 942 1806 aliquid
971 1759 1018 1796 de
1045 1758 1274 1807 proprietate
1301 1759 1353 1795 fe-

297 1807 461 1856 licitatiS,
495 1821 612 1858 quam
645 1810 861 1847 naturaliter
897 1823 1032 1848 omnes
1069 1818 1259 1860 appetunt.
1294 1812 1353 1848 De

261 1906 265 1911 .
299 1861 403 1901 cuius
430 1861 576 1900 ratione
605 1871 661 1899 est
683 1862 839 1911 quidem
867 1863 992 1912 primo
1022 1863 1211 1912 quaedam
1230 1864 1352 1913 perfe-

299 1913 392 1961 ctio,
422 1926 512 1951 nam
548 1915 700 1952 felicitas
738 1923 793 1952 est
829 1917 1036 1964 perfectum
1061 1915 1074 1938 ὃ
1102 1917 1270 1963 bonum:
1304 1917 1353 1955 ad

297 1967 402 2016 quod
429 1967 590 2016 pertinet
619 1968 834 2005 excellentia
861 1970 923 2007 vel
952 1969 1113 2016 claritas,
1144 1982 1260 2019 quam
1289 1983 1353 2019 ap-

295 2020 588 2069 petitsuperbia
616 2022 678 2058 vel
705 2021 828 2058 inanis
853 2022 990 2071 gloria.
1022 2023 1198 2060 Secundo
1226 2023 1273 2060 de
1297 2036 1353 2060 ra-

296 2071 399 2110 tione
428 2073 508 2110 eius
537 2081 592 2110 est
619 2074 863 2111 sufficientia:
892 2087 1008 2124 quam
1033 2075 1174 2124 appetit
1191 2076 1353 2113 avaritia

296 2124 334 2162 in
355 2125 492 2163 divitiis
513 2139 598 2164 earn
625 2127 942 2176 promittentibus.
973 2127 1103 2165 Tertio
1125 2135 1179 2165 est
1198 2128 1243 2166 de
1265 2142 1353 2166 con-

298 2177 439 2215 ditione
468 2179 548 2216 eius
577 2179 788 2226 delectatio,
808 2180 888 2217 sine
908 2193 984 2229 qua
1002 2180 1154 2218 felicitas
1175 2193 1255 2218 esse
1275 2194 1353 2219 non

295 2238 431 2281 potest,
460 2240 502 2269 ut
530 2231 665 2269 dicitur
692 2232 730 2270 in
760 2232 813 2268 Ι*
842 2240 878 2270 et
904 2234 939 2270 X
966 2234 1086 2271 Ethic.
1109 2233 1165 2271 *ἢῆ
1196 2241 1231 2271 et
1255 2235 1354 2272 hanc

297 2291 479 2333 appetunt
505 2284 598 2335 gula
628 2293 663 2322 et
690 2285 856 2322 luxuria.

350 2337 466 2385 Quod
494 2345 620 2375 autem
649 2337 782 2386 aliquis
811 2339 957 2376 bonum
977 2339 1090 2387 fugiat
1107 2347 1262 2389 propter
1290 2341 1353 2377 ali-

296 2388 402 2438 quod
417 2391 560 2427 malurn
581 2390 838 2439 coniunctum,
855 2392 930 2428 hoc
945 2392 1124 2440 contingit
1143 2393 1352 2442 dupliciter.

296 2442 396 2490 Quia
414 2451 479 2480 aut
496 2444 572 2480 hoc
592 2451 646 2480 est
665 2452 838 2492 respectu
862 2444 953 2482 boni
970 2444 1133 2494 proprii:
1163 2453 1198 2482 et
1227 2446 1279 2483 sic
1300 2454 1355 2483 est

294 2495 437 2542 acedia,
465 2509 563 2546 quae
593 2496 757 2533 tristatur
777 2496 824 2533 de
844 2498 947 2534 bono
977 2497 1171 2546 spirituali,
1200 2506 1354 2552 propter

294 2548 467 2586 laborem
487 2550 726 2598 corporalem
746 2549 979 2587 adiunctum.
1005 2552 1082 2588 Aut
1102 2559 1157 2597 est
1182 2551 1228 2589 de
1249 2552 1352 2589 bono

295 2600 437 2638 alieno:
469 2609 504 2638 et
531 2603 617 2650 hoc,
647 2602 676 2638 si
705 2602 750 2639 sit
770 2602 849 2639 sine
878 2603 1166 2651 insurrectione,
1194 2604 1355 2654 pertinet

295 2653 343 2691 ad
373 2654 569 2700 invidiam,
601 2667 698 2704 quae
727 2656 890 2692 tristatur
918 2656 964 2693 de
994 2657 1097 2693 bono
1126 2657 1269 2705 alieno,
1299 2658 1353 2694 in-

347 2803 372 2836 β)
392 2804 601 2836 appetibilitatis.
619 2817 638 2823 —
655 2804 804 2836 appetibilis
822 2805 874 2830 EF.
892 2819 911 2824 -
929 2806 980 2830 Pro
998 2807 1103 2836 scilicet,
1123 2807 1191 2832 sicut
1208 2808 1255 2833 Pa.

346 2839 373 2872 γ)
388 2839 540 2864 inordinate
548 2839 669 2872 fugiunt.
680 2853 699 2858 -
712 2840 867 2866 inordinata
880 2841 1050 2871 (inordinate
1062 2843 1103 2867 ed.
1115 2844 1150 2874 a)
1161 2843 1275 2876 fugiunt
1288 2851 1352 2876 qua-

294 2874 546 2943 tuog)pssersectum.
563 2923 582 2928 -
595 2913 753 2941 perpetuum
775 2911 884 2936 codices.

346 2943 369 2978 ε)
389 2944 477 2969 etiam.
496 2958 514 2964 —-
532 2944 594 2970 Orn.
613 2945 641 2969 P.

2400 219 2469 255 109

1409 293 1594 332 quantum
1624 293 1678 322 est
1706 285 1970 333 impeditivum
2003 285 2176 334 propriae
2208 286 2465 331 excellentiae;

1410 345 1473 373 aut
1493 345 1548 374 est
1576 350 1664 374 cum
1685 338 1850 386 quadam
1879 337 2149 374 insurrectione
2170 338 2218 374 ad
2246 338 2467 386 vindictam,

1411 397 1446 425 et
1466 390 1518 426 sic
1538 398 1591 426 est
1610 391 1679 428 ira.
1710 391 1759 427 Et
1785 390 1836 428 ad
1863 390 1999 427 eadem
2028 390 2141 427 etiam
2157 396 2168 411 Ε
2197 390 2287 427 vitia
2305 391 2466 439 pertinet

1410 442 1624 489 prosecutio
1654 443 1742 479 mali
1771 443 1946 491 oppositi.

1463 496 1522 530 AD
1543 506 1678 531 PR1MUM
1698 507 1795 532 ERGO
1815 507 1998 532 DICENDUM
2031 495 2133 544 quod
2153 508 2231 532 non
2255 503 2311 532 est
2331 495 2465 532 eadem

1410 545 1503 581 ratio
1533 546 1685 593 originis
1711 547 1749 583 in
1776 547 1974 584 virtutibus
1995 556 2030 584 et
2048 548 2167 585 vitiis:
2196 560 2286 584 nam
2309 548 2466 585 virtutes

1411 606 1612 634 causantur
1630 611 1698 646 per
1717 599 1887 636 ordinem
1914 601 2100 649 appetitus
2121 601 2168 638 ad
2189 601 2384 648 rationem,
2404 602 2467 638 vel

1411 649 1523 686 etiam
1543 651 1591 687 ad
1611 651 1758 687 bonum
1786 652 2108 699 incommutabile,
2130 654 2235 701 quod
2256 661 2310 690 est
2337 655 2464 700 Deus;

1409 702 1499 738 vitia
1523 711 1649 739 autem
1670 703 1842 739 oriuntur
1870 717 1914 740 ex
1943 706 2108 753 appetitu
2137 706 2228 743 boni
2257 714 2467 743 commuta-

1410 755 1506 792 bilis.
1535 755 1646 792 Unde
1667 768 1744 792 non
1765 764 1912 804 oportet
1932 759 2034 805 quod
2054 758 2273 807 principalia
2291 759 2381 796 vitia
2400 772 2467 808 op-

1410 815 1599 856 ponantur
1626 808 1894 856 principalibus
1922 809 2119 846 virtutibus
2138 811 2168 847 ²⁸.

1463 863 1520 897 AD
1541 873 1728 898 SECUNDUM
1749 873 1931 898 DICENDUM
1951 862 2056 909 quod
2075 863 2189 899 timor
2209 871 2244 900 et
2263 876 2349 912 spes
2380 872 2466 902 sunt

1409 913 1605 961 passiones
1629 913 1832 950 irascibilis.
1864 914 2012 950 Omnes
2032 922 2159 951 autem
2182 916 2377 963 passiones
2396 917 2466 954 ira—

1410 966 1547 1002 scibilis
1585 966 1755 1003 oriuntur
1793 979 1837 1002 ex
1874 967 2111 1015 passionibus
2146 969 2464 1016 concupiscibilis:

1410 1031 1509 1067 quae
1538 1018 1651 1055 etiam
1681 1031 1815 1055 omnes
1845 1019 2065 1056 ordinantur
2098 1020 2387 1067 quodammodo
2417 1023 2465 1059 ad

1411 1071 1697 1108 delectationem
1728 1079 1764 1108 et
1790 1072 1987 1109 tristitiam.
2018 1073 2067 1109 Et
2093 1073 2180 1109 ideo
2211 1073 2407 1110 delectatio
2429 1083 2465 1111 et

1409 1124 1551 1160 tristitia
1587 1124 1838 1173 principaliter
1875 1133 2197 1162 connumerantur
2228 1126 2266 1162 in
2303 1128 2466 1175 peccatis

1410 1177 1639 1225 capitalibus,
1669 1185 1850 1225 tanquam
1869 1178 2204 1227 principalissimae
2224 1179 2419 1227 passiones
2440 1179 2464 1228 ζ,

1409 1237 1450 1266 ut
1478 1242 1591 1278 supra
1609 1230 1628 1251 ²¹⁶
1655 1230 1825 1267 habitum
1855 1238 1918 1267 est.

1462 1284 1520 1319 AD
1535 1295 1693 1320 TERTIUM
1712 1295 1894 1320 DiCENDUM
1914 1284 2019 1332 quod
2034 1284 2098 1331 ira,
2115 1284 2199 1320 licet
2213 1296 2291 1321 non
2307 1285 2351 1321 sit
2365 1284 2466 1333 prin-

1410 1334 1536 1383 cipalis
1550 1336 1689 1384 passio,
1701 1336 1789 1384 quia
1803 1344 1930 1372 tamen
1941 1337 2054 1373 habet
2068 1336 2270 1385 specialem
2282 1338 2465 1374 rationem

1409 1388 1602 1436 appetitivi
1630 1396 1768 1436 motus,
1797 1397 1911 1437 prout
1936 1389 2068 1437 aliquis
2096 1389 2291 1438 impugnat
2319 1391 2465 1428 bonurn

1409 1441 1559 1478 alterius
1579 1442 1648 1478 sub
1669 1441 1813 1478 ratione
1832 1442 1991 1488 honesti,
2009 1442 2104 1479 idest
2123 1442 2207 1479 iusti
2227 1443 2463 1489 vindicativi;

1409 1493 1495 1531 ideo
1525 1494 1760 1541 distinguitur
1787 1495 1834 1531 ab
1863 1494 1942 1531 aliis
1971 1495 2189 1543 capitalibus
2217 1496 2325 1533 vitiis.

1460 1549 1519 1583 An
1558 1559 1729 1589 QUARTUM
1766 1559 1949 1584 DICENDUM
1987 1548 2090 1596 quod
2119 1548 2296 1597 superbia
2332 1549 2466 1586 dicitur

1409 1611 1491 1636 esse
1518 1599 1666 1637 initium
1703 1600 1828 1637 omnis
1855 1600 2000 1648 peccati
2033 1601 2244 1638 secundum
2280 1601 2464 1639 rationem

1408 1652 1505 1700 finis,
1530 1660 1572 1689 ut
1599 1653 1740 1690 dictum
1770 1661 1825 1689 est
1842 1652 1873 1690 ²³⁶.
1904 1654 1953 1690 Et
1980 1654 2190 1691 secundum
2220 1655 2381 1692 eandem
2408 1667 2465 1692 ra-

1407 1705 1549 1742 tionem
1572 1705 1751 1754 accipitur
1769 1705 2021 1755 principalitas
2040 1706 2219 1744 vitiorum
2237 1708 2463 1756 capitalium.

1408 1759 1456 1794 Et
1484 1758 1571 1795 ideo
1600 1758 1794 1807 superbia,
1825 1759 1931 1807 quasi
1960 1759 2171 1796 universale
2199 1760 2357 1809 vitium,
2387 1774 2465 1798 non

1409 1820 1705 1848 connumeratur
1723 1817 1754 1859 ⁷²,
1784 1812 1851 1849 sed
1879 1811 1998 1860 magis
2026 1812 2178 1861 ponitur
2204 1814 2308 1850 velut
2340 1813 2466 1862 regina

1408 1864 1596 1911 quaedam
1625 1863 1798 1901 omnium
1825 1864 2027 1913 vitiorum,
2057 1865 2152 1902 sicut
2180 1867 2383 1915 Gregorius
2413 1867 2465 1904 di-

1409 1916 1456 1953 cit
1479 1915 1491 1937 ⁰
1515 1917 1545 1953 ³¹³.
1561 1917 1729 1954 Avaritia
1747 1925 1875 1955 autem
1904 1918 2037 1955 dicitur
2064 1919 2168 1956 radix
2194 1919 2235 1941 ²¹²*
2253 1920 2465 1958 secundum

1407 1969 1518 2006 aliam
1547 1969 1744 2017 rationem,
1774 1970 1870 2007 sicut
1897 1983 2011 2020 supra
2029 1970 2048 1992 ²¹⁸
2077 1971 2219 2009 dictum
2249 1981 2314 2010 est.

1460 2024 1518 2059 AD
1548 2035 1709 2065 QU1NTUM
1737 2035 1919 2061 mcaNDuM
1948 2024 2054 2073 quod
2081 2024 2150 2061 ista
2172 2025 2263 2062 vitia
2293 2025 2466 2063 dicuntur

1409 2075 1591 2124 capitalia,
1613 2075 1701 2124 quia
1721 2088 1766 2113 ex
1786 2076 1838 2114 eis
1865 2084 1906 2114 ut
1924 2077 2156 2126 frequentius
2184 2078 2254 2115 alia
2283 2079 2464 2116 oriuntur.

1408 2128 1519 2166 Unde
1547 2128 1637 2165 nihil
1665 2129 1840 2177 prohibet
1867 2129 1992 2178 aliqua
2018 2138 2174 2179 peccata
2201 2131 2391 2169 interdum
2421 2145 2466 2169 ex

1409 2181 1488 2218 aliis
1509 2181 1630 2218 causis
1655 2181 1754 2218 oriri.
1775 2203 1799 2209 -
1821 2183 1949 2220 Potest
1971 2190 2099 2220 tamen
2121 2183 2192 2221 dici
2212 2185 2317 2233 quod
2337 2184 2467 2222 omnia

1407 2242 1563 2282 peccata
1596 2247 1693 2282 quae
1723 2247 1768 2271 ex
1795 2235 2004 2283 ignorantia
2031 2237 2279 2285 proveniunt,
2308 2245 2468 2287 possunt

1409 2287 1537 2324 reduci
1557 2287 1605 2324 ad
1632 2287 1815 2336 acediam,
1837 2289 1885 2326 ad
1912 2301 2028 2338 quam
2055 2290 2216 2338 pertinet
2243 2291 2466 2339 negligentia

1407 2352 1483 2390 qua
1503 2339 1634 2388 aliquis
1655 2348 1802 2378 recusat
1821 2341 1923 2378 bona
1943 2342 2147 2396 spiritualia
2166 2343 2359 2392 acquirere
2378 2357 2467 2393 pro-

1407 2400 1489 2441 pter
1516 2393 1703 2430 laborem:
1733 2393 1943 2441 ignorantia
1972 2395 2080 2433 enim'
2101 2408 2198 2445 quae
2226 2404 2351 2445 potest
2385 2409 2465 2434 esse

1409 2458 1522 2482 causa
1548 2446 1706 2494 peccati,
1737 2458 1781 2483 ex
1798 2447 2022 2495 negIIgentia
2049 2449 2236 2498 provenit,
2255 2458 2297 2487 ut
2316 2462 2429 2498 supra
2448 2450 2468 2471 '³‘
2494 2452 2704 2499 '2-Q11·²¹¹‘'¹2³“·

1409 2498 1550 2535 dictum
1566 2506 1632 2535 est.
1654 2499 1771 2545 Quod
1791 2508 1916 2537 autem
1939 2500 2072 2550 aliquis
2089 2502 2297 2539 committat
2312 2503 2465 2552 aliquod

1407 2559 1606 2600 peccatum
1627 2564 1671 2588 ex
1692 2553 1794 2589 bona
1817 2553 2036 2602 intentione,
2057 2554 2208 2592 videtur
2227 2556 2274 2593 ad
2294 2556 2467 2603 ignoran-

1407 2605 1497 2641 tiam
1524 2604 1732 2653 pertinere:
1761 2605 1986 2654 inquantum
2020 2607 2158 2644 scilicet
2188 2608 2333 2656 ignorat
2362 2610 2466 2658 quod

1408 2670 1486 2694 non
1514 2665 1600 2694 sunt
1627 2657 1798 2695 facienda
1826 2659 1926 2696 mala
1953 2668 1994 2697 ut
2022 2661 2178 2698 veniant
2205 2662 2318 2698 bona.

1458 2808 1483 2841 ζ)
1499 2809 1647 2840 passiones.
1666 2823 1684 2827 -
1697 2810 1855 2841 passionum
1874 2810 1925 2834 EF.

1459 2843 1486 2877 η)
1505 2844 1628 2903 ᾳὲιαςίΡ...
1648 2848 1863 2870 connumeratur.
1877 2859 1895 2865 -
1908 2853 1959 2871 non
1978 2847 2054 2878 quasi
2067 2846 2214 2872 universale
2227 2854 2311 2879 genus
2324 2854 2463 2872 connume-

1406 2882 1484 2903 ratur
1502 2879 1563 2903 aiis
1603 2886 1628 2904 a.

1458 2912 1483 2947 0)
1506 2914 1653 2947 Gregorius
1672 2914 1745 2939 dicit.
1762 2929 1781 2933 -
1798 2922 1884 2948 genus
1902 2916 2170 2948 ABCDEFGIKLpH.

967 3015 1297 3061 Commenta—ia
1319 3027 1570 3060 Cardinalis
1592 3028 1792 3061 Caietam

297 3121 343 3182 IN
367 3110 503 3141 articulis
532 3111 623 3142 tertio
654 3118 684 3142 et
707 3118 819 3152 quarto
848 3113 989 3143 eiusdem
1012 3114 1352 3156 octogaeimaequartae

324 3155 527 3195 quaestionis,
546 3155 624 3185 nihil
647 3155 732 3186 aliud
756 3157 891 3187 occurrit
914 3157 1124 3194 scribendum,
1147 3159 1207 3189 nisi
1223 3159 1351 3190 reddere

293 3205 323 3228 te
347 3205 503 3229 attentum
526 3199 614 3239 quod
638 3199 723 3229 aliud
746 3206 792 3230 est
815 3200 904 3240 loqui
928 3201 966 3231 de
989 3200 1174 3233 sufficientia
1200 3202 1350 3233 vitiorum

294 3242 447 3279 absolute,
473 3249 502 3273 et
525 3243 611 3273 aliud
635 3243 672 3273 de
697 3242 881 3274 sufficientia
897 3243 1048 3275 vitiorum
1066 3245 1263 3286 capitalium:
1288 3246 1351 3277 hoc

1407 3116 1491 3146 enim
1506 3113 1556 3146 hic
1573 3116 1741 3156 quaeritur,
1756 3126 1821 3146 non
1836 3116 1923 3147 illud.
1938 3117 1987 3152 Et,
2005 3124 2040 3148 ut
2051 3117 2083 3146 in
2099 3117 2304 3158 responsione
2317 3119 2355 3148 ad
2372 3119 2463 3159 quin-

1406 3167 1475 3190 tum
1484 3159 1544 3190 *in
1556 3160 1657 3190 littera
1669 3160 1790 3195 dicitur,
1804 3170 1869 3190 non
1884 3166 2009 3200 oportet
2022 3161 2103 3191 hanc
2116 3161 2296 3201 capitalium
2309 3162 2464 3194 sufficien-
2491 3165 2501 3174 ⁸

1405 3203 1482 3234 tiam
1505 3204 1548 3234 sic
1571 3204 1752 3243 intelligere,
1778 3204 1855 3243 quin
1879 3204 2008 3244 aliquod
2031 3212 2197 3244 peccatum
2215 3206 2315 3246 possit
2331 3217 2349 3237 a
2372 3208 2462 3238 nullo

1404 3247 1520 3278 horum
1537 3248 1626 3278 oriri:
1652 3248 1707 3277 sed
1721 3247 1795 3287 quia
1811 3247 2005 3288 frequentius
2022 3258 2058 3278 ex
2072 3248 2179 3290 aliquo
2195 3249 2312 3290 horum
2329 3251 2438 3282 oritur.

903 3407 1482 3449 ————————‹»·÷²*>.:*⁶-÷‡›

2495 820 2502 827 '
2518 818 2546 840 D.
2562 823 2626 846 1003,
2642 819 2703 843 1028,

2495 850 2550 872 ¹¹79·

2494 1235 2502 1244 ·
2513 1234 2559 1261 Qu.
2567 1241 2619 1259 xxv,
2630 1239 2671 1257 art.
2680 1243 2703 1262 4.

2492 1662 2501 1672 ¹
2518 1663 2569 1683 Art.
2584 1668 2603 1683 2.

2493 1948 2501 1956 ·
2511 1947 2566 1967 Loe.
2578 1947 2616 1967 cit.
2624 1947 2646 1968 in
2655 1953 2702 1974 arg.

2492 1973 2541 1994 Sed
2554 1975 2644 1994 contra.

2493 2001 2512 2009 '⁸
2527 1999 2555 2021 D.
2570 2005 2618 2027 254.

2493 2027 2501 2034 ·
2516 2026 2567 2047 Art.
2582 2032 2597 2052 ι,
2613 2032 2633 2047 2.
