2840 4010
79 322 89 332 ·
103 320 170 343 Vers.
186 321 208 342 6.

116 2921 152 2954 Cf.
205 2925 301 2944 mment.

100 2991 107 3004 ‚
117 2981 140 2998 n.
149 2952 158 2970 t

136 2955 149 2970 e
159 2964 166 2970 .
187 2928 240 2976 gost

150 2981 175 3003 u,
190 2975 216 2997 In
226 2981 252 2997 se

7 3361 8 3364 „
0 3151 14 3345 γ-ηγ-ν-ᾒ-σ-ῑ-ιω
0 3082 8 3144 xtva—
0 2775 11 3074 ffss--va-va—-r--a—-R
0 2760 2 2767 ν
0 2723 2 2741 n
0 2675 9 2685 ,ς
1 2661 5 2666 .
0 2645 2 2650 -
0 2580 2 2582 <
0 2530 3 2533 ν

970 183 1234 229 QUAESTIO
1264 183 1402 230 XCIV,
1432 183 1725 220 ARTICULUS
1753 182 1804 219 VI

315 264 498 308 potestate
536 257 722 296 inducitur
757 267 912 309 propter
946 269 1144 309 peecatum
1174 260 1372 308 originale;

317 311 530 348 secundum
562 311 654 348 illud
683 313 695 348 1
724 314 822 362 Reg.
844 325 866 350 11
892 313 932 350 *τ
961 314 1148 350 Dominus
1175 313 1376 360 mortificat

285 393 287 395 .
316 369 352 400 et
376 363 550 411 vivificat.
580 365 629 401 Et
655 364 742 402 ideo
771 366 916 414 absque
943 367 1068 414 aliqua
1095 365 1282 411 iniustitia,
1317 377 1374 400 se-

317 415 485 453 cundum
505 417 729 454 mandatum
758 418 842 465 Dei,
870 426 996 466 potest
1022 417 1140 464 infligi
1169 429 1273 453 mors
1298 417 1374 453 cui-

317 481 482 518 cumque
510 469 668 517 homini,
688 471 749 507 vel
770 470 921 507 nocenti
939 471 1000 507 vel
1020 469 1211 506 innocenti
1221 469 1252 505 ³¹⁶.
1273 489 1296 496 -
1319 469 1373 505 Si-

317 522 454 559 militer
469 522 581 558 etiam
597 523 821 560 adulterium
842 530 898 559 est
917 521 1138 558 concubitus
1153 534 1240 558 cum
1257 533 1375 557 uxore

318 575 459 613 aliena:
490 587 587 624 quae
624 576 778 624 quidem
808 582 862 611 est
891 574 923 610 ei
953 574 1132 623 deputata
1163 574 1375 610 secundum

317 629 441 676 legem
468 633 484 656 Υ
513 628 690 665 divinitus
718 627 905 664 traditam.
936 627 1047 664 Unde
1077 627 1124 663 ad
1153 639 1375 675 quamcum-

319 693 393 730 que
413 681 611 718 mulierem
631 680 765 727 aliquis
789 679 944 716 accedat
964 692 1007 716 ex
1028 679 1207 716 mandato
1233 679 1374 725 divino,

318 745 397 770 non
426 741 480 770 est
508 733 733 770 adulterium
756 744 827 768 nec
855 732 1051 769 fornicatio
1070 732 1101 768 ²⁸.
1122 753 1146 759 -
1167 733 1215 768 Et
1239 732 1373 768 eadem

317 786 412 824 ratio
442 793 497 823 est
524 787 570 823 de
599 786 707 831 furto,
729 786 832 833 quod
862 792 917 821 est
939 785 1108 833 acceptio
1138 784 1190 821 rei
1219 784 1374 821 alienae.

320 838 515 886 Quidquid
544 838 644 874 enim
669 837 803 886 accipit
829 837 962 886 aliquis
981 836 994 860 δ
1015 850 1059 874 ex
1088 837 1268 874 mandato
1290 836 1374 883 Dei,

319 891 383 939 qui
404 899 458 928 est
472 890 662 927 Dominus
681 890 960 938 universorum,
982 903 1060 927 non
1080 890 1214 938 accipit
1232 890 1375 938 absque

317 944 512 981 voluntate
533 943 688 989 domini,
711 945 814 991 quod
836 951 890 980 est
911 943 1035 980 furari.
1051 964 1075 971 -
1091 943 1175 980 Nec
1194 943 1318 978 solum
1337 942 1375 978 in

318 997 431 1032 rebus
459 996 636 1032 humanis
674 996 858 1045 quidquid
887 1008 909 1032 a
938 998 1021 1033 Deo
1051 995 1272 1042 mandatur,
1301 995 1376 1031 hoc

317 1048 401 1097 ipso
431 1056 486 1085 est
506 1048 696 1085 debitum:
718 1050 784 1086 sed
815 1049 927 1086 etiam
955 1049 993 1085 in
1014 1049 1126 1085 rebus
1146 1047 1375 1084 naturalibus

370 1185 398 1221 γ)
417 1187 510 1220 Iegem.
528 1201 547 1206 -
566 1188 618 1212 Dei
635 1188 704 1212 addit
723 1188 750 1213 P.

371 1221 396 1255 ὃ)
415 1223 520 1255 aliquis.
537 1236 556 1241 —
574 1223 635 1248 Om.
654 1223 764 1248 codices.

2412 182 2482 229 ¹73

1427 261 1612 309 quidquid
1641 273 1663 297 a
1690 262 1775 298 Deo
1803 261 1857 307 fit,
1888 267 1943 296 est
1972 259 2262 308 quodammodo
2293 260 2481 307 naturale,

1427 321 1468 349 ut
1495 314 1532 350 in
1561 314 1688 350 Primo
1719 315 1738 333 ¹*
1767 313 1909 350 dictum
1938 321 2004 350 est.

1479 368 1537 402 An
1565 378 1724 403 TERTIUM
1753 378 1935 403 DICENDUM
1963 365 2067 415 quod
2086 365 2228 414 aliquid
2249 364 2381 402 dicitur
2401 377 2482 400 esse

1428 417 1475 453 de
1504 418 1581 454 iure
1610 419 1776 455 naturali·
1798 418 2003 467 dupliciter.
2033 418 2119 455 Uno
2149 418 2287 464 modo,
2319 417 2407 466 quia
2434 417 2482 454 ad

1428 470 1501 506 hoc
1529 478 1660 507 natura
1689 471 1860 507 inclinat:
1891 471 1984 508 sicut
2012 483 2090 508 non
2119 483 2201 507 esse
2229 470 2404 507 iniuriam
2433 470 2484 506 al-

1427 522 1495 558 teri
1523 523 1746 559 faciendam.
1767 523 1852 560 Alio
1881 524 2017 570 modo,
2047 523 2136 572 quia
2163 531 2295 560 natura
2323 535 2400 559 non
2428 522 2482 558 in-

1430 574 1532 610 duxit
1559 580 1571 595 2
1601 575 1846 612 contrarium:
1877 577 1971 613 sicut
1998 589 2198 625 possemus
2228 576 2351 613 dicere
2379 575 2483 624 quod

1428 626 1626 663 hominem
1652 640 1732 664 esse
1763 628 1909 665 nudum
1939 637 1992 665 est
2012 630 2059 666 de
2087 629 2166 666 iure
2195 628 2364 675 naturali,
2395 627 2483 675 quia

1430 687 1561 715 natura
1590 692 1667 716 non
1696 680 1798 717 dedit
1826 681 1859 717 ei
1886 682 2076 729 vestitum,
2106 682 2174 719 sed
2198 694 2258 718 ars
2277 680 2481 718 adinvenit.

1430 732 1478 767 Et
1515 732 1589 768 hoc
1625 732 1743 769 modo
1781 734 1988 770 communis
2021 735 2188 771 omnium
2218 733 2422 783 possessio,
2450 738 2487 769 et

1430 785 1597 821 omnium
1627 797 1701 821 una
1730 785 1895 831 libertas,
1926 786 2056 822 dicitur
2085 799 2165 823 esse
2195 787 2242 823 de
2269 786 2350 823 iure
2378 793 2484 823 natu-

1430 837 1512 873 rali:
1535 837 1623 884 quia
1652 837 1789 873 scilicet
1817 838 2002 875 distinctio
2031 839 2316 887 possessionum
2346 847 2381 875 et
2408 850 2484 875 ser-

1428 890 1526 926 vitus
1555 902 1634 926 non
1653 898 1738 926 sunt
1765 890 1940 927 inductae
1969 904 1990 927 a
2010 899 2152 938 natura,
2173 891 2240 928 sed
2267 904 2335 940 per
2362 890 2483 927 homi-

1429 955 1522 978 num
1552 942 1748 988 rationem,
1778 943 1826 979 ad
1854 943 2048 980 utilitatem
2077 945 2265 981 humanae
2292 943 2403 980 vitae.
2434 944 2485 979 Et

1429 995 1481 1031 sic
1506 994 1518 1020 ζ
1546 995 1583 1031 in
1610 996 1685 1031 hoc
1713 996 1771 1031 lex
1791 1003 1946 1032 naturae
1974 1009 2051 1033 non
2072 1004 2127 1033 est
2155 1004 2297 1033 mutata
2326 996 2394 1032 nisi
2418 1008 2486 1044 per

1429 1047 1675 1084 additionem.

1483 1187 1505 1221 ε)
1526 1188 1644 1213 induxit.
1662 1202 1681 1207 —
1700 1188 1801 1213 inducit
1819 1189 1866 1213 Pa.

1482 1223 1507 1257 ζ)
1526 1223 1572 1248 sic.
1590 1237 1609 1242 -
1625 1223 1664 1248 sic
1682 1223 1762 1248 etiam
1781 1224 1828 1248 Pa.

1128 1375 1445 1419 ARTICULUS
1475 1376 1681 1418 SEXTUS

758 1470 912 1501 UTRUM
935 1470 1020 1501 LEX
1042 1469 1249 1500 NATURAE
1272 1468 1419 1499 Possm*
1443 1471 1472 1499 A
1496 1468 1641 1499 CORDE
1665 1468 1844 1499 HOM1N1s
1868 1468 2052 1500 ABOLERI

1078 1549 1168 1582 Supra.
1188 1553 1234 1573 art.
1251 1554 1284 1579 43
1302 1547 1374 1576 infra,
1393 1555 1437 1580 qu.
1456 1554 1526 1579 xcxx,
1546 1552 1594 1572 art.
1614 1555 1641 1578 2,
1661 1548 1693 1572 ad
1712 1554 1736 1572 2.

452 1679 512 1749 ἶέῥ
535 1691 593 1726 lex
613 1697 768 1727 naturae
787 1690 906 1739 possit
928 1702 950 1726 a
969 1689 1084 1726 corde
1106 1688 1270 1727 hominis
1291 1689 1381 1725 abo-

342 1747 378 1787 ,5
400 1757 460 1787 «ῃ
475 1747 502 1783 ἢ
519 1740 601 1780 leri
621 1748 649 1779 α.
671 1742 772 1790 Quia
790 1744 902 1780 Rom.
919 1755 958 1789 11,
981 1754 1094 1791 super
1113 1742 1202 1779 illud
1221 1741 1260 1789 ³¹⁸,
1286 1742 1380 1778 Cum

333 1787 362 1826 '1''
380 1770 476 1827 ζἷὲϊῖ)
493 1788 523 1829 k
534 1801 674 1845 gentes,
695 1808 791 1844 quae
809 1796 930 1845 legem
955 1807 1028 1832 non
1055 1796 1202 1841 habent,
1224 1802 1306 1841 etc„
1328 1794 1381 1831 di-

325 1847 374 1884 cit
402 1848 538 1885 Glossa
564 1848 584 1870 *
612 1849 717 1897 quod
745 1849 782 1885 in
821 1849 986 1885 interiori
1014 1849 1163 1885 homine
1190 1860 1262 1896 per
1291 1859 1382 1896 gra-

324 1901 414 1954 tiam
443 1900 632 1948 innovato,
653 1901 716 1938 lex
733 1902 891 1944 iustitiae
911 1901 1134 1947 inscribitur,
1155 1912 1268 1950 quam
1287 1899 1382 1937 dele-

323 1959 432 1991 verat
448 1954 570 2001 culpa.
588 1954 664 1991 Sed
683 1955 742 1991 lex
761 1954 921 1991 iustitiae
942 1961 997 2006 est
1019 1955 1076 1990 lex
1097 1962 1263 1991 naturae.
1280 1954 1381 2001 Ergo

324 2005 384 2043 lex
412 2014 568 2044 naturae
595 2014 721 2057 potest
748 2007 874 2044 deleri.

379 2071 414 2096 2.
433 2060 678 2108 PRAETEREA,
707 2061 765 2097 lex
793 2060 931 2108 gratiae
962 2067 1017 2096 est
1044 2059 1235 2096 efficacior
1267 2071 1382 2108 quam

325 2111 385 2148 lex
413 2119 581 2150 naturae.
603 2114 680 2150 Sed
705 2114 764 2150 lex
792 2113 930 2161 gratiae
950 2113 1095 2150 deletur
1122 2125 1191 2161 per
1218 2113 1381 2161 culpam.

327 2165 428 2216 Ergo
458 2166 577 2202 multo
606 2166 727 2214 magis
755 2167 814 2203 lex
843 2173 998 2202 naturae
1025 2173 1149 2214 potest
1176 2165 1303 2203 deleri.

382 2219 416 2255 3.
433 2218 664 2266 PRAETEREA,
682 2219 771 2256 illud
801 2219 903 2268 quod
933 2219 1013 2266 lege
1042 2218 1222 2265 statuitur,
1244 2218 1386 2256 induci-

325 2277 386 2307 tur
414 2271 522 2319 quasi
549 2271 699 2309 iustum.
726 2272 802 2309 Sed
831 2273 949 2308 multa
977 2278 1063 2308 sunt
1090 2272 1138 2308 ab
1167 2271 1386 2308 horninibus

327 2330 463 2361 statuta
492 2332 622 2362 contra
658 2326 780 2373 legem
809 2333 976 2362 naturae.
1007 2325 1107 2373 Ergo
1136 2325 1195 2362 lex
1231 2332 1385 2362 naturae

326 2385 451 2426 potest
478 2390 501 2414 a
529 2378 706 2415 cordibus
734 2378 936 2415 hominum
966 2378 1119 2414 aboleri.

381 2430 455 2467 SED
484 2442 630 2467 CONTRA
663 2443 729 2467 EST
756 2432 862 2480 quod
890 2431 1123 2478 Augustinus
1152 2430 1256 2476 dicit,
1286 2430 1324 2467 in
1353 2432 1385 2467 II

331 2483 497 2531 Confess.
517 2483 553 2520 *ε
581 2485 666 2521 Lex
693 2489 756 2521 tua
776 2482 791 2513 β
818 2484 955 2531 scripta
979 2489 1032 2520 est
1058 2484 1094 2520 in
1123 2483 1295 2520 cordibus
1322 2485 1386 2521 ho-

326 2536 483 2582 minum,
504 2548 618 2584 quam
638 2549 706 2573 nec
725 2537 801 2574 ulla
825 2538 972 2585 quidem
992 2536 1087 2573 delet
1103 2537 1288 2585 iniquitas.
1310 2537 1387 2574 Sed

326 2588 386 2625 lex
415 2589 552 2638 scripta
570 2589 610 2626 in
638 2590 816 2627 cordibus
840 2590 1041 2627 hominum
1071 2597 1126 2626 est
1152 2590 1210 2627 lex
1239 2597 1388 2627 natura-

326 2641 381 2678 lis.
403 2642 505 2688 Ergo
534 2643 593 2679 lex
621 2643 800 2680 naturalis
830 2643 945 2680 deleri
973 2655 1051 2680 non
1079 2650 1214 2691 potest.

382 2695 607 2732 REsponmzo
628 2708 811 2733 mCENDUM
831 2696 947 2744 quod,
969 2696 1063 2732 sicut
1081 2707 1194 2744 supra
1209 2695 1229 2717 ³³
1244 2695 1385 2733 dictum

330 2754 395 2793 est,
416 2747 464 2784 ad
492 2748 616 2795 legem
636 2749 845 2786 naturalem
873 2749 1060 2797 pertinent
1078 2748 1203 2797 primo
1233 2749 1388 2797 quidem

329 2799 526 2851 quaedam
555 2809 759 2850 praecepta
796 2801 1133 2848 communissima,
1165 2814 1262 2850 quae
1303 2810 1390 2839 sunt

331 2853 510 2890 omnibus
538 2861 648 2890 nota:
678 2855 868 2904 quaedam
888 2862 1016 2891 autem
1036 2854 1261 2892 secundaria
1283 2867 1390 2903 prae-

331 2913 440 2954 cepta
467 2907 589 2954 magis
617 2907 782 2956 propria,
803 2920 900 2956 quae
929 2915 1016 2945 sunt
1043 2908 1151 2956 quasi
1181 2908 1391 2945 conclusio-

251 2952 303 2997 512⁸:
331 2970 398 2995 nes
415 2959 654 3009 propinquae
672 2960 864 3010 principiis
877 2960 909 2998 ³¹⁸.
936 2961 1130 3008 Quantum
1153 2973 1242 3008 ergo
1262 2961 1311 2998 ad
1330 2961 1391 2998 illa

355 1650 447 1686 {xil

340 1696 351 1749 .'
372 1682 450 1748 &A
485 1732 493 1747 2

385 3102 412 3136 α)
431 3103 542 3128 aboleri.
559 3116 579 3122 -
597 3103 680 3128 deleri
698 3104 772 3129 EFK.

472 1658 510 1699 k<
535 1649 557 1674 D
585 1649 726 1675 SEXTUM
752 1649 805 1674 sle
833 1648 1071 1674 PROCEmTUR.
1091 1635 1251 1673 Videtur
1276 1636 1379 1683 quod
1405 1633 1409 1686 Ι
1434 1635 1618 1683 principia
1638 1635 1870 1681 communia,
1887 1635 1944 1671 lex
1964 1635 2141 1672 naturalis
2161 1636 2263 1672 nullo
2284 1635 2402 1671 modo
2422 1647 2490 1684 po-

1434 1696 1505 1725 test
1540 1701 1561 1724 a
1599 1688 1777 1724 cordibus
1814 1688 2013 1724 hominum
2051 1688 2166 1724 deleri
2202 1688 2241 1724 in
2276 1688 2490 1726 universali.

1435 1742 1591 1778 Deletur
1617 1748 1746 1777 tamen
1766 1741 1805 1777 in
1827 1740 2039 1789 particulari
2066 1741 2258 1789 operabili,
2280 1741 2490 1778 secundum

1436 1794 1542 1842 quod
1569 1793 1662 1830 ratio
1682 1793 1886 1842 impeditur
1913 1793 2101 1842 applicare
2123 1806 2327 1830 commune
2356 1793 2491 1842 princi-

1435 1848 1541 1896 pium
1571 1846 1619 1883 ad
1646 1846 1869 1895 particulare
1898 1846 2103 1895 operabile,
2133 1854 2286 1895 propter
2315 1847 2492 1896 concupi-

1436 1900 1618 1936 scentiam
1639 1900 1700 1936 vel
1721 1899 1886 1948 aliquam
1905 1899 2018 1936 aliam
2038 1899 2265 1948 passionem,
2286 1907 2329 1936 ut
2347 1912 2460 1947 supra
2473 1900 2494 1921 '¹‘

1437 1954 1578 1990 dictum
1600 1959 1665 1989 est.
1686 1973 1710 1980 -
1731 1953 1928 1999 Quantum
1947 1965 2040 1989 vero
2062 1952 2110 1989 ad
2129 1952 2198 1988 alia
2216 1959 2418 2000 praecepta
2437 1965 2493 1989 se-

1437 2006 1628 2051 cundaria,
1648 2013 1772 2053 potest
1799 2006 1857 2042 lex
1886 2006 2063 2042 naturalis
2098 2005 2213 2042 deleri
2242 2005 2287 2041 de
2317 2004 2494 2042 cordibus

1437 2059 1649 2105 hominum,
1660 2059 1723 2095 vel
1733 2066 1888 2107 propter
1898 2059 2017 2094 malas
2027 2057 2304 2106 persuasiones,
2318 2070 2363 2094 eo
2376 2059 2494 2095 modo

1438 2125 1515 2160 quo
1537 2111 1649 2148 etiam
1669 2111 1707 2148 in
1736 2111 1974 2160 speculativis
1994 2123 2140 2147 errores
2161 2111 2380 2158 contingunt
2400 2111 2496 2148 circa

1439 2164 1700 2202 conclusiones
1729 2163 1979 2209 necessarias;
2007 2165 2070 2201 vel
2090 2163 2202 2200 etiam
2229 2170 2383 2212 propter
2410 2176 2496 2212 pra-

1438 2231 1507 2255 vas
1523 2217 1814 2254 consuetudines
1831 2224 1867 2253 et
1884 2217 2034 2253 habitus
2050 2223 2264 2265 corruptos;
2286 2217 2381 2253 sicut
2395 2216 2497 2266 apud

1439 2271 1627 2320 quosdam
1656 2282 1734 2306 non
1759 2270 2030 2318 reputabantur
2052 2269 2245 2306 latrocinia
2277 2277 2433 2317 peccata
2459 2269 2494 2316 *,

1438 2325 1500 2362 vel
1520 2323 1633 2360 etiam
1661 2323 1752 2360 vitia
1772 2330 1902 2359 contra
1921 2330 2107 2370 naturam,
2130 2329 2169 2359 ut
2198 2322 2310 2359 etiam
2334 2324 2498 2371 Aposto-

1440 2379 1496 2414 lus
1526 2377 1630 2422 dicit,
1659 2376 1710 2412 ad
1735 2377 1846 2413 Rom.
1869 2375 1928 2412 1²¹⁸.
2081 2385 2094 2396 ⁴

1492 2432 1551 2467 AD
1580 2441 1716 2466 PRlMUM
1735 2441 1833 2466 ERGO
1862 2441 2045 2466 DICENDUM
2065 2428 2170 2476 quod
2199 2428 2307 2476 culpa
2332 2427 2429 2464 delet
2447 2428 2498 2464 le-

1440 2496 1526 2531 gem
1547 2490 1702 2519 naturae
1731 2482 1769 2518 in
1788 2481 2011 2530 particulari,
2033 2494 2111 2518 non
2135 2488 2262 2518 autem
2282 2481 2320 2517 in
2347 2481 2497 2518 univer-

1441 2536 1528 2583 sali,
1559 2535 1629 2572 nisi
1663 2535 1756 2571 forte
1795 2542 1978 2583 quantum
2013 2535 2061 2571 ad
2096 2534 2262 2571 secunda
2298 2541 2499 2583 praecepta

1441 2590 1532 2637 legis
1560 2595 1729 2635 naturae,
1751 2600 1797 2624 eo
1826 2587 1943 2624 modo
1974 2600 2049 2636 quo
2080 2587 2220 2624 dictum
2249 2594 2304 2623 est
2330 2586 2361 2623 ²¹⁶.

1494 2645 1552 2678 AD
1581 2653 1770 2678 SECUNDUM
1789 2653 1972 2677 DICENDUM
1992 2640 2096 2689 quod
2115 2639 2231 2687 gratia
2250 2639 2318 2675 etsi
2345 2639 2391 2675 sit
2419 2638 2498 2674 effi-

1444 2695 1567 2732 cacior
1586 2706 1701 2742 quam
1720 2701 1864 2740 natura,
1885 2701 2014 2730 tamen
2033 2700 2166 2729 natura
2195 2691 2426 2728 essentialior
2446 2697 2500 2727 est

1442 2747 1600 2794 homini,
1623 2754 1659 2783 et
1686 2747 1772 2783 ideo
1802 2747 1921 2794 magis
1950 2757 2189 2795 permanens

1496 2803 1554 2837 Ab
1581 2811 1741 2836 TERTiuM
1775 2811 1957 2836 DICENDUM
1986 2799 2089 2848 quod
2118 2798 2208 2834 ratio
2238 2797 2298 2833 illa
2330 2795 2501 2844 procedit

1444 2854 1491 2891 de
1511 2853 1685 2890 secundis
1704 2852 1914 2901 praeceptis
1942 2852 2031 2900 legis
2058 2858 2224 2897 naturae,
2246 2856 2375 2886 contra
2403 2860 2500 2897 quae

1445 2907 1558 2955 aliqui
1594 2906 1823 2954 legislatores
1861 2912 1996 2942 statuta
2028 2905 2152 2952 aliqua
2184 2903 2372 2948 fecerunt,
2403 2913 2502 2950 quae

1446 2967 1532 2996 sunt
1561 2959 1699 3007 iniqua.

1501 3103 1525 3137 β)
1546 3107 1601 3129 tua.
1620 3118 1638 3122 —
1656 3103 1716 3127 Om.
1736 3102 1845 3127 codices.

2511 314 2583 362 'thm
2593 320 2628 342 cv,
2644 318 2685 337 art.
2697 315 2721 343 6,

2521 1907 2529 1914 ·
2540 1905 2586 1932 Qu.
2594 1909 2678 1932 Lxxvu,
2687 1908 2728 1926 art.

2519 1939 2540 1954 2.

2524 2276 2532 2285 ·
2550 2274 2585 2296 cf.
2600 2277 2642 2295 art.
2656 2280 2680 2300 4.

2524 2377 2535 2387 ⁸
2548 2375 2614 2397 Vers.
2629 2381 2660 2402 24
2674 2380 2726 2402 sqq.

2525 2593 2534 2601 ³
2549 2591 2575 2612 In
2590 2595 2696 2618 corpore.
