2840 4010
111 2692 122 2703 ⁴
136 2692 187 2714 Lib.
199 2692 259 2718 XIX,
271 2699 320 2720 cap.

111 2725 157 2740 xvi.

115 3112 122 3120 ¹
138 3111 268 3132 Comment.
284 3118 323 3132 su-

115 3143 156 3164 per
170 3137 258 3164 Galat„
273 3143 323 3165 cap.

113 3169 130 3184 ιι
319 3171 323 3176 -

171 3169 193 3211 «Γ
194 3169 270 3211 ⁵c1¹1¹11⁸

157 3196 240 3238 itxix.
275 3206 280 3216 ⁷
296 3191 324 3211 '³¹'

345 178 419 214 256

399 269 434 294 2.
451 258 683 303 PRAETEREA,
695 256 813 292 vitare
835 253 1023 290 consortia
1042 251 1235 299 gentilium
1255 250 1304 286 ad
1320 261 1402 286 cae-

346 310 534 347 remonias
553 310 643 357 legis
662 308 883 357 pertinebat.
902 305 978 342 Sed
998 306 1071 340 hoc
1091 302 1310 340 observavit
1329 301 1403 350 pri-

345 375 432 400 mus
459 370 589 411 pastor
606 360 817 398 Ecclesiae:
846 358 979 394 dicitur
1006 357 1107 393 enim
1135 356 1187 392 ad
1216 355 1300 392 Gal.
1322 367 1344 392 11
1363 354 1402 402 ³⁸,

347 415 464 464 quod,
485 427 569 451 cum
597 414 779 450 venissent
805 411 956 458 quidam
985 409 1236 453 Antiochiam,
1257 409 1402 445 subtra-

345 469 455 504 hebat
481 473 517 503 et
540 466 768 515 segregabat
792 475 831 499 se
850 464 981 499 Petrus
1009 473 1032 498 a
1060 461 1269 510 gentilibus.
1301 461 1402 508 Ergo

347 521 488 567 absque
508 525 664 567 peccato
684 524 771 565 post
797 515 1014 563 passionem
1041 513 1179 550 Christi
1207 513 1296 561 legis
1321 526 1404 550 cae-

351 571 543 608 remoniae
573 569 766 606 observari
795 574 963 616 possunt.

401 625 434 660 3.
456 624 686 667 PRAETEREA,
712 628 913 668 praecepta
941 619 1213 666 Apostolorum
1243 631 1322 656 non
1349 619 1404 656 in-

347 676 531 712 duxerunt
559 674 735 711 homines
764 673 812 709 ad
838 679 1050 720 peccatum.
1073 671 1148 708 Sed
1178 683 1222 707 ex
1251 672 1402 709 decreto

344 728 617 776 Apostolorum
655 733 835 762 statutum
863 724 930 761 fuit
963 724 1069 772 quod
1106 725 1261 772 gentiles
1288 736 1404 773 quae—

346 780 434 817 dam
472 781 519 816 de
558 778 806 816 caeremoniis
844 777 934 824 legis
970 777 1236 814 observarent:
1272 777 1405 814 dicitur

216 843 226 858 2
257 843 266 857 ⁵
287 852 291 856 ·
345 833 445 869 enim
474 833 555 868 Act.
577 844 624 868 xv
642 831 681 867 ²⁸:
714 831 840 868 Visum
868 836 923 866 est
939 830 1094 878 Spiritui
1120 831 1256 866 Sancto
1277 836 1313 866 et
1338 842 1403 867 no-

345 886 399 922 bis
427 885 517 921 nihil
546 885 642 921 ultra
672 884 863 932 imponere
891 883 1014 919 oneris
1041 883 1146 919 vobis
1170 894 1283 930 quam
1312 883 1405 920 haec

345 937 565 983 necessaria,
592 942 631 973 ut
657 936 868 973 abstineatis
895 947 962 972 vos
989 936 1037 971 ab
1065 935 1265 972 immolatis
1291 936 1404 973 simu-

346 991 548 1036 lacrorum,
565 995 600 1026 et
616 990 813 1039 sanguine,
829 995 863 1025 et
876 988 1071 1038 suffocato,
1093 993 1128 1024 et
1132 988 1403 1036 fornicatione.

345 1045 446 1091 Ergo
477 1044 618 1091 absque
656 1050 813 1091 peccato
852 1041 1116 1078 caeremoniae
1143 1041 1281 1088 legales
1317 1054 1405 1090 pos-

346 1104 432 1133 sunt
459 1103 545 1144 post
573 1095 710 1132 Christi
737 1094 954 1143 passionem
985 1093 1191 1130 observari.

400 1150 472 1185 SED
489 1160 633 1185 CONTRA
648 1159 713 1184 EST
728 1148 832 1196 quod
843 1147 1050 1195 Apostolus
1068 1146 1166 1192 dicit,
1182 1147 1233 1183 ad
1249 1146 1404 1187 Gal.v*:

345 1202 387 1238 Si
418 1200 746 1245 circumcidimini,
781 1200 946 1236 Christus
979 1199 1071 1235 nihil
1095 1199 1200 1236 vobis
1222 1199 1403 1247 proderit.

346 1255 422 1291 Sed
450 1253 540 1290 nihil
569 1253 730 1290 excludit
757 1253 919 1289 fructum
945 1252 1082 1288 Christi
1110 1251 1180 1288 nisi
1204 1259 1404 1300 peccatum

346 1307 516 1343 mortale.
552 1307 653 1353 Ergo
688 1305 924 1352 circumcidi,
956 1312 991 1341 et
1022 1304 1112 1341 alias
1145 1305 1406 1342 caeremonias

346 1360 562 1406 observare,
591 1366 678 1407 post
705 1358 924 1407 passionem
955 1357 1092 1394 Christi
1123 1365 1177 1394 est
1204 1365 1406 1406 peccatum

346 1413 517 1449 mortale.
1026 1430 1029 1433 ⁴

399 1467 624 1502 RESPONDEO
643 1475 825 1501 D1CENDUM
846 1463 951 1511 quod
978 1476 1113 1501 omnes
1142 1463 1405 1501 caeremoniae

347 1526 432 1555 sunt
460 1518 650 1566 quaedam
679 1517 967 1565 protestationes
991 1517 1094 1564 fidei,
1123 1516 1161 1553 in
1191 1528 1266 1564 qua
1285 1517 1406 1554 consi-

347 1572 406 1608 stit
434 1571 588 1608 interior
616 1570 687 1607 Dei
717 1571 847 1606 cultus.
875 1569 935 1606 Sic
963 1577 1091 1606 autem
1112 1569 1230 1606 fidem
1255 1569 1406 1607 interio-

347 1636 428 1661 rem
447 1631 572 1672 potest
591 1624 709 1659 homo
729 1622 928 1671 protestari
952 1622 1069 1668 factis,
1090 1623 1185 1659 sicut
1205 1630 1241 1659 et
1258 1622 1403 1660 verbis:

348 1685 382 1713 et
409 1677 447 1713 in
476 1684 635 1724 utraque
660 1675 943 1724 protestatione,
965 1675 995 1711 si
1024 1675 1164 1723 aliquid
1192 1675 1311 1713 homo
1341 1676 1405 1712 fal-

347 1742 431 1766 sum
462 1737 698 1777 protestatur,
727 1735 859 1777 peccat
883 1728 1098 1765 mortaliter.
1130 1728 1319 1775 Quamvis
1339 1741 1405 1766 au-

345 1790 422 1819 tern
452 1782 497 1819 sit
526 1782 660 1819 eadem
689 1782 785 1818 fides
809 1793 926 1830 quarn
946 1781 1133 1818 habemus
1164 1781 1211 1818 de
1241 1781 1403 1829 Christ0‚

348 1844 383 1872 et
410 1847 526 1884 quam
565 1835 707 1882 antiqui
736 1835 866 1871 Patres
898 1835 1130 1879 habuerunt3
1160 1842 1289 1871 tamen
1317 1834 1406 1882 quia

346 1889 416 1937 ipsi
432 1895 718 1937 praecesserunt
734 1888 939 1933 Christum,
961 1899 1030 1923 nos
1050 1895 1177 1924 autem
1198 1887 1404 1935 sequimur,

347 1942 482 1979 eadem
511 1941 606 1978 fides
642 1940 799 1977 diversis
827 1940 955 1977 verbis
988 1940 1218 1987 significatur
1246 1952 1268 1976 a
1296 1940 1406 1977 nobis

348 2002 384 2031 et
403 1995 450 2031 ab
473 1994 535 2031 eis.
562 1995 665 2030 Nam
686 1994 733 2030 ab
754 1993 807 2030 eis
828 1993 1042 2030 dicebatur:
1071 1994 1171 2029 Ecce
1189 1993 1300 2042 virgo
1319 2005 1407 2030 con-

219 2061 245 2076 cn
279 2062 319 2082 vu,
347 2048 455 2095 cipiet
480 2053 515 2083 et
535 2047 662 2094 pariet
680 2047 809 2094 filium
829 2046 863 2092 ²⁵²,
895 2058 992 2094 quae
1028 2054 1114 2088 sunt
1140 2046 1260 2083 verba
1294 2046 1406 2083 futuri

346 2100 548 2148 temporis:
579 2107 650 2136 nos
683 2106 810 2136 autem
845 2099 947 2135 idem
983 2106 1311 2147 repraesentamus
1338 2111 1406 2148 per

347 2154 466 2190 verba
493 2152 680 2201 praeteriti
709 2152 902 2201 temporis,
924 2151 1090 2188 dicentes
1119 2153 1223 2200 quod
1243 2152 1409 2201 concepit

347 2212 383 2242 et
402 2206 557 2254 peperit.
588 2206 636 2242 Et
664 2205 830 2241 similiter
858 2205 1121 2241 caeremoniae
1150 2205 1288 2241 veteris
1315 2204 1406 2253 legis

347 2259 607 2306 significabant
645 2258 836 2294 Christum
870 2265 911 2294 ut
946 2257 1176 2294 nasciturum
1211 2265 1247 2294 et
1274 2269 1405 2306 passu-

348 2323 453 2348 rum:
483 2319 610 2348 nostra
639 2318 765 2347 autem
787 2318 1021 2348 sacramenta
1041 2310 1252 2358 significant
1279 2311 1405 2359 ipsum

346 2371 387 2400 ut
415 2372 546 2401 natum
575 2371 612 2400 et
638 2376 805 2411 passum.
838 2363 941 2400 Sicut
968 2363 1078 2411 igitur
1105 2371 1280 2412 peccaret
1305 2376 1406 2401 mor-

347 2417 467 2454 taliter
494 2417 558 2464 qui
587 2428 699 2464 nune,
721 2429 828 2453 suam
850 2417 966 2454 fidem
987 2418 1245 2464 protestando,
1268 2416 1407 2454 diceret

349 2470 541 2506 Christum
570 2469 814 2516 nasciturum,
841 2470 946 2517 quod
975 2469 1117 2517 antiqui
1144 2469 1206 2518 pie
1235 2477 1272 2506 et
1297 2481 1406 2507 vera-

349 2523 438 2559 citer
467 2522 660 2567 dicebant;
691 2522 741 2559 ita
769 2523 881 2559 etiam
919 2530 1092 2571 peccaret
1120 2522 1346 2569 mortaliter,
1375 2522 1406 2559 si

348 2575 431 2624 quis
460 2588 560 2612 nunc
589 2575 845 2611 caeremonias
879 2577 1108 2622 observaret,
1139 2588 1234 2625 quas
1263 2575 1406 2623 antiqui

347 2628 409 2676 pie
439 2636 474 2664 et
497 2628 655 2665 fideliter
675 2629 939 2665 observabant.
970 2630 1017 2664 Et
1036 2629 1110 2665 hoc
1131 2636 1185 2665 est
1204 2628 1310 2677 quod
1328 2631 1405 2665 Au-

349 2681 516 2728 gustinus
546 2681 644 2727 dicit,
666 2682 805 2717 Contra
834 2683 1014 2718 Faustum
1034 2680 1070 2717 ²¹⁶.-
1098 2683 1183 2718 Iam
1213 2693 1287 2718 non
1314 2693 1405 2730 pro-

349 2734 503 2770 mittitur
531 2734 754 2780 nasciturus,
773 2746 970 2782 passurus,
998 2740 1286 2781 resurrecturus,
1308 2734 1408 2783 quod

349 2787 412 2823 illa
429 2792 665 2823 sacramenta
684 2787 959 2835 quodammodo
968 2788 1239 2835 personabant:
1257 2788 1323 2824 sed
1340 2799 1405 2824 an-

349 2840 540 2876 nuntiatur
558 2840 658 2887 quod
684 2845 791 2876 natus
819 2841 875 2886 sit,
890 2852 1025 2888 passus
1053 2841 1112 2886 sit,
1134 2840 1406 2884 resurrexerit,·

349 2893 448 2940 quod
465 2893 556 2928 haec
574 2898 809 2929 sacramenta
830 2905 925 2940 quae
943 2905 966 2929 a
991 2893 1208 2930 Christianis
1227 2898 1405 2942 aguntur,

350 2945 424 2980 iam
447 2950 662 2992 personant.

402 2999 460 3034 An
480 3009 615 3035 PRIMUM
635 3009 732 3034 ERGO
752 3010 935 3035 mcaNDuM
951 2999 1054 3046 quod
1076 2999 1173 3035 circa
1191 2999 1266 3035 hoc
1286 2998 1407 3036 diver-

350 3049 495 3087 simode
529 3050 689 3087 sensisse
718 3050 894 3087 videntur
930 3051 1188 3100 Hieronymus
1218 3059 1253 3088 et
1279 3053 1407 3099 Augu-

351 3102 477 3139 stinus.
496 3103 753 3151 Hieronymus
773 3103 875 3140 enim
894 3103 914 3125 '¹‘
934 3104 1097 3142 distinxit
1122 3104 1198 3141 duo
1219 3112 1405 3153 tempora.

350 3154 477 3191 Unum
501 3162 650 3204 tempus
670 3164 755 3193 ante
774 3156 991 3204 passionem
1018 3157 1166 3204 Christi,
1195 3157 1233 3194 in
1257 3169 1333 3206 quo
1358 3157 1408 3194 le-

351 3206 446 3254 galia
473 3220 542 3244 nec
571 3216 676 3245 erant
703 3214 863 3255 mortua,
894 3210 1001 3259 quasi
1029 3223 1107 3248 non
1130 3209 1307 3247 habentia
1325 3209 1406 3247 vim

353 3258 625 3307 obligatoriam,
647 3269 709 3298 aut
739 3262 966 3310 expiativam
989 3275 1059 3311 pro
1086 3276 1155 3300 suo
1174 3263 1306 3308 modo;
1335 3275 1408 3300 nec

354 3310 466 3348 etiam
494 3314 707 3360 mortifera,
736 3314 825 3362 quia
857 3327 936 3351 non
969 3316 1178 3364 peccabant
1207 3328 1252 3352 ea
1279 3316 1408 3353 obser-

350 3371 494 3400 vantes.
508 3365 639 3401 Statim
656 3374 782 3403 autem
802 3374 888 3415 post
901 3368 1118 3416 passionem
1134 3368 1270 3406 Christi
1284 3367 1409 3406 incoe-

405 3499 432 3532 α.)
452 3499 499 3524 ita.
518 3513 534 3517 —
553 3500 614 3524 Om.
633 3500 683 3524 EF.

1028 172 1293 219 QUAESTlo
1323 171 1424 217 C111,

1454 170 1749 207 ARTICULUS
1781 172 1830 207 lV

1457 257 1594 298 perunt
1623 262 1704 287 esse
1733 262 1812 287 non
1841 250 1966 287 solum
1985 259 2148 298 mortua,
2165 252 2264 290 idest
2282 265 2361 290 non
2379 253 2520 290 haben-

1457 303 1507 339 tia
1525 303 1703 340 virtutem
1724 310 1759 339 et
1779 302 2064 350 obligationem;
2092 304 2160 341 sed
2179 305 2294 343 etiam
2313 306 2519 352 mortifera,

1458 355 1507 392 ita
1535 355 1675 392 scilicet
1702 356 1806 404 quod
1831 356 2042 404 peccabant
2060 357 2268 394 mortaliter
2285 358 2519 407 quicumque

1459 420 1503 445 ea
1523 409 1790 445 observabant.
1812 408 1923 446 Unde
1940 408 2089 445 dicebat
2108 409 2213 456 quod
2232 411 2406 458 Apostoli
2425 423 2520 448 nun-

1459 474 1575 510 quam
1604 461 1735 509 legalia
1770 462 2072 498 observaverunt
2103 468 2190 510 post
2216 462 2436 510 passionem
2463 476 2520 500 se-

1459 514 1628 551 cundum
1643 514 1859 560 veritatem;
1875 514 1943 551 sed
1958 515 2083 550 solum
2103 513 2271 562 quadam
2286 514 2350 563 pia
2369 515 2520 552 simula-

1457 567 1572 614 tione,
1593 579 1641 603 ne
1661 567 1800 604 scilicet
1827 567 2125 604 scandalizarent
2149 566 2311 604 Iudaeos
2330 575 2368 603 et
2386 579 2519 605 eorum

1459 619 1751 657 conversionem
1770 620 2008 669 impedirent.
2026 620 2137 666 Quae
2157 619 2315 667 quidem
2330 619 2521 656 simulatio

1459 673 1511 709 sic
1539 672 1777 719 intelligenda
1806 680 1871 720 est,
1901 685 1980 710 non
2008 673 2164 721 quidem
2193 673 2243 709 ita
2263 677 2280 694 ‘²
2308 673 2415 720 quod
2437 672 2521 710 illos

1459 733 1564 762 actus
1592 725 1804 762 secundum
1833 726 1886 762 rei
1909 726 2108 763 veritatem
2137 738 2216 762 non
2244 725 2428 762 facerent:
2453 726 2522 763 sed

1459 778 1547 827 quia
1566 790 1644 815 non
1663 778 1850 814 faciebant
1868 785 2049 826 tanquam
2064 778 2154 826 legis
2175 778 2435 814 caeremonias
2454 779 2522 815 ob-

1459 839 1674 875 servantes;
1704 831 1799 866 sicut
1826 831 1858 867 si
1886 831 1970 879 quis
1989 831 2203 880 pelliculam
2223 831 2337 867 virilis
2357 831 2522 868 membri

1459 883 1878 931 abscinderetpropter
1906 884 2117 931 sanitatem,
2147 897 2226 921 non
2253 896 2366 920 causa
2394 883 2522 931 legalis

1460 936 1755 973 circumcisionis
1784 936 2061 973 observandae.

1513 990 1590 1027 Sed
1619 990 1706 1037 quia
1739 988 1918 1025 indecens
1944 989 2094 1026 videtur
2125 989 2232 1038 quod
2260 989 2435 1038 Apostoli
2474 1001 2521 1025 ea

1459 1043 1690 1079 occultarent
1717 1049 1871 1090 propter
1894 1042 2116 1079 scandalum
2145 1054 2242 1091 quae
2261 1042 2448 1091 pertinent
2473 1042 2523 1079 ad

1458 1096 1657 1132 veritatem
1682 1095 1781 1131 vitae
1811 1102 1846 1130 et
1874 1094 2080 1141 doctrinae,
2102 1102 2137 1131 et
2155 1095 2263 1144 quod
2282 1094 2520 1132 simulatione

1459 1156 1652 1185 uterentur
1679 1148 1717 1184 in
1747 1147 1803 1183 his
1832 1159 1930 1195 quae
1958 1147 2146 1195 pertinent
2171 1148 2220 1185 ad
2239 1149 2400 1184 salutem
2427 1148 2522 1185 fide-

1460 1201 1572 1246 lium;
1608 1200 1694 1237 ideo
1731 1200 2019 1236 convenientius
2055 1200 2288 1247 Augustinus
2311 1200 2331 1222 ’⁸‘
2359 1199 2523 1237 distinxit

1459 1254 1528 1291 tria
1556 1261 1741 1301 tempora.
1772 1253 1901 1290 Unum
1929 1252 2085 1301 quidem
2106 1260 2192 1289 ante
2212 1252 2351 1290 Christi
2378 1253 2521 1302 passio-

1460 1319 1571 1353 nem,
1600 1307 1638 1343 in
1667 1318 1743 1353 quo
1772 1305 1904 1353 legalia
1933 1317 2011 1342 non
2040 1313 2147 1345 erant
2174 1317 2299 1354 neque
2329 1305 2522 1343 mortifera

1460 1372 1585 1408 neque
1614 1366 1774 1395 mortua.
1803 1358 1918 1395 Aliud
1947 1365 2074 1395 autem
2103 1366 2191 1407 post
2217 1365 2369 1407 tempus
2395 1358 2523 1396 Evan-

1459 1412 1544 1460 gelii
1572 1411 1771 1459 divulgati,
1801 1411 1839 1448 in
1867 1423 1944 1460 quo
1974 1411 2108 1459 legalia
2126 1418 2215 1448 sunt
2244 1419 2280 1448 et
2308 1418 2460 1448 mortua
2487 1418 2524 1448 et

1461 1465 1664 1502 mortifera.
1694 1464 1867 1500 Tertium
1902 1471 2031 1501 autem
2067 1471 2122 1501 est
2153 1471 2304 1512 tempus
2333 1463 2522 1511 medium,

1460 1518 1598 1555 scilicet
1619 1530 1640 1554 a
1659 1517 1835 1565 passione
1852 1517 1990 1554 Christi
2009 1529 2131 1564 usque
2152 1517 2201 1554 ad
2221 1516 2522 1564 divulgationem
2549 1543 2553 1547 -

1461 1570 1669 1618 Evangelii,
1690 1570 1727 1606 in
1748 1582 1824 1618 quo
1853 1570 1986 1618 legalia
2010 1570 2164 1612 fuerunt
2181 1569 2339 1618 quidem
2358 1577 2522 1616 mortua,

1460 1624 1550 1672 quia
1578 1635 1701 1671 neque
1721 1623 1800 1659 vim
1830 1623 1996 1671 aliquam
2017 1623 2221 1669 habebant,
2242 1635 2367 1671 neque
2389 1621 2523 1672 aliquis

1461 1689 1506 1713 ea
1525 1677 1729 1713 observare
1750 1676 1969 1722 tenebatur;
1999 1688 2078 1712 non
2099 1683 2229 1712 tamen
2249 1675 2400 1712 fuerunt
2421 1687 2523 1712 mot·-

1459 1729 1584 1775 tifera,
1614 1729 1703 1777 quia
1735 1729 1785 1765 illi
1814 1729 1879 1776 qui
1912 1728 2088 1765 conversi
2118 1735 2224 1765 erant
2251 1728 2300 1766 ad
2329 1728 2522 1766 Christum

1462 1795 1505 1818 ex
1536 1782 1694 1828 Iudaeis,
1724 1788 1900 1829 poterant
1928 1782 1990 1818 illa
2017 1781 2149 1829 legalia
2177 1781 2274 1818 licite
2302 1782 2522 1827 observare,

1462 1835 1675 1872 dummodo
1693 1847 1770 1871 non
1799 1834 1851 1871 sic
1870 1842 2058 1883 ponerent
2077 1846 2187 1883 spem
2206 1834 2245 1871 in
2272 1834 2325 1871 eis
2351 1834 2460 1882 quod
2476 1845 2523 1872 ea

1461 1895 1676 1937 reputarent
1705 1887 1774 1924 sibi
1803 1887 2016 1924 necessaria
2046 1887 2094 1924 ad
2123 1888 2294 1934 salutem,
2315 1886 2423 1936 quasi
2441 1885 2523 1924 siue

1460 1941 1641 1988 legalibus
1669 1941 1765 1977 fides
1794 1940 1931 1977 Christi
1960 1940 2163 1977 iustificare
2184 1952 2264 1977 non
2282 1947 2422 1988 posset.
2453 1939 2524 1976 His

1461 2002 1588 2030 autem
1618 1994 1681 2042 qui
1711 1994 2031 2040 convertebantur
2059 2005 2104 2030 ex
2124 1992 2326 2041 gentilitate
2346 1993 2397 2030 ad
2415 1991 2523 2029 Chri-

1461 2054 1577 2091 stum,
1608 2059 1684 2083 non
1714 2047 1832 2083 inerat
1867 2058 1980 2083 causa
2008 2054 2050 2082 ut
2078 2044 2157 2082 eass
2186 2046 2445 2083 observarent.
2475 2045 2524 2083 Et

1460 2100 1546 2136 ideo
1563 2101 1702 2136 Paulus
1723 2099 1957 2136 circumcidit
1971 2099 2235 2146 Timotheum,
2253 2098 2318 2146 qui
2339 2111 2384 2136 ex
2404 2105 2524 2135 matre

1462 2153 1602 2190 Iudaea
1629 2153 1774 2200 genitus
1808 2160 1906 2197 erat3
1936 2151 2068 2190 Titum
2098 2159 2244 2198 autem,
2272 2151 2336 2200 qui
2365 2163 2409 2188 ex
2436 2163 2525 2199 gen-

1460 2205 1585 2242 tilibus
1614 2213 1722 2242 natus
1752 2214 1842 2252 erat,
1873 2205 2141 2242 circumcidere
2170 2204 2303 2242 noluit.

1516 2258 1606 2295 Ideo
1635 2267 1761 2295 autem
1790 2259 1910 2296 noluit
1938 2258 2097 2307 Spiritus
2126 2258 2287 2295 Sanctus
2321 2265 2363 2294 ut
2400 2256 2524 2297 statim

1460 2311 1692 2348 inhiberetur
1711 2312 1768 2348 his
1796 2311 1862 2359 qui
1881 2323 1925 2348 ex
1946 2311 2095 2348 Iudaeis
2115 2311 2435 2349 convertebantur
2457 2310 2524 2347 ob-

1460 2365 1623 2402 servatio
1644 2365 1831 2412 legalium,
1848 2365 1942 2401 sicut
1961 2364 2201 2401 inhibebatur
2219 2364 2277 2400 his
2293 2363 2357 2412 qui
2377 2375 2422 2400 ex
2437 2375 2526 2410 gen*

1460 2417 1584 2454 tilibus
1614 2419 1933 2454 convertebantur
1960 2417 2172 2466 gentilitatis
2201 2416 2307 2463 ritus,
2337 2423 2379 2453 ut
2409 2427 2524 2463 quae-

1460 2470 1549 2508 dam
1571 2470 1779 2508 differentia
1798 2471 1894 2508 inter
1921 2471 1992 2507 hos
2017 2470 2107 2507 ritus
2126 2468 2399 2506 ostenderetur.
2420 2469 2524 2506 Nam

1460 2523 1669 2577 gentilitatis
1707 2524 1797 2560 ritus
1831 2523 2101 2572 repudiabatur
2141 2530 2325 2579 tanquam
2364 2520 2522 2558 omnino

1459 2576 1620 2622 illicitus,
1655 2584 1691 2613 et
1719 2589 1741 2613 a
1775 2578 1860 2614 Deo
1893 2588 2046 2625 semper
2077 2572 2310 2624 prohibitus:
2340 2575 2431 2611 ritus
2460 2585 2525 2611 au-

1459 2637 1536 2665 tem
1566 2629 1654 2676 legis
1684 2630 1855 2666 cessabat
1882 2638 2066 2677 tanquam
2096 2629 2273 2677 impletus
2299 2640 2368 2675 per
2388 2627 2525 2664 Christi

1459 2682 1693 2731 passionem,
1723 2690 1853 2731 utpote
1883 2695 1905 2719 a
1933 2683 2018 2719 Deo
2047 2682 2085 2718 in
2114 2682 2277 2729 figuram
2308 2680 2444 2717 Christi
2470 2679 2524 2716 in-

1461 2742 1618 2772 stltutus.

1514 2790 1572 2824 An
1601 2800 1790 2825 SECUNDUM
1811 2800 1995 2826 DlCENDUM
2016 2787 2133 2836 quod,
2155 2786 2367 2831 secundum
2388 2784 2524 2822 Hiero—

1461 2852 1622 2888 nymum
1642 2840 1672 2887 ³³,
1694 2843 1827 2878 Petrus
1847 2841 2078 2878 simulatorie
2107 2853 2148 2877 se
2169 2853 2191 2876 a
2210 2838 2411 2888 gentilibus
2435 2837 2524 2875 sub-

1461 2894 1643 2941 trahebat,
1656 2902 1696 2930 ut
1709 2893 1845 2931 vitaret
1862 2895 2092 2931 Iudaeorum
2108 2892 2344 2939 scandalum,
2357 2903 2522 2940 quorum

1463 2954 1541 2983 erat
1567 2947 1785 2995 Apostolus.
1816 2947 1928 2984 Unde
1957 2947 1995 2983 in
2023 2947 2097 2983 hoc
2126 2946 2229 2983 nullo
2250 2944 2369 2982 modo
2389 2956 2524 2994 pecca-

1460 2999 1533 3035 vit:
1565 2999 1631 3036 sed
1660 3001 1800 3036 Paulus
1820 3012 1910 3036 eum
1939 2999 2109 3036 similiter
2137 2997 2369 3036 simulatorie
2399 3009 2524 3046 repre-

1460 3051 1605 3098 hendit,
1635 3060 1676 3089 ut
1703 3053 1838 3090 vitaret
1866 3052 2087 3090 scandalum
2116 3051 2332 3100 gentilium,
2358 3061 2521 3100 quorum

1463 3113 1541 3142 erat
1560 3106 1777 3154 Apostolus.
1795 3127 1818 3133 -
1835 3106 1913 3143 Sed
1931 3105 2163 3153 Augustinus
2178 3104 2197 3126 '¹‘
2215 3105 2291 3142 hoc
2310 3102 2520 3153 improbat:

1462 3158 1550 3206 quia
1565 3159 1704 3195 Paulus
1719 3158 1757 3196 in
1775 3159 1958 3196 canonica
1974 3158 2178 3208 Scriptura,
2195 3156 2336 3194 scilicet
2354 3154 2438 3195 Gal.
2449 3154 2521 3202 11⁴⁸,

1461 3210 1499 3247 in
1524 3223 1599 3258 qua
1628 3211 1732 3248 nefas
1754 3220 1808 3249 est
1828 3212 1982 3249 credere
2002 3210 2143 3261 aliquid
2164 3223 2245 3248 esse
2266 3209 2416 3256 falsum,
2434 3205 2523 3247 dicit

1462 3264 1566 3312 quod
1608 3265 1741 3301 Petrus
1776 3264 2070 3314 reprehensibilis
2107 3269 2198 3301 erat.
2235 3261 2347 3301 Unde
2385 3269 2524 3314 verum

1463 3324 1518 3353 est
1552 3317 1657 3364 quod
1686 3318 1820 3355 Petrus
1847 3317 2038 3366 peccavit:
2069 3324 2105 3354 et
2132 3315 2274 3355 Paulus
2300 3322 2391 3355 vere
2421 3315 2522 3371 e'um,

1462 3382 1540 3406 non
1560 3370 1802 3418 simulatorie,
1823 3370 2073 3419 reprehendit.
2097 3369 2187 3407 Non
2206 3373 2333 3406 autem
2351 3372 2524 3416 peccawt

1515 3501 1540 3534 β)
1559 3509 1598 3527 ea.
1617 3517 1635 3522 -
1654 3504 1715 3528 Orn.
1735 3503 1847 3528 codices.

2549 1207 2762 1257 saw*

2549 1249 2665 1288 ciepio’t.
2698 1250 2705 1256 '
2736 1246 2762 1256 ''

2549 1286 2589 1315 tx,
2607 1293 2659 1315 cap.
2678 1293 2715 1315 ιιι,
2730 1294 2762 1310 ιν.

2553 2845 2562 2856 ⁸
2572 2845 2628 2867 Loc.
2637 2845 2674 2868 eit.
2685 2850 2763 2873 ιιιριι.

2549 3109 2622 3157 ;c1sqc.
2628 3109 2666 3130 cit.
2672 3109 2695 3130 in
2701 3115 2762 3137 resp.

2549 3167 2558 3176 ·
2574 3165 2640 3188 vers.
2656 3173 2681 3188 ιι.
