2840 4010
107 2448 117 2457 '
132 2446 198 2467 Vers.
214 2452 221 2467 1
240 2462 245 2466 .

335 138 410 175 288
1007 133 1271 181 QUAESTIO
1303 132 1439 179 CVIII,
1468 130 1764 167 ARTICULUS
1794 131 1844 167 IV

391 217 465 254 SED
495 228 656 264 CONTRA,
686 215 840 252 consilia
869 213 1045 262 sapientis
1074 211 1186 248 amici
1216 221 1394 258 magnam

336 269 532 306 utilitatem
557 269 734 313 afferunt;
765 267 974 304 secundum
1000 264 1090 302 illud
1109 265 1222 301 Prov.
1243 275 1338 299 xxvii
1357 261 1396 299 *ε

342 324 541 372 Unguento
556 327 591 358 et
602 321 719 359 uariis
738 320 913 357 odoribus
927 318 1128 354 delectatur
1142 328 1225 353 cor:
1245 315 1398 352 ethonis

337 376 452 413 amici
486 374 646 412 consiliis
683 373 811 410 anima
849 371 1078 408 dulcoratur.
1118 370 1194 406 Sed
1227 368 1398 405 Christus

338 427 504 465 maxime
534 434 588 463 est
617 426 766 474 sapiens
792 432 828 460 et
853 423 1009 460 amicus.
1041 423 1142 469 Ergo
1173 421 1253 458 eius
1278 421 1398 458 consi-

338 481 386 518 lia
414 480 622 517 maximam
641 478 837 514 utilitatem
859 475 1062 523 continent,
1080 482 1116 511 et
1136 473 1399 511 convenientia

339 540 436 570 sunt.

392 586 615 621 RESPONDEO
644 593 827 619 mei-:unum
848 581 952 629 quod
980 581 1076 617 haec
1104 587 1159 616 est
1188 579 1399 616 differentia

338 638 433 674 inter
453 636 650 672 consilium
681 642 717 671 et
738 641 998 683 praeceptum,
1019 633 1125 681 quod
1151 639 1399 681 praeceptum

339 690 519 738 importat
536 687 811 734 necessitatem,
829 686 1027 723 consilium
1045 693 1174 723 autem
1189 685 1227 722 in
1243 685 1399 734 optione

336 742 488 791 ponitur
517 741 595 777 eius
624 740 683 776 cui
712 740 831 777 datur.
862 740 911 776 Et
938 739 1025 776 ideo
1064 738 1335 776 convenienter
1361 738 1400 775 in

338 797 419 843 lege
447 806 561 841 nova,
587 805 684 842 quae
713 801 768 830 est
797 793 856 830 lex
884 791 1074 838 libertatis,
1103 803 1218 840 supra
1245 803 1399 840 praeee-

337 855 401 896 pta
421 855 508 883 sunt
527 847 655 883 addita
674 845 847 883 consilia:
868 857 947 882 non
962 853 1090 882 autern
1111 845 1150 882 in
1164 844 1284 882 veteri
1303 845 1398 892 lege,

338 912 437 949 quae
458 907 536 936 erat
555 900 614 936 lex
633 899 833 936 servitutis.
855 898 1018 947 Oportet
1036 897 1146 946 igitur
1168 897 1274 946 quod
1292 909 1402 947 prae-

339 960 448 1002 cepta
475 959 601 990 novae
635 952 725 1000 legis
762 951 1013 999 intelligantur
1041 963 1124 988 esse
1151 951 1239 988 data
1266 951 1314 988 de
1341 951 1400 988 his

339 1018 439 1055 quae
477 1013 563 1043 sunt
599 1005 811 1043 necessaria
847 1005 896 1041 ad
931 1003 1246 1052 consequendum
1272 1004 1400 1041 ‘finem

340 1066 514 1097 aeternae
543 1058 802 1106 beatitudinis,
833 1057 870 1094 in
899 1069 1014 1106 quem
1049 1057 1108 1093 lex
1137 1069 1240 1094 nova
1266 1056 1400 1093 imme—

341 1113 439 1150 diate
459 1111 671 1148 introducit.
695 1110 863 1148 Consilia
880 1122 975 1147 vero
999 1117 1149 1158 oportet
1164 1122 1245 1146 esse
1267 1110 1313 1146 de
1333 1109 1402 1146 illis

339 1178 408 1215 per
435 1176 532 1214 quae
554 1164 689 1201 melius
718 1171 754 1200 et
783 1162 989 1211 expeditius
1008 1170 1134 1211 potest
1160 1163 1280 1199 homo
1311 1174 1400 1199 con-

340 1217 447 1266 sequi
474 1218 593 1255 finem
620 1216 869 1265 praedictum.

394 1271 462 1307 Est
489 1277 616 1306 autem
645 1270 764 1306 homo
795 1268 1018 1305 constitutus
1054 1267 1151 1304 inter
1179 1280 1238 1305 res
1267 1268 1402 1305 mundi

340 1323 450 1360 huius
474 1328 490 1344 ‘²
521 1330 558 1359 et
585 1322 789 1371 spiritualia
818 1322 937 1368 bona,
972 1321 1011 1358 in
1040 1320 1179 1368 quibus
1208 1321 1402 1358 beatitudo

341 1384 494 1413 aeterna
523 1375 705 1412 consistit:
735 1375 784 1412 ita
814 1374 919 1423 quod
946 1381 1088 1422 quanto
1121 1374 1206 1421 plus
1232 1373 1404 1412 inhaeret

340 1429 407 1466 uni
426 1441 574 1475 eorum,
594 1436 699 1466 tanto
718 1429 804 1477 plus
823 1427 965 1464 recedit
984 1427 1032 1464 ab
1058 1427 1187 1473 altero,
1210 1434 1246 1463 et
1274 1439 1294 1463 e
1313 1439 1402 1464 con-

341 1494 467 1519 verso
504 1482 581 1528 Qui
619 1494 707 1529 ergo
746 1481 906 1518 totaliter
933 1480 1103 1517 inhaeret
1140 1480 1254 1516 rebus
1290 1480 1402 1518 huius

343 1535 488 1582 mundi,
504 1542 546 1571 ut
564 1535 602 1571 in
618 1534 670 1571 eis
685 1535 805 1571 finem
821 1533 1034 1580 constituat,
1050 1533 1196 1570 habens
1213 1544 1276 1569 eas
1296 1534 1404 1582 quasi

342 1588 507 1625 rationes
536 1595 571 1624 et
600 1588 747 1635 regulas
771 1594 929 1623 suorum
959 1598 1133 1635 operum,
1154 1585 1316 1624 totaliter
1343 1599 1403 1624 ex—

343 1641 431 1678 cidit
467 1654 489 1678 a
526 1640 778 1689 spiritualibus
814 1639 936 1676 bonis.
974 1640 1022 1676 Et
1058 1639 1146 1676 ideo
1183 1638 1404 1677 huiusmodi

342 1694 570 1731 inordinatio
585 1693 723 1731 tollitur
736 1705 805 1742 per
819 1692 1148 1741 praecepta-Sed
1164 1693 1270 1740 quod
1284 1693 1403 1730 horno

343 1746 504 1784 totaliter
542 1759 586 1783 ea
615 1759 712 1795 quae
750 1753 837 1783 sunt
868 1745 1002 1782 mundi
1036 1745 1205 1792 abiiciat,
1239 1758 1318 1782 non
1351 1753 1407 1784 est

343 1800 599 1837 necessarium
628 1800 675 1837 ad
712 1799 1016 1848 perveniendum
1046 1798 1083 1835 in
1112 1798 1231 1835 finem
1257 1799 1405 1847 praedi-

344 1860 464 1890 ctum:
486 1853 575 1902 quia
594 1860 719 1901 potest
737 1853 856 1889 homo
876 1859 985 1888 utens
1001 1851 1114 1888 rebus
1133 1851 1245 1888 huius
1259 1852 1405 1900 mundi,

344 1907 557 1944 dummodo
587 1906 625 1942 in
653 1906 706 1942 eis
734 1906 852 1942 finem
882 1917 960 1942 non
980 1904 1191 1951 constituat,
1213 1905 1262 1942 ad
1290 1905 1406 1942 beati·

343 1959 515 1997 tudinem
536 1967 730 1996 aeternam
750 1958 961 2007 pervenire.
985 1958 1061 1995 Sed
1091 1957 1299 2006 expeditius
1323 1971 1407 2007 per-

343 2012 472 2049 veniet
499 2012 660 2049 totaliter
688 2012 790 2049 bona
817 2011 928 2048 huius
952 2010 1085 2048 mundi
1106 2010 1332 2048 abdicando.
1358 2012 1408 2049 Et

345 2066 432 2103 ideo
462 2065 508 2102 de
536 2066 612 2102 hoc
641 2065 777 2102 dantur
805 2064 960 2102 consilia
987 2063 1195 2112 Evangelii.

398 2120 507 2156 Bona
535 2126 662 2155 autem
690 2118 802 2155 huius
830 2117 985 2163 mundi,
1014 2129 1112 2166 quae
1142 2116 1330 2166 pertinent
1357 2117 1407 2155 ad

346 2184 458 2209 usum
477 2172 667 2208 humanae
686 2171 798 2218 vitae,
817 2171 854 2208 in
874 2170 992 2207 tribus
1017 2170 1244 2207 consistunt:
1269 2170 1408 2208 scilicet

346 2225 383 2261 in
413 2224 549 2262 divitiis
588 2224 814 2261 exteriorum
850 2225 1059 2270 bonorum,
1089 2235 1187 2272 quae
1219 2223 1408 2272 pertinent

347 2279 394 2315 ad
414 2278 749 2325 concupiscentiam
769 2276 964 2314 oculorum
985 2274 1021 2319 ¹³,-
1049 2276 1086 2313 in
1108 2275 1250 2314 deliciis
1271 2276 1405 2324 carnis,

347 2343 444 2380 quae
473 2331 662 2379 pertinent
689 2331 737 2367 ad
766 2329 1101 2378 concupiscentiam
1129 2330 1277 2374 carnis;
1308 2337 1344 2366 et
1367 2329 1407 2367 in

345 2384 576 2431 honoribus,
606 2396 704 2433 quae
732 2383 919 2432 pertinent
952 2383 999 2420 ad
1035 2383 1250 2430 superbiam
1286 2383 1408 2428 vitae3

347 2438 442 2474 sicut
469 2444 572 2486 patet
600 2438 613 2473 Ι
644 2438 748 2473 Ioan.
769 2448 791 2473 11
811 2435 842 2473 ³¹⁸.
864 2437 971 2472 Haec
995 2443 1122 2472 autern
1152 2435 1220 2473 tria
1246 2435 1409 2473 totaliter

346 2490 620 2539 derelinquere,
641 2489 853 2526 secundum
883 2489 989 2536 quod
1017 2488 1196 2537 possibile
1226 2496 1300 2536 est,
1324 2501 1408 2538 per-

346 2544 436 2580 tinet
451 2543 499 2580 ad
515 2542 669 2580 consilia
690 2541 930 2590 Evangelica.
949 2543 990 2578 In
1006 2541 1143 2589 quibus
1159 2541 1273 2579 etiam
1288 2541 1406 2580 tribus

346 2597 524 2633 fundatur
552 2597 677 2633 omnis
706 2595 846 2643 religio,
877 2607 974 2643 quae
1004 2602 1140 2632 statum
1169 2594 1409 2643 perfectionis

346 2650 562 2698 profitetur:
594 2662 682 2686 narn
716 2649 865 2685 divitiae
895 2648 1118 2685 abdicantur
1149 2660 1219 2696 per
1246 2660 1408 2698 pauper-

346 2711 478 2748 tatem3
510 2702 663 2739 deliciae
693 2702 815 2738 carnis
835 2713 903 2750 per
921 2709 1146 2750 perpetuam
1177 2699 1404 2747 castitatem;

348 2756 524 2804 superbia
552 2755 652 2792 vitae
679 2767 748 2804 per
776 2754 1014 2792 obedientiae
1043 2753 1276 2791 servitutem.

402 2810 507 2845 Haec
527 2816 654 2845 autem
684 2807 900 2857 simpliciter
924 2808 1125 2844 observata
1152 2806 1341 2856 pertinent
1359 2805 1407 2844 ad

349 2862 502 2898 consilia
547 2861 763 2910 simpliciter
809 2860 1015 2909 proposita.
1067 2861 1142 2897 Sed
1189 2858 1406 2897 observatio

346 2914 644 2963 uniuscuiusque
665 2926 799 2951 eorum
820 2914 857 2950 in
877 2913 1004 2962 aliquo
1025 2913 1178 2962 speciali
1197 2925 1299 2961 casu,
1319 2924 1407 2961 per-

347 2968 438 3005 tinet
457 2969 505 3005 ad
526 2967 725 3005 consilium
746 2967 958 3004 secundum
978 2966 1080 3015 quid,
1102 2966 1240 3003 scilicet
1258 2966 1297 3003 in
1318 2977 1407 3003 casu

346 3020 420 3058 illo.
448 3022 543 3058 Puta
564 3033 652 3058 cum
679 3021 799 3058 homo
829 3020 892 3057 dat
925 3019 1092 3068 aliquam
1121 3019 1406 3068 eleemosynam

400 3134 426 3167 α)
447 3134 540 3159 mundi
551 3134 636 3159 huius.
651 3149 669 3153 -
683 3135 760 3160 huius
774 3134 968 3166 ABCDEpGH.
984 3134 1116 3159 humanas
1129 3134 1201 3158 sH.-
1210 3133 1278 3159 bona
1292 3139 1346 3158 om.
1357 3132 1407 3157 EF.

401 3167 425 3203 β)
446 3177 511 3201 quae
522 3188 528 3194 .
540 3188 546 3194 .
558 3187 565 3195 .
584 3171 729 3195 oculorum.
741 3183 760 3189 -
775 3170 836 3195 Om.
855 3169 1097 3195 ABCDEFGI-IKL.
1110 3183 1127 3188 -
1141 3168 1231 3194 carnis
1250 3168 1331 3193 altero
1350 3167 1408 3192 loco

346 3212 399 3229 om.
419 3205 473 3234 EF;
493 3205 563 3230 vitae
581 3213 633 3229 om.
653 3205 683 3229 E.

1449 209 1608 258 pauperi
1637 220 1755 256 quam
1775 213 1790 236 Υ
1819 208 1910 245 dare
1933 220 2012 245 non
2040 215 2199 256 tenetur,
2228 209 2427 246 consilium
2457 221 2513 246 se-

1451 261 1577 311 quitur
1605 269 1790 310 quantum
1819 260 1867 298 ad
1895 260 2036 297 facturn
2065 260 2167 298 illud.
2192 261 2372 299 Similiter
2399 261 2512 299 etiam

1451 315 1605 364 quando
1626 314 1754 363 aliquo
1782 321 1956 362 ternpore
1977 312 2228 351 determinato
2257 326 2280 351 a
2299 315 2512 352 delectatio-

1451 367 1563 405 nibus
1592 367 1714 404 carnis
1734 366 1895 403 abstinet
1922 373 1962 402 ut
1987 365 2222 403 orationibus
2248 374 2371 414 vacet,
2391 367 2513 404 eonsi-

1451 420 1543 458 lium
1572 420 1741 469 sequitur
1767 432 1838 468 pro
1869 426 2042 467 ternpore
2071 418 2146 455 illo.
2183 418 2362 456 Similiter
2399 420 2513 456 etiam

1452 473 1607 522 quando
1636 472 1769 522 aliquis
1788 485 1866 509 non
1896 471 2064 520 sequitur
2081 472 2318 508 voluntatem
2346 484 2455 509 suam
2474 472 2514 509 in

1452 526 1578 575 aliquo
1607 526 1706 563 facto
1735 526 1840 575 quod
1868 524 1965 562 licite
1992 532 2124 573 posset
2149 524 2286 571 facere,
2313 524 2514 565 consilium

1452 579 1621 627 sequitur
1648 578 1687 615 in
1715 591 1806 615 casu
1833 578 1916 615 illo:
1942 585 2034 627 puta
2057 577 2088 614 si
2117 577 2328 614 benefaciat
2354 576 2514 614 inimicis

1453 633 1608 681 quando
1646 643 1725 668 non
1761 638 1929 678 tenetur,
1963 631 2025 668 vel
2058 630 2089 668 si
2126 630 2315 667 offensam
2352 630 2515 666 remittat

1453 685 1558 722 cuius
1577 684 1672 722 iuste
1691 691 1821 732 posset
1841 683 1987 732 exigere
2006 683 2228 721 vindictam.
2258 683 2308 719 Et
2326 682 2380 719 sic
2400 682 2514 720 etiam

1453 737 1583 775 omnia
1613 736 1766 773 consilia
1794 735 2032 784 particularia
2059 737 2107 774 ad
2140 736 2201 773 illa
2227 735 2298 772 tria
2325 734 2516 783 generalia

1454 798 1490 828 et
1516 790 1684 839 perfecta
1711 788 1961 826 reducuntur..

1506 845 1565 880 AD
1594 854 1730 880 PRIMUM
1759 852 1857 878 ERGO
1875 853 2060 878 mcennum
2088 842 2194 890 quod
2212 841 2407 890 praedicta
2425 853 2514 878 con-

1453 896 1544 944 silia,
1565 903 1749 944 quantum
1771 901 1825 930 est
1853 895 1901 931 de
1929 906 1981 940 se,
2002 902 2088 931 sunt
2107 893 2288 931 omnibus
2313 894 2516 944 expedien-

1453 949 1527 986 tia:
1566 948 1633 985 sed
1671 960 1715 984 ex
1755 946 2042 995 indispositione
2081 947 2296 996 aliquorum
2336 946 2516 995 contingit

1454 1002 1560 1050 quod
1598 1001 1708 1038 alicui
1741 999 1981 1049 expedientia
2007 1011 2087 1037 non
2115 1007 2221 1047 sunt,
2251 1000 2341 1050 quia
2379 1012 2516 1037 eorum

1454 1054 1612 1092 affectus
1630 1054 1679 1091 ad
1705 1054 1802 1091 haec
1829 1065 1909 1090 non
1927 1051 2127 1090 inclinatur
2143 1051 2170 1090 ὅ.
2189 1053 2240 1090 Et
2266 1053 2353 1091 ideo
2381 1052 2515 1090 Domi-

1454 1121 1538 1155 nus,
1560 1106 1713 1144 consilia
1738 1105 1969 1153 Evangelica
1996 1116 2229 1154 proponens,
2250 1117 2402 1154 semper
2429 1106 2517 1144 facit

1455 1161 1691 1198 mentionem
1712 1159 1759 1196 de
1778 1158 1983 1196 idoneitate
2011 1157 2214 1195 hominum
2233 1159 2283 1196 ad
2310 1159 2516 1197 observan-

1454 1214 1545 1252 tiam
1567 1212 1822 1250 consiliorum.
1839 1213 1945 1249 Dans
1966 1210 2068 1248 enim
2088 1210 2288 1248 consilium
2303 1219 2518 1260 perpetuae

1454 1266 1696 1316 paupertatis,
1723 1265 1857 1302 Matth.
1876 1276 1940 1301 Xix-
1954 1263 1986 1311 *‚
2006 1263 2226 1313 praemittit:
2246 1264 2288 1300 Si
2313 1264 2375 1300 uis
2390 1265 2517 1313 Pede-

1455 1325 1534 1357 ctus
1561 1331 1656 1363 esse;
1681 1326 1716 1355 et
1734 1325 1868 1366 postea
1887 1316 2027 1355 subdit:
2055 1316 2157 1354 Vade
2183 1323 2219 1354 et
2242 1317 2363 1354 vende
2389 1317 2518 1354 omnia

1455 1385 1553 1421 quae
1566 1373 1690 1410 habes.
1708 1370 1896 1418 Similiter,
1910 1371 2004 1408 dans
2020 1369 2220 1407 consilium
2235 1377 2443 1419 perpetuae
2458 1381 2519 1410 cae-1

1456 1425 1598 1472 stitatis,
1619 1437 1706 1461 cum
1727 1423 1817 1461 dixit
1830 1423 1868 1461 *ε
1890 1424 1985 1460 Sunt
2001 1423 2165 1460 eunuchi
2176 1419 2522 1472 quicastravenunt

1454 1479 1593 1528 seipsos
1614 1483 1772 1526 propter
1797 1488 1960 1526 regnum
1988 1475 2192 1522 caelorum,
2217 1476 2353 1513 statim
2370 1475 2518 1514 subdit:

1460 1532 1535 1574 Qui
1554 1537 1676 1580 potest
1701 1541 1847 1579 capere,
1872 1529 2006 1578 capiat.
2028 1530 2077 1566 Et
2109 1528 2278 1566 similiter
2296 1529 2516 1578 Apostolus,

1434 1621 1440 1626 ,
1458 1586 1471 1622 I
1491 1585 1543 1622 ad
1565 1585 1651 1621 Cor.
1672 1595 1719 1620 vn
1738 1583 1770 1630 ²¹⁴,
1790 1582 2002 1632 praemisso
2027 1582 2184 1620 consilio
2213 1582 2445 1630 virginitatis,
2466 1581 2520 1620 di·
2547 1592 2555 1600 ·

1458 1637 1523 1675 cit:
1551 1638 1673 1674 Porro
1690 1638 1762 1674 hoc
1789 1636 1841 1673 ad
1859 1635 2050 1672 utilitatem
2078 1641 2242 1672 vestram
2269 1635 2521 1672 dicoanonut

1457 1690 1632 1739 laqueum
1660 1690 1764 1727 vobis
1791 1688 1968 1726 iniiciam.
1997 1732 2000 1739 .

1511 1745 1569 1780 AD
1598 1754 1788 1780 SECUNDUM
1807 1753 1991 1779 DiCENDUM
2011 1741 2115 1789 quod
2136 1740 2296 1778 meliora
2313 1741 2417 1778 bona
2435 1751 2520 1789 par·-

1457 1796 1659 1833 ticulariter
1677 1796 1715 1832 in
1743 1794 1897 1842 singulis
1917 1802 2004 1832 sunt
2029 1793 2333 1832 indeterminata.
2363 1793 2442 1831 Sed
2459 1792 2524 1830 illa

1459 1861 1558 1898 quae
1587 1856 1673 1885 sunt
1700 1847 1916 1897 simpliciter
1953 1855 1989 1884 et
2026 1847 2199 1884 absolute
2231 1846 2392 1884 meliora
2419 1847 2524 1884 bona

1459 1902 1498 1940 in
1525 1901 1743 1947 universali,
1773 1909 1859 1938 sunt
1888 1900 2148 1938 determinata.
2186 1900 2248 1938 Ad
2277 1911 2375 1949 quae
2404 1899 2521 1936 etiam

1460 1955 1590 1993 omnia
1603 1955 1665 1992 illa
1679 1954 1918 2003 particularia
1937 1953 2181 2001 reducuntur,
2196 1961 2239 1991 ut
2257 1952 2400 1991 dictum
2420 1959 2477 1990 est
2489 1951 2522 1989 ³³.

1512 2010 1571 2046 An
1608 2019 1768 2045 TERTIUM
1805 2018 1988 2044 mceunuu
2027 2007 2132 2055 quod
2170 2006 2284 2044 etiam
2321 2005 2523 2043 consilium

1461 2061 1699 2099 obedientiae
1732 2060 1923 2098 Dominus
1958 2059 2175 2108 intelligitur
2203 2058 2353 2096 dedisse
2381 2058 2421 2096 in
2447 2059 2524 2096 hoe

1461 2115 1566 2164 quod
1582 2114 1687 2151 dixit:
1706 2115 1758 2150 Et
1773 2118 1951 2162 sequatur
1970 2124 2030 2150 me
2043 2112 2082 2157 *;
2101 2125 2218 2161 quem
2235 2107 2524 2162 sequimur‘non

1460 2169 1586 2205 solum
1606 2167 1788 2204 imitando
1810 2178 1939 2215 opera,
1956 2166 2023 2203 sed
2045 2165 2158 2203 etiam
2178 2165 2396 2203 obediendo
2417 2176 2525 2203 man,-

1461 2220 1556 2258 datis
1570 2220 1704 2269 ipsius;
1722 2219 1935 2257 secundum
1948 2218 2040 2258 illud
2055 2218 2278 2266 loannixrg
2304 2219 2399 2256 Oves
2417 2228 2527 2255 meae

1459 2286 1589 2312 vocem
1617 2285 1741 2310 meam
1769 2273 1938 2318 audiunt,
1958 2278 1994 2310 et
2017 2277 2228 2321 sequuntur
2250 2283 2323 2308 me.

1512 2329 1571 2364 An
1592 2338 1765 2369 QUARTUM
1794 2337 1978 2364 mCENDUM
2007 2325 2113 2374 quod
2142 2337 2189 2362 ea
2219 2336 2319 2374 quae
2352 2324 2399 2362 de
2431 2335 2526 2361 vem

1462 2380 1660 2418 dilectione
1680 2379 1935 2426 inimicorum,
1952 2386 1990 2416 et
2007 2377 2204 2426 similibus,
2225 2377 2417 2415 Dominus
2437 2375 2527 2414 dicit

1462 2433 1596 2470 Matth.
1616 2445 1640 2469 v
1660 2440 1696 2469 et
1720 2433 1813 2470 Luc.
1833 2444 1884 2479 vl,
1915 2431 1946 2469 si
1966 2431 2174 2469 referantur
2192 2430 2241 2468 ad
2268 2429 2524 2479 praeparatio-

1461 2499 1551 2523 nem
1589 2485 1726 2532 animi,
1756 2492 1842 2522 sunt
1875 2484 1921 2522 de
1954 2484 2175 2521 necessitate
2205 2483 2356 2520 salutis:
2386 2490 2428 2519 ut
2455 2482 2523 2520 sci-

1461 2539 1546 2576 licet
1573 2539 1692 2575 homo
1722 2538 1767 2575 sit
1785 2545 1938 2587 paratus
1957 2537 2183 2574 benefacere
2201 2535 2376 2583 inimicis,
2398 2543 2433 2572 et
2452 2535 2524 2572 alia

1462 2591 1681 2628 huiusmodi
1714 2591 1858 2638 facere,
1890 2603 1978 2627 cum
2011 2589 2214 2627 necessitas
2242 2590 2318 2626 hoc
2346 2588 2522 2637 requirat.

1462 2646 1511 2682 Et
1539 2645 1624 2682 ideo
1655 2645 1750 2681 inter
1773 2651 1975 2693 praecepta
1993 2650 2199 2693 ponuntur.
2230 2643 2307 2679 Sed
2331 2649 2372 2678 ut
2391 2641 2524 2690 aliquis

1461 2698 1536 2735 hoc
1564 2697 1725 2734 inimicis
1754 2697 1927 2734 exhibeat
1951 2703 2129 2745 prompte
2158 2695 2195 2732 in
2224 2702 2321 2741 acm,
2342 2690 2408 2732 ubi
2439 2706 2523 2743 spe-

1463 2751 1565 2789 cialis
1585 2750 1786 2787 necessitas
1816 2762 1894 2787 non
1919 2749 2093 2797 occurrit,
2115 2748 2276 2798 pertinet
2300 2747 2350 2786 ad
2370 2746 2524 2785 consilia

1461 2803 1709 2853 particularia,
1732 2811 1773 2840 ut
1793 2802 1935 2840 dictum
1956 2811 2011 2840 est
2029 2802 2060 2839 *.
2074 2802 2174 2839 -Illa
2189 2809 2318 2839 autem
2338 2812 2436 2850 quae
2455 2812 2524 2850 po-

1461 2863 1603 2894 nuntur
1622 2856 1754 2893 Matth.
1775 2868 1809 2903 x,
1828 2863 1863 2892 et
1883 2857 1975 2892 Luc.
1993 2868 2029 2892 1x
2049 2863 2084 2893 et
2103 2867 2138 2902 x,
2159 2855 2310 2892 fuerunt
2332 2853 2523 2903 quaedam

1461 2917 1663 2959 praecepta
1693 2909 1911 2958 disciplinae
1939 2921 2009 2957 pro
2034 2916 2208 2957 tempore
2235 2907 2312 2954 illo,
2341 2907 2404 2944 vel
2424 2918 2523 2949 ,conr-

1463 2963 1652 3001 cessiones
1672 2962 1875 3011 quaedam,
1892 2969 1932 2998 ut
1952 2973 2066 3011 supra
2081 2961 2101 2983 *¹
2118 2960 2260 2999 dictum
2281 2968 2347 2998 est.
2367 2959 2421 2998 Et
2435 2955 2524 2998 ideo

1461 3028 1540 3054 non
1568 3015 1797 3053 inducuntur
1825 3023 2008 3063 tanquam
2039 3013 2203 3052 consilia.
2463 3020 2466 3022 ’

1513 3130 1541 3164 γ)
1561 3138 1649 3163 quam.
1666 3143 1685 3148 —
1703 3130 1810 3163 quando
1829 3129 1875 3154 Pa.

1514 3165 1539 3200 δ)
1560 3165 1713 3190 inclinatur.
1725 3179 1743 3184 -
1762 3164 1926 3190 inclinantur
1943 3163 1973 3188 E.

989 3356 1893 3395 ffl-—fflmoe—fflss

1438 3391 1445 3398 .

2637 223 2654 248 Υ

2543 1274 2554 1285 “
2569 1273 2635 1295 νοτε.
2651 1278 2680 1296 21.

2545 1431 2555 1442 ⁸
2565 1430 2634 1458 ibid..
2648 1436 2709 1453 ven.
2724 1436 2755 1453 ιι.

2570 1590 2638 1612 Vero.
2654 1595 2687 1619 35.

2549 1962 2558 1971 ·
2573 1960 2599 1983 In
2615 1965 2721 1988 corpore.

2549 2119 2560 2131 ⁹
2574 2117 2664 2145 Mutua..
2679 2123 2700 2140 c.
2713 2123 2762 2144 xvx,

2550 2151 2611 2167 veru.
2625 2150 2663 2171 ²4-

2552 2226 2560 2235 ·
2575 2223 2643 2246 Vm.
2657 2229 2693 2252 ²7·

2551 2811 2561 2821 ·
2575 2810 2601 2832 In
2615 2814 2721 2838 corpore.

2551 2970 2560 2980 '
2575 2969 2626 2990 Art.
2641 2973 2662 2995 π,
2677 2967 2706 2990 ud
2720 2973 2742 2996 3.
