2840 4010
60 254 69 264 “
84 253 108 274 In
124 258 183 279 resp.
197 252 224 273 ad
241 258 255 273 ι.

57 990 67 999 ·
82 988 116 1009 Aa
130 989 201 1014 Rom„
217 994 268 1014 cap.

57 1021 106 1039 vm.
122 1021 180 1036 vers.
196 1020 215 1041 3.

58 1834 66 1843 ·
81 1833 107 1854 D.
123 1833 168 1860 918.

151 1941 171 1955 ω

56 2000 65 2007 ⁴
87 1999 149 2020 Loco
174 1998 215 2019 cit.
243 1998 265 2019 in

57 2031 112 2052 arg.,
124 2030 183 2047 vers.
191 2031 220 2051 ²4
231 2031 265 2053 sq.

58 2529 68 2538 ⁸
82 2528 148 2550 Vers.
164 2534 198 2555 27.

149 3003 183 3019 αα

301 176 374 202 230

350 247 408 280 AD
437 255 596 281 TERTmM
625 251 726 292 patet
754 242 949 291 responsio
981 253 1025 277 ex
1054 241 1159 277 dictis
1187 241 1218 277 *.

350 298 408 333 An
438 308 610 339 QUARTUM
638 307 820 333 chENDUM
849 295 964 342 quod,
988 293 1054 329 etsi
1083 293 1229 330 haedus
1259 293 1356 329 occi-

298 362 361 386 sus
391 362 467 386 non
497 349 629 386 sentiat
662 348 822 395 qualiter
851 358 981 382 carnes
1017 346 1096 382 eius
1126 353 1356 394 coquantur,

297 410 426 439 tamen
453 402 492 438 in
512 402 639 438 animo
665 399 911 446 decoquentis
941 398 989 435 ad
1010 399 1204 446 quandam
1224 400 1358 436 crude-

297 455 438 491 litatem
466 454 651 502 pertinere
680 452 830 488 videtur
849 451 878 487 si
906 452 963 488 lae
992 451 1133 498 matris,
1163 452 1268 500 quod
1293 451 1358 488 da-

297 516 378 544 tum
408 514 462 543 est
496 506 528 542 ei
557 518 626 553 pro
656 504 907 551 nutrimento,
938 503 1163 540 adhibeatur
1190 505 1239 541 ad
1269 517 1358 541 eon-

298 559 555 607 sumptionem
572 558 741 594 carnium
761 556 890 604 ipsius.
903 557 1007 593 -Vel
1020 564 1145 605 potest
1160 557 1232 594 dici
1253 558 1358 606 quod

297 612 452 659 gentiles
472 611 509 646 in
529 609 828 646 solemnitatibus
857 609 1048 646 idolorum
1082 610 1202 647 taliter
1225 623 1357 647 carnes

297 663 407 700 haedi
437 663 662 711 coquebant,
691 662 740 698 ad
769 662 1048 699 immolandum
1067 664 1129 700 vel
1158 663 1206 700 ad
1227 675 1358 700 come-.

297 716 485 753 dendum:
508 716 557 751 Et
584 715 670 752 ideo
698 716 822 752 Exod.
843 727 945 762 xxm,
975 723 1181 764 postquam
1210 716 1358 764 praedi-

297 777 397 805 ctum
418 769 538 804 fuerat
558 768 605 804 de
629 768 930 805 solemnitatibus
951 769 1185 806 celebrandis
1204 769 1242 805 in
1262 770 1356 817 lege,

296 821 486 865 subditur:
507 821 598 857 Non
614 833 749 869 coques
762 822 924 858 haedum
939 822 977 864 in
992 821 1087 858 lacte
1105 822 1237 858 matris
1253 834 1356 859 suae.

349 875 377 910 F
380 874 528 922 iguralis
555 882 683 911 autem
719 874 812 910 ratio
849 874 963 911 huius
1002 874 1266 923 prohibitionis
1303 883 1359 911 est

295 927 384 977 quia
398 927 724 975 praefigurabatur
744 927 850 975 quod
866 927 1047 974 Christus,
1061 927 1124 975 qui
1140 935 1196 964 est
1210 927 1358 964 haedus

294 988 449 1029 propter
475 980 752 1016 similitudinem
772 981 898 1017 carnis
912 980 1059 1028 peccati
1075 980 1106 1021 ²¹⁸,
1138 992 1216 1017 non
1237 988 1316 1017 erat
1336 993 1358 1017 a

295 1033 444 1070 Iudaeis
465 1033 699 1081 coquendus,
723 1033 818 1070 idest
839 1033 1084 1080 occidendus,
1105 1033 1143 1069 in
1162 1034 1258 1070 lacte
1278 1046 1357 1070 ma-

295 1087 371 1133 tris,
387 1086 483 1123 idest
497 1094 670 1134 tempore
691 1086 880 1123 infantiae.
891 1086 991 1122 —Vel
1007 1085 1238 1133 significatur
1253 1087 1358 1135 quod

295 1139 450 1185 haedus,
471 1139 566 1175 idest
580 1146 864 1187 peccator,·non
889 1146 943 1175 est
963 1138 1186 1186 coquendus
1206 1139 1244 1175 in
1263 1140 1358 1176 lacte

295 1192 438 1238 matris,
469 1192 565 1228 idest
593 1204 670 1228 non
700 1199 754 1228 est
783 1191 970 1228 blanditiis
999 1191 1245 1228 deliniendus.

346 1247 405 1281 AD
426 1256 588 1287 QUINTUM
606 1256 791 1281 DICENDUM
811 1245 917 1292 quod
941 1244 1097 1292 gentiles
1121 1244 1264 1282 fructus
1284 1245 1358 1294 pri-

294 1298 456 1344 mitivos,
478 1309 574 1345 quos
595 1298 805 1334 fortunatos
826 1297 1087 1344 aestimabant,
1110 1297 1180 1334 diis
1209 1298 1284 1335 suis
1304 1299 1359 1335 of-

294 1327 480 1388 ferebani:
501 1351 564 1387 vel
585 1350 697 1387 etiam
719 1350 997 1387 comburebant
1017 1362 1082 1386 eos
1095 1336 1150 1386 ad
1166 1351 1359 1398 quaedam

292 1404 438 1451 magica
467 1403 649 1441 facienda.
685 1404 733 1440 Et
761 1403 848 1440 ideo
877 1411 1124 1452 praeceptum
1159 1411 1215 1440 est
1243 1404 1296 1441 eis
1319 1412 1361 1441 ut

294 1458 434 1493 fructus
463 1456 576 1493 trium
604 1468 817 1504 primorum
838 1468 1027 1493 annorum
1056 1456 1279 1494 immundos
1303 1469 1374 1494 re->

294 1517 480 1559 putarent.
502 1511 544 1546 In
572 1510 690 1546 tribus
716 1510 818 1546 enim
848 1509 955 1546 annis
981 1510 1056 1546 fere
1085 1521 1222 1546 omnes
1250 1511 1360 1547 arbo-

295 1576 354 1600 res
373 1571 492 1599 terrae
513 1563 608 1599 illius
629 1563 791 1599 fructum
810 1563 1040 1611 producunt,
1062 1574 1161 1610 quae
1180 1560 1198 1591 ψ
1223 1563 1362 1600 scilicet

294 1617 356 1652 vel
385 1616 623 1662 seminando,
643 1617 705 1652 Vel
736 1615 951 1662 inserendo,
976 1616 1038 1652 vel
1058 1616 1267 1663 plantando
1297 1629 1360 1653 co-

295 1671 431 1706 luntur.
454 1670 556 1705 Raro
577 1676 705 1705 autem
727 1669 907 1717 contingit
935 1668 1040 1717 quod
1061 1681 1149 1705 ossa
1167 1669 1359 1707 fructuum

295 1722 450 1769 arboris,
463 1723 522 1758 vel
539 1722 685 1758 semina
700 1722 864 1769 latentia,
882 1721 1132 1758 seminentur:
1148 1722 1244 1758 haec
1259 1723 1360 1759 enim

294 1775 435 1812 tardius
463 1776 629 1811 facerent
658 1775 840 1821 fructum,
871 1775 938 1812 sed
967 1775 1024 1811 lex
1054 1775 1216 1824 respexit
1245 1776 1294 1812 ad
1321 1775 1359 1813 id

295 1829 400 1877 quod
428 1828 660 1877 frequentius
688 1829 731 1865 fit
749 1829 781 1865 ²¹⁵.
803 1829 927 1865 Poma
946 1836 1075 1865 autem
1105 1829 1227 1877 quarti
1256 1829 1358 1875 anni,

294 1890 476 1930 tanquam
496 1881 685 1930 primitiae
710 1882 945 1919 mundorum
974 1882 1176 1928 fructuum,
1199 1882 1284 1918 Deo
1305 1882 1361 1918 of-

295 1935 530 1972 ferebantur:
561 1947 580 1972 a
602 1934 733 1983 quinto
754 1941 773 1956 ‘¹'
803 1942 930 1971 autem
956 1946 1070 1980 ann0‚
1103 1942 1137 1971 et
1165 1934 1358 1983 deinceps,

296 1989 595 2025 comedebantur
622 1987 653 2024 ²⁸.

348 2041 530 2089 Figuralis
558 2048 686 2077 autem
719 2041 812 2078 ratio
842 2048 898 2078 est
934 2041 1023 2089 quia
1051 2053 1119 2088 per
1147 2041 1223 2077 hoc
1249 2052 1357 2089 prae-

295 2095 476 2142 figuratur
491 2094 596 2142 quod
611 2101 698 2142 post
718 2101 792 2130 tres
812 2101 929 2131 status
950 2094 1053 2142 legis,
1070 2106 1236 2142 quorum
1260 2106 1358 2131 unus

297 2157 350 2185 est
369 2148 417 2184 ab
437 2148 632 2184 Abraham
652 2159 772 2195 usque
793 2147 841 2184 ad
866 2147 1005 2194 David,
1027 2147 1218 2184 secundus
1237 2159 1358 2196 usque

297 2202 344 2239 ad
372 2200 742 2248 transmigrationem
762 2200 980 2247 Babylonis,
1002 2200 1131 2237 tertius
1159 2212 1281 2249 usque
1309 2200 1360 2237 ad

298 2253 501 2300 Christum,
524 2261 602 2290 erat
631 2253 802 2290 Christus
831 2255 914 2290 Deo
945 2253 1180 2299 offerendus,
1210 2253 1276 2302 qui
1305 2260 1359 2290 est

296 2307 437 2344 fructus
466 2306 569 2354 legis.
599 2327 623 2334 -
649 2307 720 2342 Vel
760 2306 849 2354 quia
890 2306 1099 2355 primordia
1138 2314 1356 2344 nostrorum

298 2372 459 2408 operum
489 2360 628 2396 debent
657 2371 739 2395 esse
768 2359 878 2396 nobis
903 2367 1091 2408 suspecta,
1111 2366 1268 2408 propter
1291 2359 1358 2396 im-

296 2413 580 2462 perfectionem.

349 2468 407 2502 Ao
437 2478 577 2503 SEXTUM
606 2477 789 2502 DICENDUM
819 2466 940 2512 quod,
971 2465 1066 2502 sicut
1086 2465 1219 2503 dicitur
1241 2465 1358 2502 Eccli.

296 2531 356 2556 >ux
383 2519 423 2564 ³⁸,
456 2519 614 2556 amictus
641 2519 809 2566 corporis
842 2518 1010 2555 enuntiat
1036 2519 1082 2555 de
1112 2518 1274 2555 homine.
1311 2519 1360 2555 Et

297 2572 383 2609 ideo
411 2572 531 2608 voluit
559 2571 749 2608 Dominus
776 2579 817 2608 ut
845 2572 1009 2620 populus
1043 2572 1123 2608 eius
1157 2571 1358 2618 distingue-

298 2633 398 2662 retur
417 2626 464 2662 ab
484 2625 564 2661 aliis
592 2624 743 2673 populis
772 2636 850 2661 non
879 2625 1003 2661 solum
1033 2624 1139 2672 signo
1165 2624 1360 2661 circumci-

297 2678 430 2725 sionis,
459 2678 565 2726 quod
595 2685 673 2714 erat
701 2677 738 2714 in
768 2689 897 2723 carne,
927 2677 994 2714 sed
1022 2677 1137 2714 etiam
1167 2684 1266 2714 certa
1293 2677 1360 2714 ha-

298 2731 395 2768 bitus
425 2730 673 2768 distinctione.
703 2731 752 2767 Et
772 2730 857 2768 ideo
886 2730 1120 2779 prohibitum
1145 2731 1214 2767 fuit
1239 2730 1291 2767 eis
1311 2742 1358 2767 ne

298 2784 539 2821 induerentur
556 2784 783 2821 vestimento
814 2795 859 2820 ex
888 2784 973 2820 lana
1000 2792 1037 2820 et
1063 2784 1141 2820 lino
1171 2790 1359 2830 contexto,

298 2845 333 2874 et
347 2849 394 2874 ne
410 2837 545 2874 mulier
564 2837 782 2874 indueretur
796 2844 901 2874 veste
916 2837 1024 2884 virili,
1041 2845 1104 2873 aut
1120 2849 1139 2873 e
1156 2848 1356 2883 converSO,

298 2897 450 2938 propter
479 2890 568 2927 duo.
598 2889 728 2926 Primo
757 2889 926 2938 quidem,
948 2890 995 2927 ad
1016 2889 1215 2927 vitandum
1239 2889 1360 2927 idolo-

299 2943 426 2980 latriae
459 2944 612 2980 cultum.
648 2942 878 2980 Huiusmodi
913 2942 1015 2980 enim
1043 2942 1157 2980 variis
1189 2942 1360 2980 vestibus

300 3008 343 3032 ex
373 2996 530 3033 diversis
559 2996 738 3033 confectis
759 3001 795 3018 αα
823 2995 978 3044 gentiles
1007 2996 1045 3033 in
1074 2996 1175 3032 cultu
1202 3007 1359 3032 suorum

301 3049 459 3086 deorum
487 3050 701 3086 utebantur.
732 3049 780 3086 Et
809 3049 922 3086 etiam
942 3050 980 3086 in
1000 3049 1102 3086 cultu
1121 3048 1253 3085 Martis
1278 3060 1362 3085 mu·-

300 3101 407 3138 lieres
434 3102 637 3139 utebantur
665 3102 780 3139 armis
807 3102 1002 3148 virorum;
1031 3102 1070 3139 in
1099 3102 1200 3139 cultu
1233 3108 1361 3138 autem

301 3154 458 3191 Veneris
487 3167 507 3191 e
537 3167 723 3192 converso
751 3155 821 3192 viri
850 3156 1053 3192 utebantur
1079 3154 1249 3192 vestibus
1277 3166 1362 3191 rnu-

990 163 1255 209 QUAESTIO
1287 163 1369 208 ClI,
1399 162 1694 199 ARTlCULUS
1724 163 1774 198 Vl

1415 241 1517 277 Nam
1546 252 1616 289 per
1644 240 1934 278 commixtiones
1961 242 2085 278 varias
2112 243 2150 279 in
2177 242 2413 280 vestimentis
2437 253 2478 277 o-

1414 293 1512 331 mnis
1527 293 1739 330 inordinata
1755 293 1975 329 commixtio
1992 294 2113 330 coitus
2129 295 2348 332 excluditur.
2360 294 2477 342 Quod

1413 355 1541 383 autern
1561 346 1696 383 mulier
1715 345 1893 382 induatur
1910 353 2017 382 veste
2035 346 2144 393 virili,
2161 354 2226 384 aut
2240 360 2260 384 e
2276 359 2476 394 converSO,

1412 399 1647 436 incentivum
1667 406 1723 435 est
1742 398 2083 447 concupiscentiae,
2114 407 2150 435 et
2170 400 2414 437 occasionem
2438 400 2477 436 li·

1412 452 1529 489 bidini
1557 459 1732 501 praestat.

1466 506 1495 541 F
1498 505 1649 553 iguralis
1665 513 1792 542 autem
1809 504 1902 541 ratio
1919 511 1975 540 est
1989 504 2078 551 quia
2093 503 2131 540 in
2141 503 2369 541 vestimento
2385 516 2476 541 con·

1412 565 1514 595 texto
1535 570 1578 595 ex
1605 558 1689 595 lana
1717 565 1752 594 et
1775 558 1851 594 lino
1881 556 2113 594 interdicitur
2142 556 2358 593 coniunctio
2387 556 2476 593 sim-

1411 611 1582 659 plicitatis
1602 611 1839 647 innocentiae
1860 609 1902 658 ββ,
1924 621 2022 658 quae
2042 610 2225 657 figuratur
2243 621 2312 657 per
2331 610 2475 655 lanam,

1413 672 1449 700 et
1476 663 1687 700 subtilitatis
1711 663 1887 710 malitiae,
1903 675 2002 712 quae
2021 663 2204 710 figuratur
2221 674 2289 710 per
2307 662 2476 698 linum.-

1412 717 1639 753 Prohibetur
1668 716 1781 752 etiam
1811 716 1915 764 quod
1945 716 2081 752 mulier
2109 727 2186 752 non
2221 723 2379 763 usurpet
2406 714 2476 750 sibi

1413 769 1638 815 doctrinam,
1658 769 1721 805 vel
1741 769 1812 805 alia
1826 768 1995 805 virorum
2029 769 2175 813 officia;
2205 769 2266 804 vel
2285 773 2319 795 ὙΥ
2337 767 2397 805 vir
2412 767 2476 804 de-

1413 823 1523 859 clinet
1550 822 1599 858 ad
1626 821 1800 857 mollities
1829 822 2042 858 mulierum.

1466 877 1526 912 AD
1554 886 1735 911 sap‘rmum
1756 885 1940 911 mensuum
1959 875 2080 923 quod,
2103 874 2197 911 sicut
2219 874 2477 921 Hieronymus

1414 928 1512 974 dicit,
1531 940 1644 976 super
1662 928 1799 963 Matth.
1815 927 1847 973 ¹¹⁶,
1868 928 2056 964 Dominus
2074 927 2179 964 iussit
2198 933 2237 963 ut
2255 927 2292 963 in
2313 932 2478 975 quatuor

1412 981 1564 1031 angulis
1586 980 1793 1029 palliorum
1811 980 2074 1028 hyacinthinas
2087 980 2269 1028 fimbrias
2284 982 2477 1027 facerent,

1413 1035 1464 1071 ad
1479 1034 1662 1083 populum
1683 1033 1804 1069 Israel
1821 1033 2116 1081 dignoscendum
2143 1034 2191 1069 ab
2209 1033 2293 1069 aliis
2313 1032 2475 1081 populis.

1413 1087 1524 1125 Unde
1544 1099 1613 1135 per
1640 1087 1714 1122 hoc
1742 1097 1782 1122 se
1812 1097 1896 1121 esse
1926 1086 2088 1122 Iudaeos
2115 1086 2410 1134 profitebantur:
2441 1092 2478 1121 et

1412 1140 1499 1177 ideo
1528 1152 1596 1188 per
1625 1146 1820 1187 aspectum
1851 1138 1962 1174 huius
1980 1138 2075 1186 signi
2094 1138 2370 1175 inducebantur
2387 1136 2416 1160 ⁶⁸
2438 1138 2476 1175 in

1414 1193 1641 1230 memoriam
1658 1204 1748 1228 suae
1769 1191 1870 1238 legis.

1418 1245 1422 1250 “
1467 1246 1584 1293 Quod
1604 1253 1731 1282 autem
1753 1244 1898 1290 dicitur,
1923 1258 1941 1276 «
1956 1243 2109 1290 Ligabis
2130 1255 2175 1279 ea
2204 1243 2240 1279 in
2262 1255 2381 1280 manu
2398 1251 2476 1291 tua,

1415 1307 1451 1336 et
1466 1306 1574 1336 erunt
1593 1309 1745 1346 semper
1760 1305 1847 1333 ante
1866 1297 2000 1333 oculos
2020 1303 2106 1332 tuos
2116 1311 2150 1333 ».
2166 1296 2366 1332 Pharisaei
2378 1296 2479 1333 male

1414 1352 1765 1400 interpretabantur,
1784 1350 1984 1386 scribentes
2012 1349 2049 1386 in
2078 1349 2310 1386 membranis
2331 1349 2478 1385 decalo-

1412 1417 1507 1455 gum
1523 1404 1666 1452 Moysi,
1682 1409 1718 1440 et
1729 1403 1903 1452 ligabant
1928 1415 1964 1439 m
1973 1403 2126 1450 fronte
2147 1402 2257 1450 quasi
2281 1412 2477 1447 coronam,

1415 1464 1455 1494 ut
1471 1464 1558 1495 ante
1576 1457 1702 1494 oculos
1730 1461 1972 1492 moverentur
1989 1460 2033 1491 ⁸²:
2063 1466 2151 1491 cum
2170 1462 2299 1491 tamen
2320 1454 2478 1491 intentio

1414 1511 1570 1548 Domini
1599 1508 1815 1546 mandantis
1843 1509 1953 1545 fuerit
1979 1516 2020 1544 ut
2049 1508 2253 1556 ligarentur
2280 1508 2318 1544 in
2347 1519 2476 1554 manu,

1413 1564 1510 1601 idest
1538 1564 1576 1600 in
1603 1562 1846 1611 operatione;
1876 1569 1913 1598 et
1940 1568 2066 1598 essent
2093 1568 2180 1597 ante
2208 1562 2360 1607 oculos,
2382 1560 2479 1597 idest

1413 1617 1450 1654 in
1470 1617 1727 1654 meditatione.
1757 1616 1798 1652 ln
1825 1614 2078 1663 hyacinthinis
2107 1614 2233 1650 etiam
2246 1614 2358 1660 vittis,
2378 1625 2478 1661 quae

1413 1670 1534 1719 palliis
1553 1670 1825 1715 inserebantur,
1851 1667 2082 1715 significatur
2111 1667 2280 1703 caelestis
2307 1666 2477 1713 intentio,

1414 1735 1512 1772 quae
1546 1723 1724 1759 omnibus
1749 1721 1927 1769 operibus
1951 1719 2089 1756 nostris
2123 1719 2237 1756 debet
2269 1718 2433 1767 adiungi.
2450 1736 2478 1747 -

1415 1777 1546 1813 Potest
1578 1784 1703 1811 tamen
1733 1774 1806 1811 dici
1834 1773 1955 1823 quod,
1985 1773 2076 1832 quia
2102 1773 2268 1832 populus
2305 1772 2365 1809 ille
2401 1780 2480 1808 car-

1415 1829 1509 1866 nalis
1547 1836 1626 1865 erat
1654 1835 1689 1864 et
1717 1828 1834 1864 durae
1863 1826 2042 1872 cervicis,
2073 1825 2240 1874 oportuit
2268 1825 2383 1862 etiam
2411 1834 2481 1874 per

1415 1881 1635 1919 huiusmodi
1673 1880 1862 1917 sensibilia
1892 1891 1958 1916 eos
1993 1879 2042 1916 ad
2070 1878 2160 1926 legis
2195 1878 2480 1916 observantiam

1416 1935 1578 1972 excitari.
2461 1944 2477 1955 ·=

1467 1990 1526 2024 An
1555 1998 1727 2024 ocrAvuM
1756 1997 1940 2023 DICENDUM
1976 1985 2080 2034 quod
2118 1985 2276 2022 affectus
2312 1982 2480 2021 hominis

1416 2049 1472 2077 est
1500 2041 1656 2089 duplex:
1695 2051 1794 2076 unus
1832 2038 1988 2087 quidem
2021 2039 2235 2075 secundum
2270 2036 2479 2083 rationem3

1415 2094 1508 2130 alius
1526 2106 1621 2130 vero
1642 2092 1853 2129 secundum
1874 2091 2105 2141 passionem.
2128 2090 2351 2128 Secundum
2371 2089 2483 2138 igitur

1415 2146 1594 2184 affectum
1633 2145 1808 2192 rationis,
1847 2157 1926 2182 non
1964 2145 2075 2181 refert
2103 2144 2194 2193 quid
2222 2144 2343 2180 homo
2381 2142 2485 2179 circat

1414 2201 1524 2236 bruta
1561 2198 1736 2236 animalia
1765 2206 1870 2246 agat:
1900 2198 1989 2246 quia
2022 2197 2173 2243 omnia,
2191 2204 2279 2234 sunt
2310 2195 2481 2233 subiecta

1415 2253 1495 2290 eius
1514 2252 1690 2301 potestati
1705 2264 1726 2288 a
1742 2253 1839 2298 Deo,
1856 2251 2070 2288 secundum
2094 2250 2186 2287 illud
2208 2249 2351 2286 Psalmi
2366 2260 2427 2286 vm
2441 2248 2481 2285 *ι

2596 609 2626 642 β3

2596 776 2628 802 ΥΤ

2504 940 2601 989 '‘j-(5229,5
2601 946 2659 962 xxm
2665 957 2671 967 ,

2506 2262 2514 2270 “
2530 2259 2596 2282 ven.
2611 2259 2635 2282 8.

1419 2306 1554 2343 Omnia
1582 2305 1768 2341 subiecisti
1792 2305 1862 2341 sub
1884 2304 2043 2352 pedibus
2070 2304 2160 2340 eius.
2191 2303 2241 2340 Et
2265 2301 2480 2339 secundum
2535 2305 2538 2307 ’

1413 2360 1489 2396 hoc
1516 2359 1723 2406 Apostolus
1760 2357 1848 2394 dicit
1880 2357 1986 2405 quod
2015 2368 2089 2393 non
2118 2362 2171 2393 est
2197 2367 2293 2392 cura
2321 2356 2405 2392 Deo
2433 2354 2481 2391 de

1414 2413 1552 2449 bobus:
1582 2411 1670 2460 quia
1698 2412 1804 2447 Deus
1832 2422 1911 2447 non
1939 2409 2095 2457 requirit
2122 2410 2171 2446 ab
2192 2408 2358 2445 ‘homine
2386 2407 2479 2456 quid

1415 2465 1512 2502 circa
1541 2465 1662 2500 boves
1690 2470 1787 2511 agat,
1815 2464 1878 2500 vel
1908 2463 2006 2500 circa
2035 2462 2106 2499 alia
2135 2461 2326 2498 animalia.

1468 2518 1665 2564 Quantum
1685 2529 1779 2553 vero
1803 2516 1853 2553 ad
1882 2515 2061 2552 affectum
2080 2514 2280 2563 passionis,
2301 2519 2480 2550 movetur

1415 2571 1573 2607 affectus
1599 2569 1763 2606 hominis
1793 2569 1906 2606 etiam
1935 2568 2034 2605 circa
2061 2567 2133 2604 alia
2161 2566 2360 2604 animalia:
2389 2565 2479 2614 quia

1415 2624 1516 2661 enirn
1545 2623 1670 2672 passio
1700 2621 1983 2659 misericordiae
2016 2620 2207 2668 consurgit
2235 2631 2280 2656 ex
2309 2618 2479 2656 afflictio-

1415 2677 1527 2714 nibus
1551 2676 1725 2722 aliorum,
1747 2674 1925 2722 contingit
1944 2682 2073 2711 autern
2094 2673 2208 2710 etiam
2224 2671 2250 2698 α
2270 2673 2379 2708 bruta
2398 2671 2478 2708 ani-

1415 2729 1527 2766 malia
1555 2741 1700 2777 poenas
1734 2728 1887 2774 sentire,
1916 2735 2042 2776 potest
2069 2726 2106 2763 in
2134 2725 2294 2763 homine
2323 2736 2481 2762 consur-

1414 2794 1501 2831 gere
1521 2782 1804 2818 misericordiae
1828 2757 1986 2818 aff⁷ectus
2005 2780 2119 2816 etiam
2139 2779 2236 2816 circa
2256 2777 2481 2815 afflictiones

1415 2835 1649 2873 animalium.
1672 2834 1896 2871 Proximum
1916 2841 2044 2870 autem
2062 2840 2118 2870 est
2135 2840 2177 2869 ut
2199 2831 2265 2880 qui
2286 2838 2481 2868 exercetur

1415 2889 1454 2926 in
1481 2887 1619 2925 affectu
1647 2887 1929 2924 misericordiae
1959 2885 2057 2923 circa
2085 2884 2274 2931 animalia,
2294 2883 2414 2932 magis
2434 2893 2479 2920 ex

1414 2943 1488 2978 hoc
1517 2941 1741 2989 disponatur
1773 2941 1820 2977 ad
1854 2939 2034 2976 affectum
2073 2937 2353 2976 misericordiae
2382 2937 2484 2974 circa

1415 2994 1611 3031 homines:
1648 2993 1750 3030 unde
1780 2992 1914 3030 dicitur
1945 2993 2058 3029 Prov.
2078 3003 2127 3028 xn
2145 2990 2181 3028 *ε
2210 2990 2331 3028 Novit
2365 2989 2481 3027 iustus

1416 3048 1564 3084 animas
1596 3047 1847 3083 iumentorum
1879 3057 2059 3089 suorum,·
2085 3045 2231 3082 viscera
2257 3048 2384 3080 autem
2413 3043 2481 3080 im·

1411 3101 1564 3149 piorum
1592 3099 1769 3136 crudelia.
1807 3099 1856 3135 Et
1883 3098 1970 3136 ideo
2004 3105 2045 3134 ut
2077 3097 2267 3134 Dominus
2294 3097 2480 3155 populum

1418 3153 1625 3200 Iudaicum,
1643 3152 1692 3189 ad
1721 3151 1980 3189 crudelitatem
2001 3162 2179 3210 pronum,
2200 3149 2249 3187 ad
2269 3148 2482 3186 misericor·

303 3206 446 3243 lierum.
469 3229 491 3234 -
512 3208 595 3244 Alia
615 3208 709 3244 ratio
730 3216 786 3245 est
805 3208 852 3245 ad
874 3207 1136 3245 declinandam
1161 3207 1360 3244 luxuriam.
1417 3206 1519 3243 diam
1549 3213 1756 3251 revocaret,
1777 3204 1897 3242 voluit
1926 3216 1992 3241 eos
2013 3203 2176 3240 exerceri
2200 3203 2248 3240 ad
2271 3201 2480 3239 misericor-

356 3317 383 3351 ψ)
404 3326 477 3350 quae.
495 3333 514 3338 —
532 3320 608 3351 quasi
626 3320 802 3352 AEGleBH,
822 3321 884 3352 quia
904 3321 954 3346 CF.

355 3354 387 3383 ω)
407 3361 424 3378 α
443 3354 542 3385 quinto.
560 3368 578 3374 ·-
597 3355 688 3386 quinto
709 3355 754 3380 Pa.

356 3389 401 3419 αα)
420 3389 554 3421 confectis.
573 3403 590 3407 —
608 3391 741 3414 contextis
761 3391 806 3415 Pa.

357 3422 398 3455 ββ)
419 3424 591 3448 innocentiae.
610 3438 627 3442 —
645 3429 671 3449 et
689 3425 855 3450 innocentiae
881 3426 917 3450 Ρα
941 3432 966 3450 et
985 3427 1101 3456 codices;
1122 3434 1168 3459 pro
1188 3426 1317 3456 malitiae,
1338 3430 1364 3452 et

304 3458 422 3483 malitiae
440 3458 540 3486 PGKas
559 3459 669 3484 Ianam.
676 3461 852 3493 ..figuratur
866 3468 918 3492 per
936 3469 988 3485 om.
1009 3461 1038 3486 C.

356 3494 398 3527 γγ)
419 3494 466 3519 vel.
487 3507 504 3512 -
523 3500 554 3518 ne
572 3494 602 3522 Κ,
622 3494 662 3518 vel
681 3502 712 3519 ne
731 3495 758 3519 P.

1471 3319 1510 3352 ὃὸ)
1525 3320 1758 3345 inducebantur.·-
1771 3319 1966 3344 reducebantur
1979 3318 2011 3350 Ἐς
2031 3321 2057 3344 et
2071 3318 2156 3344 ideo..
2158 3317 2372 3343 .inducebantur
2385 3322 2437 3339 om.
2449 3314 2478 3340 E.

1470 3364 1494 3380 εε
1497 3356 1505 3387 )
1526 3359 1703 3380 moverentur.
1722 3369 1736 3374 -
1759 3355 1927 3380 intuerentur
1946 3354 1981 3384 Κ,
2002 3356 2153 3379 moveretur
2168 3353 2196 3378 Ρ.
2213 3365 2232 3372 -
2250 3350 2302 3377 Pro
2321 3351 2478 3384 Iigarentur,

1417 3392 1591 3424 signarentur
1610 3391 1638 3416 Ρ.

1469 3425 1510 3458 ζζ)
1529 3429 1618 3450 autem
1642 3426 1732 3450 etiam.
1749 3439 1768 3444 -
1785 3428 1874 3450 autem
1894 3424 1927 3453 F,
1951 3423 2030 3449 etiam
2057 3423 2133 3449 ceteri
2157 3427 2183 3447 et
2199 3429 2232 3451 a,·
2251 3426 2310 3454 post
2327 3423 2418 3452 potest
2440 3420 2478 3445 εΗ

1418 3462 1486 3487 addit
1504 3465 1603 3486 autem.

2508 3006 2515 3014 ·
2531 3003 2598 3026 Vere.
2613 3009 2646 3025 ιο.
