2840 4010
126 1370 136 1380 ⁸
151 1370 175 1390 in
193 1371 292 1397 peccato
311 1375 337 1390 u-

128 1398 211 1423 troque
232 1398 254 1417 et
275 1396 291 1416 P
315 1399 337 1417 et

127 1422 163 1443 ed.
179 1428 232 1450 ¹5¹4·

127 2297 136 2308 '⁵
147 2297 181 2319 Cf.
192 2303 255 2319 num.
263 2302 338 2324 praec.

130 2696 139 2703 ·
156 2694 191 2715 Cf.
203 2700 268 2715 num.
282 2700 314 2715 vi.

136 3371 143 3378 ·
160 3369 186 3390 In
205 3368 347 3390 editionibus

137 3395 246 3417 nonnussa

136 3421 215 3443 desid
225 3424 332 3443 ernntur
342 3437 347 3447 ,

137 3447 195 3469 forte
206 3448 260 3469 haec
270 3447 305 3468 vel
317 3447 349 3469 si-

137 3474 212 3495 milia:
233 3475 348 3501 impuram

137 3500 273 3552 gnalitatem
279 3500 348 3527 signi·

278 3394 347 3416 verba

363 206 416 253 ριο
1028 194 1291 241 QUAESTIO
1322 194 1459 239 LXXI,
1489 194 1783 232 ARTICULUS
1811 197 1861 233 VI

128 277 230 324 gart-¹5¹,
246 276 337 298 Comm.
366 284 419 314 qu.
435 284 508 304 xvnr
524 274 540 292 *
562 274 667 310 habes,
693 274 814 304 malum
837 274 1007 314 aequivoce
1032 273 1143 302 dicitur
1166 272 1204 301 de
1229 272 1313 301 malo
1334 272 1422 301 abso-

366 318 440 353 lute,
458 324 487 348 et
506 318 544 348 de
560 318 644 347 malo
664 317 792 348 morali:
818 317 971 357 quoniam
995 316 1115 345 malum
1140 315 1283 345 absolute
1298 321 1344 345 est
1359 315 1422 346 for-

366 362 488 392 maliter
511 361 628 392 nullius
643 368 780 397 naturae,
798 361 851 391 sed
868 360 999 400 privatio
1016 366 1046 389 et
1061 359 1154 394 nihil;
1179 359 1301 389 malum
1315 365 1423 389 autem

367 406 485 435 morale
510 412 555 435 est
577 405 750 435 multarum
769 412 961 438 naturarum,
979 402 1059 432 sicut
1074 403 1163 432 color
1182 409 1212 433 et
1227 400 1285 433 alia
1299 413 1421 443 genera.

366 449 487 479 Vitium
511 449 596 479 enim
619 447 875 488 intemperantiae
899 445 1070 476 formaliter
1093 452 1139 476 est
1162 456 1225 476 una
1249 447 1366 487 species
1389 447 1422 477 in

366 503 471 522 rerum
494 499 619 527 natura;
644 499 674 522 et
697 491 837 521 similiter
860 496 945 519 actus
970 489 1226 529 intemperantiae
1251 490 1423 522 formaliter

366 543 411 566 est
435 537 575 576 operatio
600 536 631 565 in
656 542 737 565 certa
752 534 854 574 specie
874 533 1026 573 positiva;
1050 533 1135 564 idem
1160 534 1245 565 enirn
1269 535 1422 566 iudicium

366 587 412 610 est
440 581 477 610 de
505 578 742 618 intemperantia
772 577 923 607 habituali
952 583 982 607 et
1005 577 1132 614 actuali,
1157 579 1264 619 quoad
1287 579 1358 610 hoc.
1382 580 1423 610 Et

365 624 519 664 quoniam
538 623 590 652 illa
609 622 730 657 vitium,
748 621 824 651 haec
843 627 1007 660 peccatum
1032 628 1093 658 est,
1118 621 1189 652 ideo
1214 633 1297 659 cave,
1314 623 1347 653 in
1363 629 1422 653 tra-

366 674 448 697 ctatu
474 668 511 696 de
534 666 615 696 vitiis
632 672 662 695 et
681 665 824 704 peccatis,
842 675 881 695 ne
898 674 978 695 erres
1001 665 1034 695 in
1057 666 1222 707 principio,
1247 674 1362 707 putans
1377 667 1422 696 vi-

365 711 445 741 tium
473 717 502 740 et
530 716 694 749 peccatum
722 709 835 739 habere
865 715 990 739 tantum
1018 709 1172 740 rationem
1200 711 1275 740 mali
1303 711 1422 740 ratione

364 753 555 793 privationis.
574 753 709 793 Oportet
724 762 862 793 namque
877 753 978 783 dicere
991 755 1078 794 quod
1094 761 1258 793 peccatum
1275 761 1320 784 est
1337 761 1422 784 actus

365 798 466 827 malus
495 797 673 837 dupliciter,
698 797 814 828 scilicet
837 797 1003 833 contrarie,
1029 805 1059 828 et
1081 798 1243 837 privative:
1269 798 1422 838 intempe-

363 841 463 871 rantia
482 841 566 871 enim
590 848 637 871 est
659 847 746 872 actus
765 841 868 872 malus
885 841 1047 877 contrarie,
1064 851 1121 881 pro
1138 849 1257 881 quanto
1275 849 1320 872 est
1335 849 1423 872 actus

363 886 480 915 habens
505 885 697 916 contrarium
718 885 876 915 obiectum
894 884 1025 915 formale
1043 885 1166 915 obiecto
1182 885 1421 926 temperantiae;

364 936 410 959 est
432 940 506 960 vero
531 936 618 962 actus
642 929 744 959 malus
767 929 926 969 privative,
952 939 1010 968 pro
1038 936 1158 969 quanto
1182 936 1228 959 est
1251 936 1337 959 actus
1362 931 1423 970 pri-

363 980 452 1003 vatus
476 973 660 1004 rectitudine
684 983 782 1013 quam
805 973 930 1003 deberet
952 973 1075 1003 habere.

419 1018 476 1048 Est
498 1025 605 1048 autern
627 1017 707 1047 inter
734 1017 789 1046 has
810 1017 887 1046 duas
911 1016 985 1046 mali
1014 1016 1150 1046 rationes
1174 1023 1259 1047 tanta
1282 1017 1422 1048 differen-

364 1062 416 1098 tia,
441 1063 529 1102 quod
553 1062 664 1102 prima,
689 1067 724 1091 ut
747 1061 867 1090 dictum
890 1060 957 1095 fuit,
982 1067 1028 1090 est
1044 1070 1091 1090 res
1106 1061 1262 1101 quaedam
1277 1061 1422 1101 positiva,

365 1113 395 1136 et
418 1116 436 1136 a
458 1106 537 1142 Deo,
563 1112 636 1136 etc.:
662 1105 799 1135 secunda
827 1111 872 1134 est
900 1104 1047 1144 privatio,
1073 1111 1118 1135 est
1147 1104 1237 1141 nihil,
1263 1112 1293 1135 et
1315 1115 1381 1135 non
1406 1116 1423 1135 a

364 1150 443 1180 Deo.
476 1150 580 1180 Prima
603 1158 733 1190 quoque
757 1155 803 1178 est
830 1148 916 1188 prior
943 1148 1125 1178 naturaliter
1148 1149 1299 1185 secunda,
1325 1156 1356 1180 et
1379 1157 1424 1180 est

364 1194 608 1224 fundamentum
627 1193 707 1223 eius:
733 1192 821 1232 quod
841 1201 936 1222 omne
953 1198 1117 1232 peccatum
1137 1199 1183 1222 est
1198 1199 1285 1223 actus
1302 1200 1423 1224 contra—

363 1238 427 1268 rius
451 1238 543 1268 alicui
567 1237 689 1272 virtuti,
714 1242 744 1266 et
759 1236 798 1265 ad
815 1235 1000 1266 huiusmodi
1016 1236 1266 1266 contrarietatem
1283 1237 1424 1278 sequitur

363 1282 496 1321 privatio
521 1281 640 1311 debitae
663 1279 865 1310 rectitudinis.
890 1279 995 1309 Prima
1017 1289 1124 1310 rursus
1146 1287 1263 1319 spectat
1285 1281 1324 1311 ad
1349 1291 1422 1311 con-

363 1326 556 1356 versionem:
582 1324 718 1355 secunda
741 1330 847 1354 autem
864 1323 902 1352 ad
918 1323 1114 1354 aversionem
1126 1323 1286 1355 inventam
1302 1325 1335 1355 in
1351 1335 1423 1365 pec-

365 1377 444 1400 cato.
459 1370 598 1409 Utraque
614 1368 708 1399 etiam
719 1367 736 1386 *
747 1374 878 1398 vocatur
894 1367 1098 1405 inordinatio,
1117 1368 1170 1398 sed
1183 1368 1285 1408 prima
1301 1376 1422 1400 contra-

363 1414 417 1450 rie,
442 1414 579 1443 secunda
602 1411 769 1452 privative:
795 1411 953 1452 quamvis,
979 1411 1094 1442 usitato
1118 1413 1275 1443 vocabulo
1292 1423 1365 1443 cum
1385 1414 1422 1444 de

363 1465 492 1498 peccato
509 1464 554 1487 est
569 1455 749 1496 disputatio,
771 1455 973 1491 inordinatio,
991 1455 1183 1492 deformitas,
1199 1456 1326 1493 malitia,
1344 1457 1422 1488 ratio

364 1501 449 1538 mali,
474 1508 504 1532 et
527 1501 552 1531 si
576 1501 653 1541 quid
677 1507 723 1530 est
746 1499 941 1535 huiusmodi,
966 1499 1116 1539 privative
1140 1507 1305 1531 sumantur
1325 1501 1358 1531 in
1374 1502 1422 1532 lit-

365 1553 438 1576 tera.
463 1546 546 1585 Ergo
571 1555 644 1575 cum
668 1544 781 1574 dicitur
803 1544 891 1584 quod
915 1550 1079 1583 peccatum
1100 1551 1146 1574 est
1161 1551 1248 1575 actus
1263 1544 1423 1576 humanus

366 1591 478 1626 malus,
504 1588 640 1628 intellige
664 1588 752 1629 quod
776 1588 878 1618 malus
895 1594 924 1618 et
938 1587 1135 1618 inordinatus
1150 1595 1286 1629 utroque
1305 1590 1422 1620 modo:

363 1641 531 1673 utramque
555 1633 640 1663 enim
658 1632 926 1662 inordinationem
941 1631 1034 1662 habet
1057 1638 1144 1662 actus
1169 1642 1204 1662 ex
1227 1633 1423 1664 incommen-

364 1678 522 1708 suratione
547 1677 586 1707 ad
610 1686 700 1707 suam
716 1676 871 1716 regulam,
898 1685 972 1705 nam
987 1675 1254 1707 inordinationem
1270 1678 1423 1708 contrarie

363 1722 457 1752 habet
474 1732 510 1751 ex
525 1721 660 1756 obiecto,
685 1721 773 1760 quod
790 1726 835 1750 est
850 1719 968 1760 aliquid
992 1720 1167 1760 appetitum
1192 1720 1356 1752 dissonans
1377 1732 1423 1752 re-

363 1766 468 1806 gulae;
486 1772 516 1795 et
531 1775 567 1795 ex
587 1765 648 1794 hoc
665 1764 832 1795 comitatur
847 1763 1038 1794 inordinatio
1055 1764 1215 1804 privative,
1228 1765 1303 1805 quia
1315 1775 1351 1796 ex
1362 1766 1424 1797 hoc

364 1816 452 1840 actus
475 1809 614 1849 privatur
636 1808 819 1839 rectitudine
835 1808 970 1847 regulae,
988 1818 1051 1848 qua
1071 1808 1196 1839 deberet
1213 1808 1385 1842 informari.
1402 1828 1423 1833 -

365 1854 406 1884 Et
421 1854 482 1884 hoc
498 1854 576 1884 bene
593 1859 677 1888 nota,
695 1859 725 1882 et
740 1852 800 1891 fige
816 1852 924 1887 menti,
949 1851 974 1881 si
989 1851 1036 1881 vis
1052 1854 1224 1883 Auctorem
1241 1853 1422 1894 intelligere,

365 1905 395 1928 et
418 1898 443 1928 si
465 1897 511 1927 vis
535 1897 778 1927 contradictores
802 1895 996 1926 convincere.
1027 1896 1160 1926 Naturas
1187 1897 1337 1928 vitiorum
1365 1908 1423 1938 op-

365 1951 466 1982 pone:
491 1948 521 1972 et
540 1951 614 1971 cum
630 1940 789 1980 oportebit
807 1939 895 1970 fateri
911 1940 984 1970 vitia
1001 1950 1066 1970 esse
1083 1950 1155 1970 vere
1178 1942 1346 1972 contran'as
1370 1953 1423 1972 na-

365 1993 449 2016 turas
473 1985 624 2026 positivas
646 1984 813 2015 virtutibus
837 1983 869 2014 in
892 1993 1004 2023 genere
1028 1984 1196 2025 qualitatiS,
1222 1991 1252 2016 et
1271 1986 1424 2016 contraria

365 2030 427 2061 sint
450 2029 622 2060 formaliter
645 2028 808 2064 contraria,
834 2034 986 2068 cogentur
1008 2028 1092 2058 idem
1117 2028 1218 2059 dicere
1242 2029 1280 2060 de
1303 2030 1423 2061 actibus

366 2084 478 2105 eorum
501 2073 689 2109 formaliter,
714 2082 751 2102 ex
778 2072 893 2113 quibus
916 2079 1104 2112 generantur
1127 2079 1157 2103 et
1179 2083 1262 2114 quos
1285 2074 1421 2105 eliciunt.

420 2119 472 2149 IV.
490 2118 526 2148 In
549 2117 662 2147 eodem
686 2117 828 2152 articulo,
853 2116 1006 2157 quoniam
1029 2116 1071 2146 ibi
1096 2116 1208 2147 dicitur
1228 2118 1317 2158 quod
1338 2118 1422 2149 inor-

366 2162 483 2192 dinatio
509 2168 554 2191 est
569 2162 662 2202 quasi
671 2160 818 2201 formale
842 2162 873 2190 in
891 2165 1034 2200 peccam,
1053 2167 1082 2191 et
1098 2167 1184 2191 actus
1201 2161 1361 2192 humanus
1377 2169 1423 2193 est

366 2207 458 2246 quasi
480 2206 664 2236 materiale:
688 2204 822 2236 dubitari
846 2211 959 2244 potest,
977 2204 1091 2244 primo,
1113 2205 1150 2235 de
1167 2215 1260 2236 sensu
1284 2205 1419 2243 litterae;

366 2250 516 2286 secundo,
534 2250 571 2280 de
587 2259 630 2280 re.
647 2250 694 2279 De
715 2259 808 2279 sensu
825 2249 965 2288 quidem,
982 2258 1022 2278 an
1038 2249 1188 2290 loquatur
1203 2250 1241 2280 de
1264 2249 1422 2280 inordina-

365 2295 450 2325 tione
474 2300 607 2334 utraque
622 2293 654 2323 *:
681 2304 720 2323 an
740 2293 778 2323 de
794 2293 889 2323 altera
905 2299 1038 2329 tantum,
1060 2293 1175 2324 scilicet
1198 2294 1358 2334 privativa.
1382 2295 1423 2325 Et

366 2338 508 2369 similiter
531 2348 586 2378 per
600 2338 808 2368 substantiam
833 2342 934 2374 actus,
951 2347 990 2366 an
1014 2337 1167 2377 intelligat
1186 2345 1292 2368 actum
1314 2338 1421 2378 ipsum

366 2383 398 2413 in
413 2392 524 2422 genere
548 2388 690 2412 naturae:
708 2391 747 2411 an
763 2381 858 2411 etiam
877 2381 1052 2411 secundum
1069 2382 1205 2422 speciem
1222 2382 1386 2413 moralem.
1401 2400 1422 2406 -

367 2427 428 2457 Sed
444 2427 519 2457 haec
543 2426 696 2466 quaestio,
713 2425 788 2466 quia
804 2425 842 2455 de
865 2425 966 2455 verbis
990 2432 1020 2455 et
1037 2426 1075 2455 de
1098 2426 1190 2456 rebus
1210 2433 1341 2462 constat,
1357 2436 1423 2456 non

368 2471 473 2510 magni
497 2470 637 2500 facienda
661 2476 715 2500 est.
732 2468 890 2500 Verificari
916 2479 1053 2510 namque
1076 2477 1180 2509 potest
1203 2471 1241 2500 de
1265 2470 1422 2501 inordina-

367 2515 453 2546 tione
477 2521 609 2554 utraque
626 2514 714 2554 quod
739 2521 783 2544 est
807 2513 896 2554 quasi
921 2513 1053 2543 formale
1076 2514 1108 2543 in
1131 2521 1275 2554 peccato;
1301 2522 1332 2546 et
1350 2516 1422 2545 sub-

368 2559 479 2589 stantia
503 2565 589 2588 actus
605 2558 774 2588 voluntarii
794 2558 825 2587 in
849 2567 961 2597 genere
984 2564 1121 2594 naturae,
1140 2565 1175 2588 ut
1198 2558 1366 2589 materiale.
1383 2559 1424 2589 Et

367 2613 475 2633 rursus
505 2602 654 2633 verificari
683 2608 788 2642 potest
815 2602 902 2642 quod
932 2602 1105 2632 substantia
1135 2609 1221 2633 actus
1251 2602 1285 2632 in
1311 2612 1423 2643 genere

367 2653 497 2677 naturae
514 2653 543 2676 et
567 2646 673 2681 moris,
691 2653 737 2677 est
760 2652 795 2676 ut
811 2645 984 2682 materiale;
1010 2653 1040 2676 et
1062 2645 1254 2677 inordinatio
1274 2646 1424 2687 privative

368 2698 415 2721 est
430 2697 466 2721 ut
481 2690 627 2726 formale;
641 2697 676 2720 ut
692 2700 728 2720 ex
744 2689 882 2720 dicendis
893 2689 911 2708 *
927 2689 1038 2720 clarius
1054 2697 1149 2729 patet.
1161 2690 1305 2721 Secunda
1319 2697 1424 2721 tamen

369 2734 522 2775 expositio
548 2734 646 2773 magis
669 2734 792 2765 videtur
814 2733 984 2764 litteraliter
1007 2734 1135 2765 intenta.

424 2779 463 2810 V.
480 2779 527 2809 De
550 2788 583 2808 re
606 2778 699 2818 igitur
722 2778 789 2818 ipsa
814 2778 946 2808 dubium
971 2785 1025 2814 est,
1043 2788 1124 2818 quae
1148 2778 1284 2809 duarum
1306 2778 1425 2809 inordi-

369 2823 537 2853 nationum
560 2822 599 2852 sit
622 2822 720 2862 magis
745 2823 782 2852 de
806 2822 927 2852 ratione
951 2822 1078 2861 peccati,
1097 2832 1135 2852 an
1158 2822 1350 2853 inordinatio
1368 2832 1425 2862 po-

369 2867 467 2903 sitiva,
485 2877 526 2896 an
540 2866 730 2896 inordinatio
746 2865 906 2906 privativa.
924 2866 964 2896 Et
984 2866 1045 2896 hoc
1061 2873 1107 2896 est
1122 2866 1206 2896 idem
1227 2867 1315 2907 quod
1331 2876 1426 2908 quae-

369 2921 434 2942 rere
458 2911 536 2951 quid
559 2917 606 2940 est
628 2910 727 2949 magis
755 2910 793 2940 de
824 2910 944 2941 ratione
971 2910 1105 2950 peccati,
1130 2910 1249 2940 aversio
1277 2911 1327 2941 vel
1350 2920 1426 2941 con-

369 2955 482 2985 versio.
506 2954 642 2995 Oportet
669 2954 754 2984 enim
777 2953 842 2989 hic,
866 2954 920 2984 ubi
948 2954 1025 2994 quid
1053 2960 1099 2984 est
1121 2961 1286 2993 peccatum
1314 2954 1424 2985 funda-

370 3009 458 3035 mus,
483 2998 601 3039 peccati
630 2998 838 3039 quidditatem
866 2997 1028 3037 diligenter
1050 2998 1248 3038 investigare:
1273 2998 1426 3039 quoniam

370 3042 682 3083 principium'omnis
702 3041 847 3072 scientiae
865 3049 910 3072 est
926 3042 1010 3082 quod
1026 3042 1102 3082 quid
1117 3047 1172 3072 est.
1187 3043 1228 3072 Et
1247 3042 1325 3073 scito
1338 3043 1427 3083 quod

371 3097 436 3117 non
460 3086 541 3116 facio
566 3085 781 3117 difficultatem
805 3086 837 3116 in
851 3092 1054 3126 peccatorum
1078 3086 1261 3116 nominibus
1280 3086 1426 3127 propriis,

372 3137 448 3169 puta
472 3131 726 3171 intemperantia,
744 3131 913 3167 iniustitia,
937 3129 987 3159 vel
1010 3130 1188 3166 communi,
1213 3136 1290 3170 puta
1313 3131 1425 3170 culpa,

367 3179 553 3213 peccatum:
575 3174 730 3215 quoniam
754 3180 834 3204 esset
857 3173 1000 3214 quaestio
1021 3183 1086 3203 non
1103 3173 1141 3203 de
1164 3174 1256 3204 rebus
1275 3174 1427 3210 absolute,

374 3218 427 3247 sed
451 3224 486 3247 ut
510 3218 722 3257 significantur
745 3219 804 3249 sub
827 3217 1005 3254 vocabulis,
1029 3223 1060 3248 et
1087 3217 1200 3248 rediret
1222 3217 1365 3258 quaestio
1390 3218 1429 3247 de

373 3261 565 3291 nominibus
583 3262 662 3292 Dico
687 3269 793 3293 autern
817 3262 887 3298 hoc,
908 3271 947 3292 ne
971 3261 1042 3303 quis
1057 3268 1167 3301 arguat
1190 3271 1226 3292 ex
1249 3262 1310 3292 hoc
1329 3262 1428 3303 quod,

375 3304 454 3335 sicut
477 3305 582 3334 album
605 3316 716 3345 puram
733 3306 915 3347 qualitatem
935 3305 1095 3346 significat,
1120 3305 1162 3336 ita
1179 3306 1298 3336 malum
1315 3315 1429 3346 puram

375 3348 536 3384 malitiam,
555 3355 584 3378 et
600 3355 766 3388 peccatum
785 3360 897 3390 puram
921 3349 1138 3390 privationem.
1156 3349 1187 3380 Si
1212 3350 1297 3381 enim
1321 3360 1357 3380 ex
1372 3359 1429 3379 no-

375 3392 499 3422 minum
516 3392 792 3432 significationibus
810 3394 980 3433 arguimus,
995 3394 1150 3424 iniustitia
1169 3394 1341 3432 actualis*,
1355 3403 1429 3424 con-

375 3435 465 3466 trarie
485 3436 640 3466 sumendo
663 3436 695 3476 ly
712 3438 868 3476 impuram
886 3438 1080 3478 qualitatem.
1099 3438 1196 3478 Igitur
1215 3444 1246 3469 et
1262 3438 1305 3469 sic
1329 3448 1429 3478 oppo-

375 3479 448 3510 sitas
463 3479 615 3510 habemus
631 3480 904 3511 determinationes
921 3482 959 3511 de
973 3491 1085 3522 genere
1102 3488 1132 3512 et
1143 3481 1324 3522 speciebus:
1342 3482 1430 3523 quod

376 3531 422 3554 est
444 3523 613 3554 ridiculum
637 3523 742 3554 afferre
765 3524 844 3554 inter
866 3524 950 3555 viros
974 3525 1094 3556 doctos.

1534 271 1581 301 De
1604 271 1672 311 ipsa
1695 282 1768 311 ergo
1792 283 1824 303 re
1849 283 1945 313 quam
1969 282 2133 314 peccatum
2157 276 2305 312 dicimus,
2326 285 2532 316 quocumque

1478 315 1607 345 nomine
1631 322 1770 351 vocetur,
1788 317 1931 356 quaestio
1955 324 2010 348 est.
2027 319 2068 349 Et
2089 319 2212 356 Scotus,
2233 319 2265 349 in
2290 320 2315 350 11
2339 320 2438 356 Sent„
2465 319 2534 349 dist.

1476 369 1566 395 xxxv,
1584 366 1667 390 tenet
1683 359 1771 400 quod
1787 359 1977 390 inordinatio
2001 361 2160 400 privativa,
2177 373 2232 394 seu
2252 363 2381 399 aversio,
2402 369 2448 393 est
2467 373 2533 393 ma-

1476 403 1522 443 gis
1547 403 1585 433 de
1609 403 1728 434 ratione
1752 403 1883 443 peccati:
1909 403 1983 444 quia
2007 411 2053 435 est
2075 405 2142 444 ipsa
2166 406 2335 437 essentialis
2358 406 2438 437 ratio
2463 416 2533 446 pec-

1477 446 1545 478 cati.
1562 447 1602 478 Et
1625 447 1686 478 hoc
1710 447 1886 478 manifestat
1902 457 1958 487 per
1981 448 2182 487 oppositum:
2208 450 2282 490 quia
2303 450 2533 492 rectitudoop-

1477 491 1579 531 posita
1603 498 1649 522 est
1671 491 1739 532 ipsa
1770 491 1940 522 essentialis
1969 491 2047 521 ratio
2078 491 2211 522 virtutis.
2234 494 2274 524 Et
2297 494 2423 524 deducit
2452 494 2532 524 hanc

1476 545 1567 565 suam
1591 535 1783 575 positionem
1803 546 1838 566 ex
1862 535 1916 566 illo
1934 535 2045 575 capite,
2066 535 2181 566 scilicet
2196 537 2284 576 quod
2307 544 2469 576 peccatum
2487 544 2532 567 est

1476 579 1649 610 formaliter
1665 580 1811 619 privatio:
1832 580 1871 609 ad
1885 580 1974 620 quod
1990 586 2063 610 sunt
2079 585 2126 609 tot
2140 579 2339 610 auctoritates
2348 580 2374 611 *.
2385 598 2405 603 -
2415 583 2444 611 A
2456 581 2530 611 divo

1476 623 1604 653 Thoma
1625 633 1690 653 non
1713 623 1813 654 habeo
1838 623 1988 664 explicite,
2006 630 2163 664 quantum
2186 623 2302 659 recolo,
2327 623 2528 663 oppositum:

1477 667 1531 696 sed
1548 667 1711 707 distinguit
1729 667 1811 707 ipse;
1836 674 1866 698 et
1885 668 2011 698 tandem
2028 667 2214 707 oppositum
2229 667 2352 697 videtur
2365 667 2444 697 mihi
2463 677 2528 698 esse

1475 719 1587 740 verum
1602 711 1778 741 secundum
1793 711 1968 742 doctrinam
1985 712 2061 748 eius,
2079 711 2159 742 utin
2176 710 2320 751 sequenti
2336 711 2528 750 quaestione,

1475 754 1508 783 in
1532 754 1636 793 primo
1660 754 1802 790 articulo,
1826 755 1906 785 clare
1929 756 2076 786 insinuat.

1532 798 1584 828 VI.
1604 797 1773 837 Distinguo
1797 798 1891 837 igitur
1909 799 1941 830 in
1964 799 2082 840 primis,
2100 809 2136 830 ex
2152 799 2222 839 ipso
2242 799 2274 828 in
2299 799 2337 828 11·
2353 798 2412 834 11⁰,
2430 807 2484 838 qu.
2500 808 2529 834 x,
2570 803 2576 809 ·

1477 848 1533 872 art.
1553 843 1568 871 5
1589 841 1615 877 *,
1633 842 1720 881 quod
1740 849 1904 881 peccatum
1935 851 1981 874 est
2003 844 2033 873 in
2058 844 2185 874 duobus
2208 843 2391 883 generibus:
2416 841 2532 872 scilicet

1476 885 1508 915 in
1527 895 1639 926 genere
1655 885 1729 915 mali
1754 885 1949 925 simpliciter;
1977 894 2007 918 et
2028 894 2073 918 est
2095 887 2128 917 in
2149 897 2260 927 genere
2283 886 2452 917 voluntarii
2475 895 2530 916 seu

1477 930 1605 959 moralis
1634 929 1719 959 mali.
1745 929 1786 959 Et
1808 929 1841 958 in
1870 939 1982 969 genere
2011 931 2142 971 quidem
2170 931 2245 961 mali
2268 930 2463 970 simpliciter,
2486 939 2531 959 re-

1477 973 1606 1013 ponitur
1629 973 1801 1003 formaliter
1824 982 1879 1013 per
1901 973 2168 1005 inordinationem
2191 974 2350 1015 privative,
2368 983 2423 1004 seu
2447 983 2532 1004 aver-

1477 1017 1618 1048 sionem:
1643 1018 1676 1047 in
1699 1026 1811 1057 genere
1828 1023 1934 1047 autem
1953 1017 2122 1049 voluntarii
2138 1029 2192 1049 seu
2217 1018 2345 1049 moralis
2369 1017 2453 1054 mali,
2478 1027 2533 1057 per

1476 1071 1568 1092 suam
1584 1061 1800 1097 differentiam,
1820 1070 1917 1101 quarn
1937 1071 1977 1100 ⁴ex
1994 1061 2117 1093 obiecto
2141 1063 2226 1093 malo
2250 1062 2410 1092 moraliter
2428 1061 2531 1098 habet,

1476 1106 1650 1146 reponitur.
1668 1105 1708 1135 Et
1731 1105 1884 1145 quoniam
1900 1104 2060 1135 obiectum
2079 1106 2139 1136 tale
2154 1113 2185 1137 et
2200 1106 2405 1137 differentiam
2424 1106 2529 1142 talem,

1476 1149 1508 1179 in
1533 1160 1595 1190 qua
1618 1149 1810 1180 inordinatio
1827 1148 1979 1179 contrarie
2003 1148 2152 1186 consistit,
2169 1150 2297 1181 sortitur
2316 1156 2480 1190 peccatum
2496 1159 2533 1179 ex

1476 1193 1649 1224 intentione
1666 1193 1832 1233 peccantis,
1850 1193 1933 1223 unde
1953 1192 2046 1223 habet
2069 1199 2234 1232 peccatum
2249 1194 2337 1234 quod
2361 1194 2401 1224 sit
2418 1193 2531 1223 volun-

1476 1238 1607 1274 tarium;
1634 1237 1828 1267 aversionem
1858 1243 1965 1267 autem
1987 1246 2042 1266 seu
2065 1236 2331 1268 inordinationem
2353 1247 2419 1268 non
2443 1236 2532 1267 sorti-

1476 1288 1527 1312 tur
1551 1292 1587 1312 ex
1610 1281 1793 1317 intentione,
1818 1281 1872 1311 sed
1897 1280 2114 1321 consequitur:
2140 1280 2212 1310 ideo
2236 1287 2373 1320 peccato,
2397 1281 2532 1322 inquan-

1476 1332 1546 1356 tum
1561 1325 1785 1361 voluntarium‚
1808 1324 1950 1355 intimius
1965 1324 2046 1355 inest
2058 1324 2248 1355 inordinatio
2268 1325 2421 1356 contrarie
2435 1334 2533 1366 quam

1476 1369 1637 1409 privative,
1654 1375 1685 1400 et
1708 1369 1871 1399 conversio
1887 1378 1986 1409 quam
2001 1368 2141 1404 aversio;
2167 1368 2358 1409 inquantum
2372 1377 2447 1398 vero
2466 1378 2533 1399 ma-

1475 1414 1544 1444 lum
1568 1413 1758 1453 simpliciter,
1775 1412 1917 1443 intimius
1932 1412 2013 1443 inest
2026 1412 2217 1443 inordinatio
2238 1412 2388 1452 privative
2404 1418 2435 1442 et
2449 1421 2533 1442 aver-

1476 1458 1523 1488 sio
1548 1467 1646 1498 quam
1669 1457 1842 1488 conversio.

1532 1502 1573 1532 Et
1596 1501 1622 1532 si
1645 1510 1789 1542 quaeras:
1816 1501 1970 1531 Absolute
1993 1507 2024 1531 et
2046 1501 2112 1531 sine
2137 1499 2336 1530 distinctione
2359 1498 2532 1540 loquendo,

1475 1546 1554 1586 quid
1577 1553 1623 1576 est
1638 1543 1827 1576 dicendum?
1843 1563 1863 1567 -
1881 1545 1952 1575 dico
1976 1545 2078 1585 quod,
2103 1544 2178 1585 quia
2196 1551 2371 1584 peccatum,
2391 1543 2535 1574 absolute

1476 1590 1650 1630 loquendo,
1667 1596 1712 1620 est
1727 1590 1758 1619 in
1775 1599 1886 1629 genere
1903 1588 1978 1619 mali
1993 1588 2185 1628 simpliciter,
2199 1595 2229 1618 et
2245 1594 2292 1618 est
2306 1587 2533 1623 voluntarium,

1477 1634 1549 1664 ideo
1565 1641 1736 1674 utrumque
1753 1633 1895 1663 absolute
1912 1639 1993 1663 recte
2013 1632 2140 1662 dicitur:
2165 1632 2281 1663 scilicet
2300 1638 2330 1662 et
2345 1632 2434 1672 quod
2450 1641 2534 1662 aver·
2576 1668 2579 1676 ι

1477 1677 1524 1708 sio
1549 1685 1595 1708 est
1618 1678 1656 1708 de
1679 1678 1800 1708 ratione
1823 1677 1951 1717 peccati,
1970 1683 2000 1707 et
2023 1676 2156 1706 formale
2179 1675 2212 1706 in
2228 1683 2371 1716 peccato;
2392 1683 2422 1706 et
2445 1676 2535 1716 quod

1478 1722 1641 1752 conversio
1667 1729 1713 1752 est
1736 1722 1774 1751 de
1798 1721 1918 1752 ratione
1942 1720 2078 1760 peccati,
2103 1726 2133 1751 et
2156 1720 2297 1750 formans
2321 1726 2497 1760 peccatum.
2513 1736 2535 1742 -·

1477 1766 1528 1796 Ad
1557 1766 1802 1806 comparativam
1833 1771 1955 1795 autem:
1988 1764 2075 1802 Quid
2105 1764 2203 1804 magis
2234 1761 2397 1794 absolute?
2419 1781 2440 1786 —
2464 1763 2535 1794 dico

1476 1810 1566 1850 quod
1589 1810 1762 1840 conversio.
1783 1810 1823 1839 Et
1837 1809 1916 1839 ratio
1933 1815 1980 1839 est
2002 1808 2128 1849 duplex.
2151 1808 2265 1844 Prima,
2282 1807 2358 1849 quia
2371 1813 2537 1847 peccatum

1478 1861 1524 1884 est
1556 1854 1655 1894 magis
1684 1853 1900 1884 voluntarium
1928 1863 2026 1894 quam
2055 1852 2191 1882 malum:
2217 1852 2291 1892 quia
2323 1859 2370 1883 est
2391 1851 2537 1882 volunta—

1477 1898 1561 1928 rium
1584 1898 1760 1928 secundum
1784 1908 1815 1927 se
1839 1904 1954 1933 totum,
1971 1897 2115 1938 quamvis
2132 1896 2351 1932 diversimode,
2372 1895 2446 1936 quia
2462 1905 2536 1926 con-

1477 1942 1578 1972 versio
1594 1941 1813 1982 principaliter,
1836 1941 1955 1971 aversio
1980 1940 2181 1980 secundario;
2207 1950 2273 1970 non
2289 1946 2335 1970 est
2349 1946 2456 1970 autem
2471 1949 2536 1970 tna-

1476 1987 1546 2016 lum
1569 1986 1744 2016 secundum
1767 1995 1799 2016 se
1824 1992 1943 2022 totum,
1968 1985 2023 2015 sed
2045 1985 2222 2015 secundum
2251 1991 2373 2024 partem
2401 1989 2535 2019 tantum,

1476 2030 1593 2061 scilicet
1611 2030 1828 2070 privationem.
1845 2047 1866 2052 -
1882 2029 2026 2060 Secunda
2045 2035 2099 2065 est,
2124 2028 2199 2069 quia
2218 2027 2382 2059 conversio
2397 2028 2451 2058 dat
2466 2036 2537 2068 pec-

1477 2081 1545 2105 cato
1569 2084 1676 2104 veram
1691 2074 1837 2114 speciem,
1863 2073 1982 2104 aversio
2001 2082 2076 2103 vero
2101 2072 2153 2103 dat
2175 2072 2385 2112 privationem
2408 2070 2536 2111 speciei:
2585 2112 2587 2114 v

1476 2118 1716 2158 intemperantia
1747 2118 1832 2148 enim
1855 2127 1891 2148 ex
1915 2116 2120 2148 conversione
2143 2117 2183 2146 ad
2206 2116 2384 2152 obiectum,
2409 2115 2537 2146 sortitur

1476 2162 1682 2193 differentiam
1697 2172 1787 2192 verae
1806 2162 1920 2202 speciei
1943 2161 1976 2191 in
1991 2171 2104 2201 genere
2127 2160 2284 2201 qualitatis
2291 2169 2299 2196 ;
2324 2170 2361 2190 ex
2376 2159 2537 2190 aversione

1477 2213 1583 2237 autem
1611 2206 1819 2246 privationem
1843 2206 1936 2236 habet
1959 2204 2073 2245 speciei
2097 2204 2329 2244 temperantiae.
2358 2202 2459 2243 Magis
2482 2212 2537 2234 au-

1476 2258 1541 2282 tem
1565 2250 1712 2281 convenit
1735 2257 1862 2290 peccato
1887 2249 2058 2280 differentia
2079 2258 2151 2278 vere
2174 2247 2329 2288 specifica,
2353 2256 2451 2288 quam
2473 2245 2537 2287 pri-

1475 2295 1559 2325 vatio
1584 2294 1708 2334 speciei.

1530 2339 1598 2369 VII.
1610 2338 1821 2369 Auctoritates
1836 2344 1943 2368 autem
1959 2337 2069 2367 allatae
2082 2347 2099 2366 a
2110 2336 2216 2372 Scoto,
2234 2342 2264 2366 et
2277 2335 2355 2366 ratio
2371 2335 2500 2365 inducta
2509 2333 2535 2370 *,

1477 2383 1555 2413 nihil
1578 2382 1664 2413 aliud
1688 2382 1822 2422 probant
1839 2381 1897 2411 nisi
1914 2381 2002 2422 quod
2018 2388 2146 2421 peccato
2166 2386 2202 2410 ut
2224 2386 2270 2410 est
2284 2379 2318 2409 in
2333 2389 2446 2419 genere
2461 2378 2536 2409 mali

1477 2427 1668 2467 simpliciter,
1689 2426 1787 2465 magis
1811 2425 1883 2456 insit
1907 2425 2042 2455 aversio:
2068 2425 2112 2455 sic
2127 2424 2212 2454 enim
2231 2423 2402 2454 essentialis
2418 2422 2537 2462 peccati

1477 2471 1555 2501 ratio
1579 2471 1611 2500 in
1635 2470 1809 2510 privatione
1838 2469 1988 2500 consistit.
2015 2469 2092 2504 Sed,
2118 2474 2153 2498 ut
2176 2467 2296 2498 dictum
2319 2474 2364 2498 est
2379 2467 2412 2503 *,
2437 2466 2536 2506 magis

1477 2521 1567 2554 urget
1586 2514 1665 2545 ratio
1689 2514 1807 2554 peccati
1830 2513 2020 2554 inquantum
2043 2519 2089 2542 est
2111 2511 2336 2548 voluntarium,
2361 2511 2537 2541 secundum

1477 2569 1575 2600 quarn
1598 2568 1663 2589 non
1689 2564 1734 2588 est
1766 2557 1935 2588 essentialis
1959 2556 2037 2587 ratio
2066 2556 2184 2596 peccati
2207 2555 2239 2585 in
2267 2555 2457 2595 privatione,
2482 2554 2536 2585 sed

1477 2603 1510 2633 in
1535 2602 1701 2637 contrario,
1726 2602 1765 2631 ad
1789 2601 1877 2642 quod
1900 2600 2042 2642 sequitur
2065 2599 2198 2639 privatio
2223 2599 2285 2630 illa.
2520 2600 2527 2604 ⁷

1533 2646 1605 2677 Dixi
1634 2652 1740 2676 autem
1767 2645 1884 2686 pluries
1913 2645 2032 2675 malum
2060 2644 2244 2684 simpliciter
2270 2644 2309 2673 ad
2333 2642 2538 2673 differentiam

1479 2692 1557 2721 mali
1580 2691 1722 2726 moralis,
1747 2690 1835 2731 quod
1858 2699 1924 2719 non
1947 2695 1993 2719 est
2011 2688 2133 2718 malum
2156 2687 2346 2728 simpliciter,
2372 2687 2427 2717 sed
2449 2685 2536 2722 huic:

1479 2741 1514 2765 ut
1538 2734 1611 2765 divo
1635 2734 1790 2770 Thomae,
1808 2733 1840 2764 in
1856 2733 1934 2764 locis
1951 2731 2094 2772 superius
2109 2731 2127 2750 *
2149 2731 2298 2772 allegatis,
2316 2731 2426 2771 placet.
2452 2730 2539 2760 Sicut

1479 2778 1564 2809 enim
1584 2778 1681 2818 frigus
1705 2785 1751 2808 est
1773 2778 1805 2808 in
1829 2787 1861 2807 se
1885 2778 2006 2807 bonurn
2030 2776 2204 2816 quoddam,
2225 2782 2255 2806 et
2274 2782 2320 2806 est
2343 2775 2465 2805 malum
2489 2783 2539 2804 ca·

1478 2823 1560 2861 lido;
1583 2822 1626 2852 ita
1649 2821 1889 2862 intemperantia
1913 2827 1959 2852 est
1980 2820 2013 2850 in
2037 2830 2069 2850 se
2084 2820 2208 2850 bonum
2228 2819 2401 2860 quoddam,
2427 2824 2473 2848 est
2495 2824 2540 2848 ta—

1480 2877 1553 2897 men
1577 2866 1698 2896 malum
1721 2865 1865 2896 rationali
1887 2865 1978 2895 vitae.
2003 2864 2044 2894 Et
2063 2863 2143 2894 sicut
2159 2864 2197 2894 ad
2213 2863 2373 2903 frigidum,
2390 2862 2479 2903 quod
2494 2866 2541 2892 est

1481 2910 1674 2942 contrarium
1691 2909 1802 2945 calido,
1827 2909 1969 2949 sequitur
1987 2907 2120 2949 privatio
2138 2907 2227 2938 calidi
2251 2917 2317 2938 non
2340 2906 2415 2948 quia
2441 2905 2538 2945 frigus

1480 2965 1546 2985 non
1570 2961 1615 2985 est
1631 2954 1724 2990 calor,
1750 2953 1804 2983 sed
1820 2953 1895 2993 quia
1919 2952 2068 2992 frigidum
2092 2961 2157 2981 non
2174 2958 2220 2982 est
2243 2951 2394 2986 calidum:
2419 2955 2450 2980 et
2464 2949 2540 2979 haec

1480 2998 1613 3039 privatio
1637 2998 1730 3028 habet
1751 2997 1907 3028 rationem
1936 2996 2011 3026 mali
2034 2995 2064 3026 in
2090 2995 2231 3026 subiecto
2257 2994 2307 3025 cui
2331 2994 2461 3024 debetur
2484 2993 2540 3023 bo-

1481 3053 1560 3074 num
1583 3042 1684 3078 calidi,
1708 3041 1847 3082 quando,
1872 3040 1962 3076 sicut,
1987 3046 2056 3076 etc.,
2073 3045 2108 3070 ut
2124 3045 2209 3080 patet
2231 3038 2263 3068 in
2287 3037 2472 3077 corporibus
2494 3036 2540 3066 in-

1480 3086 1578 3117 firmis
1602 3096 1639 3116 ex
1662 3085 1790 3125 frigore:
1815 3085 1857 3115 ita
1880 3084 1919 3114 ad
1942 3083 2217 3124 intemperantiam
2240 3082 2382 3123 sequitur
2405 3079 2539 3122 privatio

1481 3141 1547 3161 non
1570 3130 1644 3171 quia
1668 3139 1733 3160 non
1757 3135 1803 3159 est
1825 3127 2031 3168 temperantia
2055 3126 2145 3169 (haec
2169 3133 2214 3157 est
2238 3126 2323 3156 enim
2342 3124 2466 3166 negatio
2481 3123 2540 3154 im-

1481 3172 1664 3216 pertinens),
1689 3173 1744 3203 sed
1766 3172 1841 3213 quia
1859 3179 1947 3203 actus
1965 3171 2162 3202 voluntarius
2186 3170 2344 3201 subiectus
2359 3168 2478 3200 formae
2494 3166 2540 3197 in-

1481 3212 1714 3258 temperantiae,
1735 3226 1800 3247 non
1817 3222 1863 3246 est
1881 3222 2089 3256 temperatus;
2115 3221 2146 3245 et
2164 3214 2318 3255 quoniam
2341 3212 2471 3242 debetur
2485 3210 2539 3241 tali

1482 3261 1565 3293 actui
1580 3261 1721 3292 subiecto
1737 3261 1859 3290 bonum
1875 3259 2108 3300 temperantiae,
2125 3259 2197 3289 ideo
2213 3255 2396 3288 huiusmodi
2407 3254 2540 3295 privatio

1482 3306 1576 3336 habet
1598 3305 1752 3336 rationem
1769 3304 1844 3334 mali
1860 3303 2052 3344 simpliciter.
2076 3303 2117 3334 Et
2139 3302 2182 3333 sic
2197 3299 2386 3331 inordinatio
2405 3299 2491 3334 haec,
2512 3304 2543 3328 et

1483 3349 1622 3386 aversi0‚
1647 3349 1780 3389 pertinet
1803 3349 1842 3378 ad
1865 3353 2031 3388 peccatum
2057 3347 2246 3387 inquantum
2270 3343 2391 3373 malum
2423 3342 2542 3382 simpli—

1485 3394 1574 3425 citer:
1600 3392 1792 3423 inordinatio
1820 3399 1926 3423 autem
1954 3389 2122 3426 contrarie,
2147 3394 2178 3419 et
2200 3387 2379 3422 conversio,
2409 3385 2542 3427 pertinet

1486 3438 1525 3468 ad
1547 3444 1712 3478 peccatum
1739 3437 1930 3477 inquantum
1956 3435 2050 3465 habet
2076 3432 2231 3463 rationem
2259 3430 2335 3461 mali
2361 3429 2489 3460 moralis
2513 3436 2542 3460 et

1484 3481 1664 3512 voluntarii.
1689 3481 1729 3511 Et
1751 3480 1904 3521 quoniam
1932 3476 2123 3508 inordinatio
2149 3475 2299 3516 privative
2324 3481 2369 3506 est
2393 3473 2542 3504 ultimum

1486 3524 1709 3566 superveniens
1725 3530 1863 3564 peccato,
1887 3522 1959 3552 ideo
1984 3521 2064 3551 forte
2085 3519 2118 3550 in
2141 3518 2242 3550 littera
2266 3518 2378 3549 dicitur
2394 3518 2482 3559 quod
2498 3524 2543 3547 est

2557 581 2656 628 {ballea
2673 586 2685 602 a
2697 580 2771 602 scoto

2557 846 2566 855 ·
2581 845 2607 867 ln
2621 851 2682 874 resp.
2697 846 2726 868 nd
2740 851 2756 868 Ι.

2836 2301 2840 2305 ,
2826 2215 2840 2253 ΔΑ

2565 2340 2573 2349 ·
2589 2339 2625 2362 ef.
2639 2345 2703 2361 num.
2718 2346 2739 2361 v.

2562 2473 2573 2484 ⁸·
2587 2471 2658 2493 Num.
2668 2469 2772 2499 praeced.

2565 2732 2574 2742 ·
2588 2731 2660 2754 Num.
2673 2737 2696 2758 v,
2711 2735 2742 2752 vr.
