2840 4010
97 692 108 703 ¹·
121 690 178 713 Gen.
190 696 240 718 cap.
250 695 305 711 xxn.

330 162 404 199 216

1029 161 1293 209 QUAESTIO
1324 161 1371 206 C,
1401 159 1696 197 ARTICULUS
1724 161 1810 198 VIII

1008 283 1336 318 Commentaria
1359 280 1607 315 Cat-dinatus
1631 281 1829 357 Caiqtani

364 387 384 407 N
408 376 537 407 articulo
562 382 672 406 octavo
701 375 833 405 dubium
861 372 994 403 occurrit
1021 381 1057 402 ex
1088 371 1201 406 Scoto,
1225 370 1258 399 in
1284 379 1387 400 xxxvtt

337 387 436 450 Idist.
456 420 497 450 111
521 419 619 456 Sent„
642 425 764 449 tenente
788 417 875 457 quod
899 422 1063 456 praecepta
1086 415 1240 445 secundae
1264 414 1387 444 tabulae

335 473 400 494 non
423 470 496 494 sunt
519 464 557 492 de
585 463 651 492 iure
675 468 802 492 naturae
825 461 888 490 sive
913 466 948 489 ut
970 458 1136 498 principia,
1163 458 1227 488 sive
1250 465 1286 488 ut
1310 467 1386 488 con-

335 507 490 538 clusiones
514 505 711 541 necessariae,
729 505 782 534 sed
799 505 904 534 solum
929 509 963 533 ut
986 502 1076 532 valde
1093 511 1234 532 consona
1255 501 1316 532 iuri
1332 512 1386 532 na—

334 558 431 582 turae.
450 550 566 580 Probat
588 556 694 579 autem
716 548 792 578 haec
815 553 979 587 praecepta
1002 555 1067 575 non
1089 555 1155 576 esse
1179 546 1218 576 de
1240 545 1308 576 iure
1331 556 1387 576 na-

335 601 421 624 turae
434 600 469 623 ut
485 592 702 622 conclusiones
715 590 900 622 necessarias
914 600 931 619 a
945 588 1105 629 principiis
1123 596 1261 626 naturae,
1270 589 1385 630 primo,

334 637 408 677 quia
424 642 604 676 sequeretur
619 635 707 675 quod
723 641 826 665 essent
844 633 978 664 omnino
998 632 1269 673 indispensabilia:
1296 633 1386 664 cuius

334 680 519 720 oppositum
535 686 662 719 apparet
678 679 710 708 in
726 688 821 718 opere
837 677 980 708 Abrahae
996 677 1021 708 *.
1039 693 1060 700 -—
1077 677 1192 708 Probat
1213 677 1384 718 sequelam.

334 723 418 760 Quia
447 722 664 753 conclusiones
695 722 771 752 tales
800 722 887 761 prius
916 727 990 751 sunt
1013 721 1190 751 secundum
1219 731 1251 751 se
1280 731 1386 758 verae,

333 776 429 808 quam
454 766 547 797 relate
571 767 610 796 ad
633 775 868 806 quemcumque
892 764 1086 795 intellectum
1107 765 1157 795 vel
1179 765 1385 796 voluntatem.

332 813 379 841 Ac
394 819 450 849 per
471 810 543 846 hoc,
558 810 703 840 voluntas
720 810 824 840 divina
847 819 912 839 non
932 815 1036 848 potest
1050 818 1117 839 esse
1139 815 1222 839 recta
1244 816 1387 849 respectu

333 863 450 889 earum,
470 853 606 883 volendo
631 853 786 894 opposita.
803 854 844 884 Et
866 859 1094 893 consequenter
1114 862 1179 882 non
1204 859 1309 893 potest
1327 853 1387 883 dis-

331 907 471 938 pensare.

390 941 555 977 Secundo,
580 941 654 981 quia
677 948 859 981 sequeretur
885 940 973 981 quod
994 939 1141 970 voluntas
1165 940 1270 971 divina
1292 941 1390 972 deter-

332 981 504 1015 minaretur
526 985 698 1017 necessario
729 984 911 1024 simpliciter
935 984 1015 1014 circa
1038 984 1144 1024 aliqua
1165 984 1305 1016 volibilia
1327 985 1388 1016 alia

334 1039 353 1059 a
375 1038 417 1059 se.
434 1047 454 1051 -
470 1029 573 1059 Tenet
596 1029 731 1069 sequela.
757 1029 841 1066 Quia
863 1028 903 1059 ad
927 1028 1002 1058 haec
1026 1035 1190 1068 praecepta
1212 1029 1387 1060 necessario

333 1073 427 1108 bona,
445 1079 475 1103 et
497 1073 644 1113 opposita
667 1073 759 1109 mala,
776 1072 980 1103 determinata
996 1078 1091 1108 esset;
1113 1071 1193 1102 sicut
1210 1072 1386 1105 intellectus

334 1117 373 1147 ad
396 1116 632 1156 intelligendum
655 1116 723 1156 ipsa
746 1116 919 1147 necessario
943 1126 1024 1146 vera.

391 1160 510 1196 Tertio,
535 1160 609 1200 quia
632 1161 664 1190 in
693 1160 741 1190 his
764 1170 846 1201 quae
869 1159 1114 1199 praecipiuntur,
1136 1169 1201 1189 non
1226 1166 1272 1191 est
1294 1159 1385 1191 boni-

334 1210 380 1234 tas
404 1204 574 1234 necessaria
597 1205 636 1234 ad
652 1204 825 1234 bonitatem
849 1203 952 1234 ultimi
974 1203 1057 1241 finis,
1074 1210 1258 1234 convertens
1282 1204 1321 1234 ad
1337 1203 1385 1234 ul-

333 1248 448 1278 timum
470 1247 567 1278 finem
573 1257 581 1284 ;
604 1246 639 1288 et]
653 1248 794 1279 similiter
815 1248 848 1278 in
864 1247 912 1278 his
931 1257 1012 1288 quae
1027 1247 1243 1287 prohibentur,
1259 1258 1326 1279 non
1339 1254 1386 1280 est

333 1291 450 1322 malitia
471 1291 644 1322 necessario
669 1298 810 1323 avertens
833 1302 851 1322 a
873 1290 935 1321 fine
959 1291 1090 1322 ultimo:
1115 1291 1190 1332 quia
1213 1291 1238 1322 si
1259 1291 1383 1323 bonum

332 1335 411 1366 illud
435 1346 499 1366 non
523 1342 603 1367 esset
625 1342 836 1376 praeceptum,
857 1341 964 1375 posset
986 1334 1056 1366 finis
1080 1334 1212 1366 ultimus
1234 1336 1332 1367 amari
1355 1343 1386 1367 et

332 1379 455 1419 attingi;
480 1386 510 1410 et
526 1379 550 1409 si
569 1379 648 1409 illud
663 1379 786 1410 malum
800 1389 865 1410 non
885 1386 965 1409 esset
980 1379 1186 1419 prohibitum,
1202 1385 1296 1411 staret
1311 1390 1385 1411 cum

333 1433 371 1454 eo
394 1422 558 1464 acquisitio
581 1422 651 1454 finis
670 1423 783 1454 ultimi.
799 1424 884 1463 Ergo
907 1433 973 1453 non
993 1429 1067 1453 sunt
1090 1423 1309 1454 conclusiones
1332 1433 1386 1454 ne-

333 1468 465 1498 cessario
490 1467 640 1498 deductae
664 1478 700 1498 ex
721 1467 831 1507 primis
853 1467 1013 1507 principiis
1037 1467 1240 1498 naturalibus.

387 1512 473 1542 Haec
496 1517 570 1542 sunt
588 1521 625 1542 ex
647 1511 763 1552 quibus
779 1511 891 1543 scotus
914 1517 1061 1541 movetur
1075 1517 1182 1542 contra
1199 1511 1385 1544 sententiam

331 1555 476 1591 veritam,
492 1555 608 1586 scilicet
629 1556 716 1596 quod
740 1562 904 1596 praecepta
924 1554 1031 1585 omnia
1051 1554 1192 1594 decalogi
1215 1562 1289 1586 sunt
1312 1565 1386 1586 con-

333 1599 490 1630 clusiones
513 1599 718 1635 necessariae,
740 1606 770 1630 et
792 1599 965 1630 necessario
990 1599 1142 1629 deductae
1165 1608 1201 1630 ex
1224 1599 1385 1640 principiis

331 1643 541 1679 naturalibus,
565 1643 607 1673 ita
631 1642 719 1684 quod
746 1643 818 1673 ideo
843 1649 916 1673 sunt
937 1649 1102 1683 praecepta
1133 1642 1208 1684 quia
1231 1643 1331 1680 bona,
1357 1650 1387 1676 et

330 1687 488 1727 prohibita
511 1687 586 1727 quia
607 1687 699 1723 mala,
717 1693 747 1717 et
770 1696 836 1717 non
860 1696 876 1716 e
892 1686 1065 1717 converso(

388 1731 423 1761 ΙΙ.
449 1731 498 1760 Ad
520 1731 655 1770 primam
679 1737 785 1761 autem
814 1730 882 1761 eius
905 1731 1078 1766 rationem,
1103 1730 1220 1761 scilicet
1240 1731 1316 1772 quia
1338 1741 1386 1762 se·

331 1782 479 1815 queretur
503 1775 591 1815 quod
614 1782 716 1806 essent
739 1774 993 1814 indispensabilia
1011 1774 1105 1804 etiam
1128 1785 1146 1805 a
1169 1775 1249 1811 Deo,
1274 1775 1386 1809 dicitur

331 1819 420 1860 quod
442 1825 606 1859 praecepta
629 1818 778 1858 decalogi,
795 1825 830 1849 ut
848 1818 880 1848 in
902 1818 1003 1849 littera
1026 1818 1147 1854 dicitur,
1170 1825 1306 1860 possunt
1327 1820 1385 1851 du-

331 1862 451 1903 pliciter
480 1862 678 1893 considerari.
710 1862 837 1898 Primo,
869 1863 1044 1893 secundum
1074 1862 1219 1893 ordinem
1247 1861 1382 1897 iustitiae

331 1916 434 1947 quem.
444 1906 614 1937 continent.
637 1906 678 1937 Et
701 1907 743 1936 sic
759 1906 940 1937 conceditur
955 1907 1043 1946 quod
1066 1913 1139 1937 sunt
1157 1906 1384 1947 indispensabi-

330 1949 372 1981 lia
395 1950 489 1981 etiam
512 1961 530 1980 a
552 1950 637 1986 Deo,
661 1957 697 1980 ut
719 1950 752 1980 in
775 1950 980 1990 responsione
1004 1950 1043 1980 ad
1066 1951 1242 1981 secundum
1264 1953 1386 1983 Auctor

329 1995 452 2034 probat.
462 2012 483 2017 -
496 1994 653 2030 Secundo,
669 1994 845 2025 secundum
858 1994 1104 2034 applicationem
1120 1995 1159 2024 ad
1171 1995 1310 2036 aliquem
1322 1995 1385 2026 sin-

329 2038 469 2077 gularem
492 2044 608 2069 actum.
625 2038 666 2068 Et
687 2038 730 2069 sic
754 2038 867 2068 dicitur
882 2039 971 2079 quod
987 2045 1151 2078 praecepta
1169 2039 1325 2075 secundae
1340 2045 1384 2073 ta-

329 2078 437 2118 bulae),
459 2082 497 2112 de
528 2082 643 2122 quibus
667 2089 713 2113 est
736 2082 892 2122 quaestio,
917 2089 992 2112 sunt
1018 2082 1239 2123 dispensabilia
1261 2093 1280 2114 a
1302 2083 1383 2115 Deo.

329 2125 391 2156 Sed
406 2125 474 2156 talis
491 2125 680 2166 dispensatio
697 2136 761 2156 non
787 2133 832 2156 est
850 2125 997 2156 relaxatio
1021 2126 1188 2167 praecepti,
1205 2133 1259 2158 aut
1283 2126 1383 2158 decla-

328 2169 407 2207 ratio
428 2169 513 2199 illius
526 2169 559 2200 in
583 2169 644 2200 hoc
668 2179 740 2200 casu
757 2180 812 2200 seu
832 2177 912 2206 actu,
932 2177 968 2200 ut
991 2169 1103 2200 scotus
1128 2170 1245 2211 arguit:
1266 2171 1319 2202 sed
1339 2177 1386 2202 est

329 2213 428 2243 facere
452 2213 539 2253 quod
562 2213 619 2244 iste
642 2220 729 2244 actus
752 2223 818 2243 non
838 2217 888 2244 'est
910 2213 1133 2250 homicidium,
1157 2215 1212 2255 qui
1236 2215 1302 2245 sine
1325 2214 1384 2246 hac

328 2257 512 2288 auctoritate
535 2264 615 2288 esset
637 2257 855 2294 homicidium,
880 2264 910 2287 et
933 2257 1033 2288 simile
1058 2265 1104 2288 est
1125 2258 1164 2288 de
1187 2259 1270 2295 aliis;
1292 2265 1328 2290 ut
1349 2259 1385 2291 in

327 2300 429 2331 littera
453 2300 573 2337 dicitur,
596 2301 630 2331 in
652 2301 856 2341 responsione
881 2302 919 2331 ad
943 2301 1079 2332 tertium.

380 2344 446 2374 Nec
469 2344 591 2380 fallaris,
611 2344 786 2384 intelligens
809 2355 864 2384 per
879 2345 1024 2375 ordinem
1047 2345 1182 2376 iustitiae
1205 2346 1238 2376 in
1261 2356 1383 2397 praece-

326 2387 387 2428 ptis
410 2388 475 2418 istis
499 2395 693 2424 contentum,
713 2389 867 2419 rationem
891 2389 985 2419 debiti
1013 2390 1063 2419 vel
1086 2390 1215 2421 indebiti
1237 2389 1270 2421 in
1294 2389 1382 2428 cot‘n-

326 2431 432 2462 muni:
454 2431 515 2462 hoc
537 2431 621 2462 enim
641 2442 706 2462 non
723 2432 925 2463 constitueret
941 2440 1105 2473 praecepta
1120 2433 1152 2463 in
1172 2430 1308 2475 speciali',
1320 2432 1381 2466 'sed

326 2476 391 2506 duo
416 2475 598 2506 communia
622 2483 795 2516 praecepta,
813 2477 905 2507 Nulli
918 2477 1109 2517 faciendum
1126 2483 1172 2508 est
1195 2478 1378 2516 indebitum,

325 2526 364 2556 et,
384 2519 519 2551 Cuilibet
532 2520 723 2560 faciendum
748 2526 794 2552 est
809 2521 955 2552 debitum.
973 2521 1033 2552 Sed
1056 2521 1194 2561 intellige
1212 2522 1380 2562 specialem

323 2562 478 2594 rationem
494 2563 588 2594 debiti
598 2564 647 2594 vel
661 2564 791 2596 indebiti
812 2564 898 2596 iuxta
914 2565 1076 2596 materiam
1091 2565 1274 2598 subiectam.
1285 2566 1381 2603 Verbi

323 2607 438 2646 gratia,
462 2607 535 2638 Non
560 2608 700 2639 occides:
723 2609 802 2639 ordo
831 2608 966 2639 iustitiae
994 2609 1026 2640 in
1050 2609 1111 2640 hoc
1135 2616 1302 2650 praecepto
1333 2617 1380 2644 est

323 2651 411 2691 quod
435 2661 500 2681 non
520 2651 643 2682 occidas
666 2652 830 2682 hominem
845 2652 1056 2689 innocentem,
1075 2663 1148 2684 cum
1173 2654 1280 2684 ceteris
1304 2663 1378 2689 con-

323 2694 495 2725 ditionibus
522 2695 691 2736 requisitis:
721 2695 764 2727 sic
787 2696 872 2726 enim
903 2697 1042 2727 continet
1072 2697 1217 2728 ordinem
1244 2696 1380 2728 iustitiae

323 2748 419 2778 quem
432 2740 519 2770 Deus
541 2749 652 2779 negare
672 2749 737 2770 non
762 2747 874 2780 potest.
894 2741 959 2771 Nec
974 2751 1117 2782 unquam
1136 2741 1169 2771 in
1191 2741 1303 2772 ordine
1316 2741 1378 2772 isto

322 2781 357 2812 fit
372 2783 577 2822 dispensatio:
598 2783 792 2823 impossibile
815 2785 934 2825 quippe
957 2792 1003 2815 est
1018 2791 1054 2816 ut
1072 2792 1159 2816 actus
1178 2785 1246 2822 iste,
1262 2785 1379 2817 scilicet

323 2826 462 2857 occidere
491 2837 527 2857 ex
557 2827 793 2864 deliberatione,
817 2838 882 2859 non
912 2839 944 2859 se
967 2829 1016 2860 vel
1040 2829 1139 2860 alium
1162 2829 1376 2866 defendendo,

322 2869 440 2909 privata
463 2871 659 2910 auctoritate,
684 2871 848 2902 hominem
871 2872 1086 2909 innocentem,
1110 2872 1378 2913 dispensationem

321 2913 455 2953 recipiat.
473 2914 534 2945 Sed
550 2925 624 2945 cum
646 2915 733 2946 Deus
749 2916 927 2956 dispensare
951 2916 1072 2953 dicitur,
1093 2923 1129 2948 ut
1144 2917 1273 2958 quando
1289 2926 1376 2958 prae-

321 2958 402 2997 cepit
423 2958 566 2989 Abrahae
589 2958 843 2990 immolationem
867 2960 963 2996 Isaac,
990 2970 1056 2991 non
1078 2961 1227 2992 relaxavit
1247 2967 1302 2992 aut
1323 2960 1376 2992 de·

322 3000 446 3032 claravit
469 3002 530 3033 hoc
553 3010 772 3043 praeceptum,
794 3004 867 3035 Non
892 3004 1035 3035 occides.-
1057 3005 1112 3035 sed
1136 3004 1208 3036 fecit
1231 3011 1266 3036 ut
1286 3010 1375 3036 actus

320 3043 371 3093 ille
394 3045 619 3076 immolationis
643 3057 708 3077 non
732 3054 811 3078 esset
834 3047 1053 3085 homicidium,
1075 3048 1149 3089 quia
1173 3055 1236 3079 erat
1259 3049 1375 3082 occisio

320 3096 471 3127 imperata
503 3100 520 3119 a
548 3100 695 3130 suprema
723 3098 892 3131 potestate,
920 3092 976 3133 qui
1011 3092 1078 3123 sine
1107 3092 1161 3123 tali
1190 3092 1374 3130 auctoritate

321 3130 428 3163 fuisset
450 3132 667 3164 homicidium.

376 3175 416 3205 Et
430 3183 465 3206 ut
479 3177 602 3215 plenius
618 3178 780 3218 intelligas,
793 3179 871 3210 scito
884 3179 982 3220 quod,
996 3179 1076 3211 sicut
1091 3179 1167 3210 haec
1183 3179 1373 3216 enuntiatio,

319 3218 444 3266 Mortui
459 3229 520 3250 non
538 3227 674 3260 possunt
690 3231 873 3263 resurgere,
891 3230 938 3254 est
957 3223 1137 3260 necessaria,
1158 3230 1188 3254 et
1206 3233 1243 3254 ex
1262 3222 1373 3265 princi-

320 3261 380 3310 piis
403 3262 510 3301 primis
525 3265 704 3296 naturaliter
726 3266 810 3297 notis
827 3267 1069 3298 demonstrative
1090 3267 1237 3298 concludi
1252 3274 1372 3308 potest;

321 3310 350 3334 et
373 3315 405 3334 m
429 3316 520 3336 sensu
541 3307 573 3337 in
596 3317 661 3348 quo
684 3308 720 3339 fit
743 3316 773 3340 et
791 3310 999 3347 concluditur,
1019 3311 1136 3342 scilicet
1155 3311 1244 3352 quod
1265 3311 1298 3353 ly
1313 3321 1372 3352 po-

319 3352 379 3397 test
402 3348 475 3379 dicit
490 3351 664 3389 potentiam
692 3354 874 3390 naturalem,
890 3354 1085 3394 impossibile
1108 3362 1154 3385 est
1177 3355 1266 3396 quod
1285 3355 1374 3386 aliter

320 3397 371 3426 s1t;
393 3398 422 3422 et
445 3394 572 3432 quando
591 3394 675 3424 Deus
691 3397 852 3427 resuscitat
875 3398 1023 3438 aliquem,
1041 3408 1106 3428 non
1126 3398 1266 3430 falsificat
1284 3399 1371 3429 illam

318 3436 570 3475 propositionem
594 3445 647 3468 aut
676 3439 787 3478 excipit
809 3441 848 3470 ab
867 3440 935 3477 illa,
961 3442 1014 3471 sed
1038 3448 1186 3481 operatur
1208 3452 1273 3473 non
1297 3452 1372 3473 con·-

318 3485 374 3515 tra,
386 3480 439 3509 sed
455 3490 549 3520 supra
565 3488 724 3512 naturam:
741 3482 784 3513 ita
798 3483 831 3513 in
843 3484 1008 3523 proposito
1023 3485 1099 3515 haec
1112 3485 1284 3522 conclusio,
1297 3487 1370 3517 Non

1441 375 1488 400 est
1510 361 1727 407 occidendum,
1743 369 1775 400 in
1800 379 1893 400 sensu
1909 370 1942 400 in
1965 380 2031 411 quo
2054 370 2098 407 fit,
2115 371 2232 403 scilicet
2254 373 2374 413 privata
2392 379 2502 405 aucto-

1441 413 1528 444 ritate
1553 423 1626 444 cum
1650 414 1758 444 ceteris
1783 413 2031 451 conditionibus,
2055 421 2102 446 est
2125 416 2288 447 conclusio
2310 417 2499 454 necessaria,

1442 463 1472 487 et
1494 457 1668 488 necessario
1695 467 1892 498 consequens
1911 468 1948 488 ex
1970 458 2080 499 primis
2096 458 2256 499 principiis
2278 460 2421 500 practicis
2443 470 2501 501 per

1442 510 1474 531 se
1499 501 1600 538 notis,
1625 501 1667 531 ita
1696 502 1785 542 quod
1815 509 1862 532 est
1883 502 2081 542 impossibile
2111 502 2200 533 aliter
2228 512 2261 534 se
2288 503 2419 541 habere3
2442 513 2502 536 nec

1440 545 1527 575 Deus
1551 555 1693 595 unquam
1725 555 1794 576 earn
1818 545 1975 582 falsificat,
1996 553 2050 577 aut
2073 546 2111 576 ab
2136 556 2172 576 ea
2195 546 2323 586 excipit;
2348 547 2404 578 sed
2426 557 2501 579 cum

1440 588 1528 619 iubet
1550 588 1616 619 fieri
1645 595 1752 620 actum
1782 589 1837 630 qui
1861 579 1927 620 s¹ine
1957 590 2045 621 iussu
2078 600 2138 620 suo
2166 596 2246 620 esset
2274 589 2499 628 homicidium,

1441 632 1631 662 adulterium
1654 633 1704 663 vel
1727 632 1858 669 furtum,
1875 634 1998 674 operari
2019 634 2107 665 iubet
2125 643 2191 664 non
2210 639 2332 674 praeter
2350 640 2405 664 aut
2425 643 2499 664 con·

1440 682 1484 706 tra
1509 683 1721 716 praeceptum,
1739 677 1793 707 sed
1809 677 1899 717 quasi
1918 688 2012 718 supra
2028 678 2116 714 illud,
2138 678 2216 708 dum
2235 687 2253 708 a
2268 676 2423 717 superiori
2439 687 2499 717 po-

1440 726 1548 750 testate
1570 726 1676 750 actum
1699 720 1890 759 imperatum
1918 721 2050 752 exerceri
2082 721 2178 753 iubet.
2202 721 2320 752 Omnia
2342 720 2502 762 siquidem

1441 770 1606 803 praecepta
1627 763 1704 793 haec
1733 765 1981 796 subintellectam
2005 765 2121 796 habent
2144 765 2224 796 hanc
2251 765 2426 797 clausulam
2446 774 2500 806 ge-

1441 807 1588 846 neralem,
1609 807 1724 838 scilicet
1739 808 1828 847 quod
1857 818 1894 839 ex
1915 809 2050 841 naturali
2070 819 2218 840 mensura
2240 816 2327 840 actus
2349 808 2400 840 isti
2423 808 2502 845 fiant

1441 851 1491 881 vel
1514 861 1579 881 non
1602 850 1692 881 fiant:
1724 851 1768 881 sic
1784 852 1868 882 enim
1888 852 2032 883 ordinem
2046 853 2182 884 iustitiae
2201 852 2404 883 insolubilem
2425 862 2500 885 con-

1441 895 1551 925 tinent.
1569 895 1614 925 Ita
1636 895 1725 935 quod
1745 905 1855 926 sensus
1874 903 1921 927 est
1938 905 2004 927 non
2023 906 2090 927 esse
2113 897 2247 928 naturali
2270 897 2390 928 ratione
2413 895 2507 927 com-¹

1442 939 1632 969 mittendum
1659 945 1764 969 actum
1793 940 1985 970 substratum
2007 940 2121 971 rationi
2143 940 2320 977 homicidii,
2345 940 2499 978 adulterii,

1441 982 1525 1018 furti.
1548 989 1606 1013 etc.
1623 983 1694 1013 Hoc
1718 984 1803 1014 enim
1827 989 1873 1014 est
1894 983 1981 1014 idem
2002 984 2092 1024 quod
2114 984 2216 1015 dicere
2238 994 2304 1015 non
2327 994 2393 1015 esse
2417 985 2498 1015 occi-

1441 1026 1601 1063 dendum,
1626 1026 1887 1063 adulterandum,
1922 1027 2111 1058 furandum:
2145 1029 2300 1069 quoniam
2331 1035 2419 1059 actus
2451 1028 2498 1065 illi

1440 1070 1605 1106 substrati,
1634 1070 1722 1101 relati
1745 1071 1784 1101 ad
1807 1071 1983 1102 naturalem
2012 1071 2168 1102 rationem
2198 1078 2229 1103 et
2250 1082 2431 1104 mensuram
2445 1096 2453 1109 ,
2479 1082 2497 1102 a

1440 1124 1503 1154 qua
1526 1114 1722 1151 discordant,
1746 1114 1926 1151 homicidii,
1950 1114 2112 1154 adulterii,
2136 1115 2221 1152 furti,
2245 1122 2318 1153 etc.,
2341 1116 2497 1147 rationem

1438 1157 1585 1188 induunt.
1612 1158 1683 1188 Hoc
1708 1165 1812 1189 autem
1839 1158 1972 1188 omnino
2002 1158 2244 1198 indispensabile
2270 1169 2337 1190 esse
2360 1167 2495 1197 constat,

1439 1208 1475 1232 ut
1490 1201 1607 1232 scilicet
1621 1209 1708 1232 actus
1722 1202 1776 1239 illi,
1789 1202 1922 1232 naturali
1938 1202 2058 1233 ratione
2070 1203 2204 1239 exerciti,
2214 1203 2394 1240 homicidia,
2407 1204 2496 1235 adul-

1438 1245 1523 1282 teria,
1549 1252 1617 1282 etc„
1643 1256 1709 1276 non
1728 1246 1804 1277 sint:
1829 1246 1974 1287 quamvis
1997 1245 2063 1276 fieri
2087 1246 2188 1286 possit
2214 1253 2251 1278 ut
2272 1254 2359 1279 actus
2378 1247 2434 1284 illi,
2451 1247 2497 1281 di-

1437 1289 1510 1320 vina
1533 1289 1652 1320 ratione
1675 1290 1807 1326 exerciti,
1825 1300 1891 1320 non
1915 1290 1976 1320 sint
1991 1289 2172 1326 homicidia,
2194 1290 2354 1328 adulteria,
2373 1298 2443 1331 etc„
2466 1298 2499 1330 et

1438 1343 1494 1373 per
1516 1333 1577 1364 hoc
1601 1343 1658 1364 nec
1680 1342 1815 1374 peccata.
1838 1333 1925 1365 Sicut
1950 1333 2035 1364 enim
2057 1332 2124 1365 fieri
2151 1333 2262 1374 nequit
2283 1340 2321 1373 ut
2349 1332 2499 1368 mortuus

1439 1377 1572 1408 naturali
1588 1378 1727 1417 potentia
1742 1384 1894 1418 resurgat,
1910 1378 1953 1408 ita
1974 1377 2041 1408 fieri
2064 1378 2174 1418 nequit
2189 1383 2224 1408 ut
2238 1377 2338 1408 homo
2363 1372 2499 1414 naturali

1438 1421 1559 1452 ratione
1576 1421 1696 1452 occidat
1711 1422 1806 1452 licite:
1823 1421 1968 1462 quamvis
1989 1421 2094 1452 divina
2117 1420 2258 1462 potentia
2281 1427 2428 1453 mortuus
2449 1431 2499 1462 ref

1439 1472 1554 1505 surgat,
1572 1471 1602 1495 et
1617 1466 1722 1496 divina
1736 1466 1857 1496 ratione
1873 1466 1974 1496 homo
1990 1465 2112 1497 occidat
2136 1465 2230 1496 licite.
2246 1465 2310 1496 Sed
2330 1465 2409 1496 haec
2429 1475 2498 1497 non

1439 1519 1506 1541 esse
1531 1510 1692 1546 contraria,
1711 1509 1833 1549 liquido
1858 1516 1990 1545 constat.
2013 1509 2105 1540 Unde
2133 1516 2218 1550 patet
2236 1510 2326 1550 quod
2349 1509 2408 1541 ista
2429 1510 2499 1547 dun

1439 1559 1521 1584 stant
1543 1553 1652 1583 simul:
1677 1554 1842 1594 Praecepta
1863 1553 2003 1594 decalogi
2026 1560 2100 1585 sunt
2119 1553 2340 1585 conclusiones
2355 1563 2496 1585 necessa-

1439 1596 1502 1627 riae
1518 1607 1553 1627 ex
1576 1597 1643 1627 iure
1662 1604 1789 1628 naturae
1806 1597 2013 1634 strictissime;
2031 1604 2061 1628 et
2079 1597 2147 1638 ipsa
2160 1596 2238 1628 ‘sunt
2251 1608 2268 1628 a
2284 1596 2354 1628 Deo
2370 1597 2495 1640 dispen-

1439 1640 1547 1671 sabilia
1574 1641 1825 1681 quodammodo.
1837 1641 1950 1672 Verius
1973 1648 2079 1673 tamen
2099 1641 2247 1674 dicuntur
2269 1640 2496 1682 indispensabi-

1437 1685 1480 1715 lia
1500 1685 1648 1715 omnino:
1666 1692 1696 1716 et
1715 1685 1766 1725 pie
1791 1692 1988 1726 exponantur
2010 1684 2209 1716 auctoritates
2230 1685 2367 1717 dicentes
2389 1685 2496 1717 Deum

1438 1728 1471 1759 in
1486 1730 1658 1769 praeceptis
1677 1730 1832 1759 secundae
1845 1730 1971 1760 tabulae
1997 1729 2188 1770 dispensare,
2208 1735 2244 1760 ut
2263 1729 2384 1760 dictum
2406 1735 2470 1760 est„
2493 1753 2497 1758 .

1493 1773 1544 1804 111.
1561 1773 1611 1810 Ad
1627 1773 1796 1804 secundam
1813 1774 1968 1804 rationem
1978 1773 1996 1793 *
2010 1773 2123 1804 dicitur
2134 1773 2223 1813 quod
2238 1773 2438 1810 voluntatem
2451 1772 2499 1812 Idi,-

1437 1816 1545 1849 vinam
1577 1817 1774 1848 determinari
1807 1818 1846 1847 ad
1874 1817 2003 1858 aliquid,
2029 1823 2135 1858 potest
2156 1816 2288 1859 intelligi
2319 1817 2499 1865 dupliciterff‘

1437 1860 1555 1897 Primo,
1572 1867 1608 1891 ut
1629 1861 1852 1892 determinetur
1874 1861 1914 1891 ad
1935 1860 2111 1898 volendum
2131 1859 2251 1902 aliquid
2273 1859 2359 1899 eitra,
2373 1870 2405 1891 se
2428 1860 2495 1898 esse

1437 1905 1487 1935 vel
1503 1914 1569 1935 non
1588 1914 1663 1935 esse.
1688 1906 1728 1935 Et
1744 1905 1787 1935 sic
1802 1912 1848 1935 est
1867 1905 2063 1945 impossibile
2086 1905 2176 1946 quod
2194 1904 2419 1941 determinetur
2435 1895 2497 1941 nisi

1437 1950 1456 1979 a
1471 1948 1573 1988 seipsa
1586 1948 1690 1979 libere.
1707 1950 1746 1980 Et
1760 1950 1821 1980 hoc
1836 1949 2060 1980 determinatur
2073 1949 2106 1979 in
2121 1949 2205 1980 libro
2217 1948 2499 1987 Sententiaru'niff
2522 1961 2532 1972 ·

1438 1999 1469 2024 et
1491 1993 1585 2032 gratis
1609 1994 1799 2024 conceditur.
1815 2011 1836 2016 -
1852 1993 1926 2024 Alio
1948 1993 2060 2029 mod0,
2085 2000 2123 2024 ut
2148 1988 2374 2034 determinetur
2387 1993 2428 2024 ad
2448 2002 2496 2024 ra*

1439 2036 1623 2068 ctitudinem
1644 2037 1693 2068 vel
1709 2037 1926 2078 obliquitatem
1946 2036 2088 2073 alicuius.
2114 2036 2156 2077 Et
2175 2037 2228 2075 sic,
2244 2043 2392 2077 ,respecm
2408 2040 2498 2079 corrig

1438 2080 1613 2121 plexorum,
1630 2091 1694 2111 non
1709 2081 1892 2113 inconvenit
1902 2081 2099 2112 voluntatem
2113 2080 2254 2112 divinam
2270 2089 2336 2116 esse
2350 2080 2499 2129 deterrui,

1438 2131 1553 2155 natam.
1571 2125 1611 2155 Et
1625 2125 1686 2155 hoc
1701 2131 1827 2165 oportet
1842 2125 1936 2155 etiam
1950 2124 2057 2166 ipsum
2073 2124 2206 2155 Scotum
2221 2131 2378 2156 et‘omnes
2394 2121 2499 2168 fateri,

1438 2168 1574 2199 dicentes
1594 2169 1659 2199 dari
1682 2169 1786 2209 aliqua
1805 2175 1969 2209 praecepta
1984 2178 2040 2208 per
2056 2178 2088 2199 se
2107 2169 2200 2205 bona,
2222 2175 2253 2200 et
2266 2167 2424 2209 prohibita
2438 2167 2497 2216 pes

2523 1784 2532 1794 '¹
2547 1783 2583 1806 Cf.
2597 1789 2663 1807 nnn.
2677 1789 2694 1806 ι.

2521 1959 2739 2014 efflasset

2522 2012 2734 2041 sent-,dunum

1437 2222 1470 2243 se
1493 2213 1585 2249 mala,
1602 2219 1637 2243 ut
1653 2213 1753 2253 prima
1770 2219 1934 2253 praecepta
1950 2213 2025 2243 iuris
2041 2218 2180 2249 naturae,
2197 2219 2228 2244 et
2243 2213 2345 2253 prima
2367 2215 2497 2253 praeceb
2521 2255 2525 2262 A

1436 2263 1491 2297 pta
1509 2256 1659 2296 decalogi.
1677 2257 1726 2287 Ad
1742 2257 1819 2288 haec
1841 2257 1971 2297 quippe,
1991 2266 2058 2287 non
2072 2255 2163 2297 quod
2184 2255 2246 2288 sint
2265 2256 2316 2287 vel
2334 2266 2401 2288 non
2422 2256 2495 2299 §aq

1436 2301 1491 2331 sed
1514 2300 1553 2331 ad
1567 2310 1679 2331 eorum
1695 2301 1913 2332 rectitudinem
1931 2307 1963 2332 et
1979 2300 2208 2342 obliquitatem,
2225 2300 2372 2333 voluntas
2388 2299 2495 2342 divuap

1436 2351 1482 2388 est
1505 2344 1708 2376 determinata
1724 2344 1767 2375 sic
1781 2351 1817 2376 ut
1835 2355 1853 2376 a
1869 2344 2042 2386 rectis1non
2058 2344 2158 2385 possit
2178 2344 2348 2380 dissonare,
2365 2354 2423 2379 nec
2437 2345 2494 2391 ol}-

1434 2386 1528 2430 liquis
1544 2389 1643 2429 possit
1666 2389 1857 2419 concordari.

1490 2432 1522 2463 Si
1545 2439 1650 2462 tamen
1679 2443 1752 2463 curn
1775 2432 1878 2463 debita
1905 2431 2076 2463 reverentia
2099 2431 2312 2472 loquendum,
2335 2437 2366 2462 et
2389 2430 2494 2469 altiori

1433 2476 1561 2507 veritate
1585 2478 1739 2507 utendum
1763 2483 1819 2513 est,
1834 2477 1936 2507 dicere
1958 2476 2112 2507 debemus
2138 2475 2237 2516 quod,
2261 2475 2343 2506 sicut
2365 2475 2490 2508 divinus

1433 2520 1608 2552 intellectus
1635 2520 1816 2552 naturaliter
1845 2520 2070 2553 determinatus
2098 2526 2145 2552 est
2172 2519 2214 2553 ad.
2243 2519 2350 2552 Deum
2384 2519 2493 2559 ipsun

1433 2570 1556 2595 tantum
1579 2564 1828 2605 intelligendum,
1845 2571 1876 2596 et
1897 2564 1931 2595 in
1954 2574 1987 2594 se
2010 2563 2118 2597 omnia
2141 2563 2322 2605 naturaliter
2348 2563 2492 2595 relucen-

1431 2608 1488 2645 tia;
1513 2608 1555 2638 ita
1573 2609 1677 2638 divina
1699 2608 1846 2640 voluntas
1860 2608 1902 2650 *ad
1920 2607 2025 2653 Deum
2043 2606 2150 2648 ipsum
2165 2613 2291 2641 tantum
2305 2607 2490 2644 volendum,

1432 2658 1463 2682 et
1478 2651 1510 2682 in
1527 2652 1627 2692 seipsa
1652 2652 1760 2684 omnia
1776 2651 1956 2684 naturaliter
1970 2658 2061 2687 recta,
2075 2651 2182 2693 qualia
2198 2657 2271 2683 sunt
2291 2649 2488 2690 huiusmodi,

1431 2705 1514 2737 quae
1537 2706 1603 2726 non
1627 2697 1685 2726 nisi
1708 2696 1740 2726 in
1764 2697 1833 2727 Deo
1856 2702 1939 2734 sunt,
1956 2702 2126 2736 antequam
2150 2695 2188 2725 ab
2211 2694 2282 2736 ipso
2312 2694 2490 2726 communi-

1431 2746 1582 2771 carentur.

1487 2784 1538 2814 IV.
1556 2785 1607 2814 Ad
1622 2783 1744 2815 tertiam
1759 2784 1914 2815 rationem
1925 2784 1942 2804 *
1957 2783 2071 2815 dicitur
2085 2783 2175 2824 quod
2186 2789 2411 2823 argumentum
2425 2793 2492 2817 tnn-

1431 2827 1540 2859 nifeste
1555 2835 1672 2868 peccat,
1688 2838 1706 2858 a
1722 2828 1861 2860 bonitate
1877 2835 1908 2858 et
1925 2828 2045 2861 malitia
2058 2833 2300 2873 praeceptorum
2319 2827 2353 2859 in
2368 2827 2493 2871 seipsis,

1431 2871 1469 2902 ad
1497 2871 1671 2902 bonitatem
1703 2871 1753 2902 vel
1785 2871 1937 2902 malitiam
1965 2870 2056 2902 nobis
2089 2870 2310 2906 necessariam:
2343 2868 2495 2912 quamvis

1430 2915 1525 2946 etiam
1548 2916 1591 2946 sic
1610 2925 1675 2946 non
1697 2916 1865 2946 concludat
1878 2916 2044 2946 intentum.
2062 2915 2113 2946 Ad
2131 2922 2273 2957 quorum
2291 2914 2493 2958 evidentiam,

1430 2958 1508 2990 scito
1524 2959 1622 3000 quod,
1647 2960 1920 2999 quemadmodum
1943 2959 1976 2989 in
1991 2957 2189 2999 speculativis
2212 2958 2353 2999 primum
2375 2957 2493 2999 princi—

1429 3003 1520 3043 pium
1537 3010 1567 3034 et
1590 3003 1809 3034 conclusiones
1833 3003 2021 3034 necessariae
2043 3003 2088 3033 sic
2104 3013 2137 3034 se
2151 3003 2268 3034 habent
2289 3003 2378 3044 quod
2401 3002 2485 3043 ptin-

1430 3047 1501 3087 cipii
1516 3047 1628 3079 veritas
1651 3057 1717 3078 non
1732 3054 1802 3087 eget
1823 3047 1951 3078 veritate
1966 3046 2179 3082 conclusionis
2194 3044 2265 3090 (sed
2284 3056 2302 3081 ,e
2320 3045 2495 3090 converso)-

1429 3101 1486 3121 nec
1510 3091 1685 3122 secundum
1708 3101 1827 3131 senec
1850 3091 1962 3132 quoad
1989 3091 2204 3131 cognitionem
2227 3097 2387 3128 nostram,
2412 3090 2497 3135 quiq!

1428 3135 1539 3165 veritas
1563 3134 1707 3175 principii
1732 3142 1778 3166 est
1801 3145 1894 3166 causa
1915 3134 2053 3166 veritatis
2077 3131 2299 3171 conclusionis,
2323 3140 2355 3166 et
2376 3131 2445 3183 ῥοῇ
2470 3131 2477 3134 ”

1427 3178 1572 3219 principii
1595 3189 1651 3219 per
1674 3189 1706 3209 se
1729 3179 1797 3210 noti
1820 3185 1866 3210 est
1889 3189 1983 3210 causa
2003 3178 2132 3209 notitiae
2156 3177 2369 3210 conclusionis
2392 3184 2422 3208 n‘

1428 3232 1464 3253 ex
1478 3222 1550 3259 illo;
1567 3223 1607 3252 ad
1618 3223 1858 3254 contradictoria
1868 3229 1975 3254 autem
1985 3221 2229 3254 conclusionum
2239 3219 2487 3256 necessariarum

1427 3266 1470 3296 ita
1493 3276 1525 3297 se
1547 3266 1642 3298 habet
1664 3267 1856 3307 principium
1878 3267 2019 3308 primum
2033 3266 2123 3308 quod
2142 3275 2218 3297 cum
2239 3265 2316 3306 ipsis
2338 3272 2404 3296 non
2422 3270 2493 3296 stat

1427 3320 1484 3341 nec
1507 3311 1683 3342 secundum
1705 3321 1747 3347 se,
1772 3321 1829 3342 nec
1845 3311 1953 3351 quoad
1975 3321 2035 3341 nos
2061 3310 2087 3341 si
2110 3316 2187 3341 nota
2205 3316 2252 3342 est
2275 3307 2428 3343 connais>
2445 3307 2486 3342 ad

1425 3353 1570 3391 invicem,
1588 3361 1623 3385 ut
1646 3361 1746 3394 patet:
1772 3355 1814 3385 ita
1837 3354 1869 3384 in
1885 3354 2028 3395 practicis
2051 3354 2224 3384 moralibus
2247 3351 2318 3383 finis
2341 3351 2482 3387 ultimus,

1427 3404 1457 3428 et
1479 3407 1514 3428 ea
1530 3408 1611 3438 quae
1627 3405 1700 3429 sunt
1724 3398 1906 3438 simpliciter
1921 3397 2092 3431 necessaria
2114 3407 2151 3428 ex
2165 3396 2231 3433 ino,
2249 3396 2292 3427 sic
2315 3405 2348 3425 se
2369 3394 2486 3426 habent

1426 3442 1515 3482 quod
1538 3441 1608 3472 finis
1631 3441 1755 3473 bonitas
1783 3452 1848 3472 non
1879 3441 2034 3482 dependet
2057 3451 2075 3472 a
2096 3439 2236 3481 bonitate
2265 3437 2401 3471 aliorum
2426 3448 2484 3470 nec

1425 3485 1458 3515 in
1482 3495 1548 3516 esse
1568 3495 1624 3516 nec
1647 3485 1680 3516 in
1703 3485 1811 3521 amari,
1832 3486 1887 3516 sed
1911 3495 1928 3516 e
1949 3493 2118 3520 converso;
2142 3483 2184 3514 ad
2205 3482 2353 3523 opposita
2375 3489 2483 3513 autem

2453 3167 2496 3186 A*

2517 2792 2526 2802 ·
2541 2789 2577 2812 Cf.
2591 2794 2656 2812 nnn.
2670 2795 2689 2812 ι.
