2840 4010
87 1871 99 1882 '⁵
113 1871 138 1893 In
152 1877 216 1899 resp.
231 1871 259 1893 ad
276 1877 299 1898 4.

90 2933 99 2942 '¹
115 2932 143 2953 D.
159 2931 210 2960 366.

338 149 411 184 236

335 233 463 263 autem
482 226 762 286 significabatur
782 225 949 262 caelestis
969 223 1176 260 meditatio.
1198 244 1221 250 -
1241 222 1303 259 Ad
1322 229 1394 259 sta-

334 287 415 315 tum
438 287 565 316 autem
583 279 721 317 veteris
740 278 831 326 legis
850 278 956 314 aliter
972 289 1010 313 se
1031 276 1196 312 habebat
1214 276 1391 324 populus,

1034 145 1301 192 QUAESTIO
1332 145 1415 191 CII,

1445 145 1741 182 ARTICULUS
1772 147 1822 182 IV

1449 223 1552 260 diam
1567 235 1700 260 eorum
1718 223 1790 261 ad
1781 224 1960 272 invicem,
1976 227 2189 266 secundum
2204 229 2292 266 illud
2305 231 2375 267 Iob
2384 241 2457 267 xxv
2466 230 2507 267 *ε

1453 277 1527 319 Qui
1541 277 1643 325 facit
1678 277 1919 314 concordiam
1948 278 1986 315 in
2013 279 2242 318 sublimibus.
2278 283 2327 319 Et
2353 291 2510 332 propter

335 339 371 368 et
390 332 495 368 aliter
514 332 739 368 sacerdotes.
762 331 863 366 Nam
892 329 1057 377 populus
1080 328 1162 376 ipsa
1183 328 1393 377 corporalia
1445 331 1520 367 hoc
1555 330 1667 367 etiam
1705 343 1783 367 non
1812 329 1879 367 fuit
1914 342 2013 367 unus
2048 338 2193 369 tantum
2226 334 2439 384 cherubim,
2468 344 2510 373 ut

335 384 517 421 sacrificia
549 383 832 429 considerabat,
862 394 961 430 quae
990 381 1028 417 in
1057 381 1151 417 atrio
1181 381 1392 419 offereban-

334 445 404 473 tur.
427 437 650 473 Sacerdotes
678 447 771 472 vero
801 434 987 471 rationem
1008 433 1282 471 sacrificiorum
1303 447 1393 471 con-

334 489 563 535 siderabant,
593 489 776 525 habentes
804 487 922 524 fidem
951 486 1071 534 magis
1101 487 1314 535 explicitam
1343 487 1391 525 de

334 541 517 589 mysteriis
552 540 701 577 Christi.
736 541 785 576 Et
816 540 904 576 ideo
940 539 1130 576 intrabant
1161 540 1199 577 in
1232 541 1392 579 exterius

333 594 630 630 tabernaculum.
662 593 779 639 Quod
804 592 918 629 etiam
948 592 1120 640 quodam
1147 594 1235 630 velo
1265 594 1392 633 distin-

332 646 515 693 guebatur
546 646 593 682 ab
627 646 741 682 atrio:
780 645 868 694 quia
902 645 1093 694 quaedam
1131 654 1237 683 erant
1267 648 1392 684 velata

332 699 474 747 populo
505 698 601 735 circa
630 698 853 746 mysterium
881 698 1031 747 Christi,
1061 711 1159 747 quae
1189 701 1392 738 sacerdoti-

331 753 401 788 bus
422 759 528 788 erant
555 758 656 788 nota.
678 751 770 788 Non
789 759 918 788 tamen
947 759 1054 789 erant
1073 751 1126 788 eis
1149 753 1261 800 plene
1287 765 1392 790 reve-

330 805 414 851 lata,
437 804 531 840 sicut
558 811 692 852 postea
711 804 749 841 in
769 817 873 841 novo
903 812 1142 852 testamentO,
1163 813 1205 842 ut
1231 806 1394 844 habetur

329 858 463 905 Ephes.
486 869 520 893 111
535 856 566 893 ²¹⁶.

382 911 440 946 AD
471 921 632 952 QUtNTUM
660 921 844 947 DICENDUM
877 910 984 958 quod
1017 909 1188 947 adoratio
1217 911 1264 948 ad
1294 912 1393 948 occi-

331 963 483 999 dentem
512 962 581 999 fuit
607 963 820 999 introducta
854 962 892 1000 in
924 964 1005 1011 lege
1037 964 1087 1001 ad
1116 965 1391 1002 excludendam

329 1015 603 1052 idololatriam:
633 1028 723 1052 nam
757 1028 893 1053 omnes
925 1016 1101 1064 gentiles,
1140 1017 1179 1053 in
1216 1029 1392 1055 reveren-

329 1068 420 1106 tiam
450 1069 550 1116 solis,
580 1069 790 1106 adorabant
816 1069 866 1105 ad
895 1069 1100 1116 orientem;
1125 1070 1228 1107 unde
1259 1071 1393 1108 dicitur

328 1123 462 1170 Ezech.
491 1121 602 1169 V111*,
632 1122 737 1170 quod
765 1122 922 1170 quidam
950 1123 1138 1159 habehant
1164 1123 1276 1160 dorsa
1305 1136 1392 1161 con-

329 1180 388 1211 tra
422 1175 598 1223 templum
632 1175 791 1211 Domini
822 1180 858 1211 et
876 1175 1004 1222 facies
1038 1175 1090 1212 ad
1119 1177 1320 1223 orientem,
1358 1183 1394 1214 et

329 1228 542 1264 adorabant
566 1228 618 1264 ad
648 1233 772 1264 ortum
804 1227 903 1264 solis.
938 1227 1049 1264 Unde
1078 1229 1127 1265 ad
1161 1229 1236 1266 hoc
1269 1231 1392 1267 exclu-

330 1280 520 1328 dendum,
550 1281 838 1317 tabernaculum
866 1280 1034 1317 habebat
1062 1281 1202 1318 Sancta
1235 1283 1392 1320 Sancto-

329 1346 414 1370 rum
442 1334 489 1370 ad
524 1333 782 1381 occidentem,
816 1341 859 1370 ut
889 1345 1024 1371 versus
1057 1334 1295 1372 occidentem
1327 1336 1392 1374 ad-

329 1394 491 1424 orarent.

382 1439 493 1476 Ratio
532 1439 644 1476 etiam
679 1439 845 1487 figuralis
884 1451 965 1476 esse
1008 1447 1133 1488 potest
1169 1441 1258 1489 quia
1291 1449 1392 1479 totus

328 1499 443 1529 status
471 1492 604 1541 prioris
632 1492 863 1529 tabernaculi
892 1493 1138 1530 ordinabatur
1159 1494 1210 1530 ad
1228 1495 1394 1543 figuran-

329 1545 422 1583 dum
450 1553 615 1582 mortem
631 1545 793 1592 Christi,
823 1557 922 1594 quae
946 1546 1177 1594 significatur
1195 1559 1264 1596 per
1283 1560 1393 1585 occa-

328 1611 435 1645 sum;
466 1599 678 1635 secundum
697 1598 789 1635 illud
808 1599 948 1635 Psalmi
968 1612 1063 1637 vau
1078 1599 1112 1636 *ε
1138 1600 1214 1642 Qui
1229 1602 1397 1639 ascendit

327 1664 440 1701 super
466 1663 654 1697 occasum,
683 1651 871 1688 Dominus
899 1665 1035 1689 nomen
1065 1653 1129 1690 illi.

380 1708 439 1742 An
468 1717 610 1742 SEXTUM
637 1716 821 1741 DlCENDUM
847 1706 953 1754 quod
982 1718 1116 1754 eorum
1146 1718 1244 1755 quae
1273 1707 1312 1744 in
1339 1715 1393 1744 ta-

328 1759 533 1795 bernaculo
563 1757 866 1806 continebantur,
896 1759 988 1796 ratio
1016 1759 1121 1797 reddi
1141 1766 1267 1808 potest
1286 1768 1322 1797 et
1340 1761 1394 1797 lit-

327 1811 450 1848 teralis
480 1818 516 1848 et
542 1810 720 1859 figuralis.
743 1811 927 1848 Litteralis
957 1812 1123 1860 quidem,
1148 1825 1218 1861 per
1246 1814 1394 1851 relatio-

328 1876 417 1902 nem
446 1865 495 1901 ad
530 1865 672 1901 cultum
706 1863 890 1901 divinum.
925 1866 974 1902 Et
1001 1866 1091 1914 quia
1118 1865 1261 1903 dictum
1293 1875 1348 1904 est
1374 1867 1394 1889 ’¹‘

328 1917 434 1965 quod
461 1929 530 1966 per
556 1917 843 1954 tabernaculum
873 1917 1040 1966 interius,
1067 1919 1171 1968 quod
1201 1919 1394 1958 dicebatur

328 1972 467 2007 Sancta
496 1971 734 2017 Sanctorum,
765 1970 1047 2018 significabatur
1070 1973 1265 2009 saeculum
1286 1973 1393 2010 altius

327 2023 574 2072 spiritualium
602 2023 915 2072 substantiarum,
945 2025 1032 2062 ideo
1062 2025 1100 2062 in
1129 2025 1191 2062 illo
1219 2026 1394 2064 taberna-

328 2078 413 2114 culo
442 2076 839 2114 tria·continebantur.
871 2077 1021 2115 Scilicet
1047 2090 1139 2115 arca
1167 2080 1392 2126 testamenti,

327 2131 364 2167 in
393 2142 468 2178 qua
495 2136 579 2167 erat
606 2142 703 2167 urna
730 2142 849 2167 aurea
876 2131 1016 2168 hahens
1043 2143 1198 2178 manna,
1222 2138 1258 2168 et
1279 2133 1393 2183 virga

232 2191 244 2206 0
267 2191 299 2212 ¹¹2
326 2184 458 2220 Aaron
474 2195 571 2231 quae
584 2183 822 2230 fronduerat,
838 2190 873 2220 et
886 2184 1064 2221 tabulae*
1077 2185 1116 2222 in
1132 2185 1270 2234 quibus
1289 2194 1395 2224 erant

327 2237 464 2285 scripta
493 2237 628 2273 decem
656 2244 859 2285 praecepta
887 2237 989 2285 legis.
1020 2238 1127 2275 Haec
1155 2246 1283 2276 autem
1304 2251 1391 2276 arca

327 2290 397 2327 sita
427 2297 505 2326 erat
529 2288 627 2332 inter
651 2290 747 2326 duos
773 2291 975 2337 cherubim,
997 2291 1062 2340 qui
1091 2303 1131 2328 se
1151 2291 1292 2329 mutuis
1309 2293 1393 2330 vul-

325 2343 425 2380 tibus
454 2342 716 2392 respiciebant.
742 2343 791 2379 Et
814 2355 928 2392 super
945 2356 1073 2380 arcam
1095 2351 1175 2381 erat
1202 2345 1392 2393 quaedam

326 2397 455 2433 tabula
469 2401 494 2443 ⁰,
515 2408 615 2444 quae
634 2395 830 2432 dicebatur
842 2397 1159 2445 propitiatorium,
1181 2410 1295 2447 super
1315 2399 1392 2436 alas

327 2449 544 2496 cherubim,
573 2448 682 2497 quasi
719 2450 768 2485 ab
805 2449 896 2498 ipsis
925 2450 1122 2487 cherubim
1159 2459 1391 2500 portaretur:

327 2515 372 2539 ac
400 2502 430 2539 si
457 2501 728 2550 imaginaretur
765 2503 869 2551 quod
906 2502 967 2539 illa
1001 2504 1129 2540 tabula
1158 2511 1256 2541 esset
1282 2504 1393 2542 sedes

326 2555 410 2592 Dei.
437 2555 548 2592 Unde
578 2562 615 2592 et
642 2555 944 2604 propitiatorium
975 2556 1181 2604 dicebatur,
1204 2557 1311 2606 quasi
1330 2568 1393 2594 ex-

327 2608 414 2646 inde
429 2609 574 2657 populo
595 2607 872 2656 propitiaretur,
889 2609 937 2646 ad
955 2621 1089 2657 preces
1110 2611 1251 2647 summi
1271 2622 1393 2648 sacer-

328 2662 436 2699 dotis.
459 2663 508 2698 Et
531 2661 618 2698 ideo
642 2661 750 2710 quasi
772 2662 996 2710 portabatur
1015 2675 1036 2699 a
1057 2663 1263 2712 cherubim,
1285 2663 1393 2712 quasi

328 2716 412 2751 Deo
451 2714 770 2764 obsequentibus:
807 2727 892 2751 arca
929 2727 1023 2752 vero
1062 2716 1277 2753 testamenti
1314 2724 1394 2754 erat

328 2768 435 2816 quasi
464 2768 672 2804 scabellum
702 2767 866 2804 sedentis
895 2780 1010 2816 supra
1038 2769 1392 2818 propitiatorium.-

328 2822 402 2857 Per
428 2821 524 2857 haec
543 2828 672 2857 autem
692 2820 761 2857 tria
781 2821 1024 2868 designantur
1042 2822 1111 2859 tria
1131 2834 1229 2871 quae
1249 2830 1336 2860 sunt
1354 2822 1392 2860 in

328 2873 389 2910 illo
409 2873 530 2910 altiori
549 2874 714 2910 saeculo.
740 2874 890 2911 Scilicet
908 2875 1025 2922 Deus,
1047 2875 1110 2924 qui
1129 2887 1244 2924 super
1262 2876 1393 2912 omnia

329 2934 404 2973 est,
436 2934 471 2963 et
498 2927 891 2976 incomprehensibilis
922 2928 1028 2964 omni
1058 2936 1251 2965 creaturae
1278 2930 1309 2966 ¹⁹.
1344 2930 1393 2966 Et

328 2987 483 3028 propter
510 2980 585 3016 hoc
612 2981 721 3017 nulla·
742 2979 948 3018 similitudo
979 2980 1059 3017 eius
1086 2982 1317 3030 ponebatur,
1343 2982 1391 3019 ad

330 3033 688 3080 repraesentandam
716 3033 798 3070 eius
826 3033 1133 3071 invisibilitatem.
1168 3034 1245 3072 Sed
1273 3046 1391 3084 pone-

329 3085 439 3122 batur
471 3087 661 3133 quaedam
699 3087 821 3134 figura
853 3086 954 3123 sedis
991 3087 1092 3124 eius:
1127 3087 1216 3135 quia
1252 3087 1392 3125 scilicet

330 3145 500 3174 creatura
528 3139 878 3188 comprehensibilis
911 3147 982 3188 est,
1012 3152 1110 3199 quae
1139 3147 1195 3177 est
1223 3141 1392 3178 subiecta

330 3190 435 3237 Deo,
465 3191 559 3228 sicut
588 3192 698 3229 sedes
731 3192 889 3230 sedenti.
911 3194 1008 3230 Sunt
1041 3193 1155 3230 etiam
1184 3193 1222 3230 in
1257 3193 1319 3231 illo
1340 3194 1391 3230 al·-

330 3242 413 3278 tiori
447 3245 598 3280 saeculo
632 3245 839 3293 spirituales
865 3246 1112 3294 substantiae,
1143 3258 1243 3294 quae
1269 3246 1390 3295 angeli

331 3294 514 3332 dicuntur.
541 3297 589 3332 Et
607 3297 645 3333 hi
665 3298 924 3345 significantur
950 3311 1019 3347 per
1044 3299 1140 3336 duos
1169 3299 1388 3346 cherubim:

330 3355 464 3384 mutuo
493 3360 533 3384 se
562 3349 815 3399 respicientes,
844 3351 891 3388 ad
922 3352 1195 3399 designandam
1232 3365 1390 3390 concor-

383 3479 408 3512 ο)
429 3479 527 3504 rabula.
546 3493 563 3498 -
581 3479 686 3511 lapidea
707 3481 803 3506 addunt
821 3481 867 3506 Pa.

1448 383 1706 430 designaretur
1739 383 1940 420 multitudo
1977 384 2195 421 caelestium
2223 386 2441 436 spirituum,
2472 397 2508 426 et

1448 436 1708 473 excluderetur
1737 437 1856 473 cultus
1876 448 2010 473 eorum
2037 437 2085 473 ab
2113 437 2171 474 his
2200 438 2338 486 quibus
2354 451 2508 488 praece-

1446 497 1556 538 ptum
1591 497 1669 526 erat
1697 497 1738 526 ut
1757 490 1881 526 solum
1915 502 2035 526 unum
2064 491 2191 526 Deum
2213 491 2390 529 colerent.
2413 494 2509 537 Sunt

1454 543 1565 579 etiam
1593 542 1632 579 in
1652 542 1714 579 illo
1734 542 1952 590 intelligibili
1977 544 2129 579 saeculo
2150 543 2314 580 rationes
2333 545 2508 587 omnium

1447 608 1583 632 eorum
1610 607 1707 643 quae
1727 595 1764 632 in
1785 596 1859 632 hoc
1879 591 2030 632 saeculo
2051 597 2301 644 perficiuntur
2324 598 2510 645 quodam-

1446 649 1565 685 modo
1595 649 1756 694 clausae,
1778 648 1872 685 sicut
1900 649 2064 686 rationes
2094 649 2298 687 effectuum
2329 651 2509 688 claudun-

1445 709 1505 738 tur
1531 701 1570 738 in
1598 700 1675 737 suis
1709 700 1850 747 causis,
1882 709 1918 738 et
1952 702 2117 738 rationes
2149 702 2433 740 artificiatorum
2470 704 2509 742 in

1446 754 1600 792 artifice.
1622 755 1670 790 Et
1698 754 1773 789 hoc
1801 753 2082 801 significabatur
2108 767 2178 804 per
2205 767 2345 802 arcam,
2366 756 2404 793 in
2431 767 2509 806 qua

1446 807 1835 856 repraesentabantur,
1856 818 1926 854 per
1952 807 2022 844 tria
2040 807 2091 844 ibi
2111 815 2299 856 contenta,
2320 809 2389 846 tria
2409 821 2508 857 quae

1446 868 1534 898 sunt
1551 859 1749 909 potissima
1767 858 1806 895 in
1831 859 1945 895 rebus
1973 860 2169 898 humanis:
2196 861 2335 899 scilicet
2362 862 2509 912 sapien-

1446 914 1507 961 tia,
1525 925 1623 962 quae
1643 912 1997 960 repraesentabatur
2022 925 2091 961 per
2109 915 2256 951 tabulas
2275 915 2506 962 testamenti3

1445 974 1612 1015 potestas
1654 964 1871 1013 regiminis,
1912 976 2010 1013 quae
2048 969 2400 1015 repraesentabatur
2440 980 2510 1018 per

1444 1020 1591 1067 virgam
1620 1020 1770 1063 Aaron;
1800 1017 1899 1064 vita,
1929 1029 2026 1065 quae
2061 1022 2414 1067 repraesentabatur
2440 1034 2510 1071 per

1446 1085 1598 1119 manna,
1619 1071 1726 1119 quod
1755 1070 1822 1107 fuit
1847 1078 2187 1109 sustentamentum
2208 1073 2320 1111 vitae.
2350 1075 2419 1111 Vel
2439 1087 2509 1124 per

1444 1126 1540 1163 haec
1567 1125 1637 1162 tria
1665 1123 1974 1184 significabantur
2006 1123 2075 1160 tria
2102 1125 2176 1161 Dei
2208 1126 2403 1164 attributa:
2438 1128 2508 1165 sci-

1445 1179 1530 1216 licet
1557 1177 1751 1237 sapientia,
1772 1176 1810 1213 in
1839 1175 1993 1222 tabulis;
2015 1177 2196 1225 potentia,
2221 1177 2260 1215 in
2283 1178 2410 1227 virga3
2440 1181 2508 1218 bo-

1445 1232 1557 1279 nitas,
1587 1232 1625 1268 in
1654 1241 1815 1276 manna,
1845 1237 1927 1266 turn
1955 1205 2112 1278 piopter
2140 1230 2403 1279 dulcedinem,
2426 1240 2508 1271 tum

1445 1284 1534 1334 quia
1563 1297 1607 1321 ex
1635 1283 1706 1320 Dei
1735 1282 1994 1319 misericordia
2024 1290 2079 1319 est
2097 1284 2242 1331 populo
2272 1283 2403 1321 datum
2420 1290 2509 1333 ’‘„et

1444 1338 1532 1375 ideo
1561 1337 1599 1374 in
1628 1336 1854 1373 memoriam
1875 1335 2328 1373 divinaevmisericordiae
2357 1349 2509 1376 conser-

1444 1391 1616 1429 vabatur.
1647 1410 1671 1418 -
1698 1390 1746 1426 Et
1773 1389 1869 1425 haec
1906 1389 1975 1425 tria
2013 1389 2126 1426 etiam
2156 1389 2316 1437 figurata
2352 1398 2440 1428 sunt
2468 1391 2509 1429 in

1444 1444 1592 1481 visione
1622 1442 1739 1479 Isaiae
1758 1442 1789 1478 *.
1807 1441 1909 1479 Vidit
1944 1441 2044 1479 enim
2065 1442 2278 1479 Dominum
2308 1443 2507 1482 sedentem
2536 1458 2545 1468 ·

1446 1509 1560 1546 super
1588 1496 1726 1533 solium
1753 1495 1944 1532 excelsum
1965 1502 2001 1532 et
2021 1496 2227 1542 elevatum3
2249 1503 2286 1533 et
2305 1497 2508 1546 Seraphim

1446 1550 1679 1594 assistentes3
1710 1556 1747 1585 et
1772 1548 1933 1585 domum
1962 1547 2110 1597 impleri
2140 1560 2161 1585 a
2181 1549 2298 1597 gloria
2320 1550 2405 1588 Dei.
2431 1551 2509 1588 Un-

1448 1603 1495 1640 de
1525 1610 1560 1639 et
1589 1601 1790 1650 Seraphim
1821 1601 2017 1638 dicebant:
2045 1600 2162 1638 Plena
2181 1607 2236 1638 est
2257 1603 2379 1640 omnis
2406 1609 2509 1642 terra

1445 1657 1571 1706 gloria
1601 1656 1689 1692 eius.
1710 1676 1734 1682 -
1756 1655 1804 1691 Et
1827 1654 1881 1691 sic
1905 1653 2168 1691 similitudines
2199 1655 2401 1704 Seraphim
2429 1668 2510 1695 non

1448 1709 1689 1758 ponebantur
1708 1709 1755 1745 ad
1780 1708 1933 1754 cultum,
1964 1707 2069 1756 quod
2088 1707 2361 1756 prohibebatur
2384 1709 2510 1759 primo

1447 1762 1539 1810 legis
1567 1769 1793 1811 praecepto:
1818 1761 1885 1798 sed
1914 1760 1952 1797 in
1971 1760 2120 1808 signum
2150 1761 2363 1809 ministerii,
2392 1769 2434 1800 ut
2457 1762 2511 1800 di-

1449 1823 1551 1852 ctum
1581 1823 1646 1852 est.

1502 1869 1544 1905 In
1579 1867 1750 1905 exteriori
1778 1879 1872 1903 vero
1901 1866 2163 1914 tabernaculo,
2193 1867 2300 1915 quod
2327 1867 2511 1916 significat

1446 1933 1627 1970 praesens
1647 1920 1853 1966 saeculum,
1877 1919 2165 1958 continebantur
2188 1919 2301 1957 etiam
2321 1920 2412 1958 tria:
2441 1921 2510 1959 sci-

1445 1974 1531 2012 licet
1557 1975 1677 2011 altare
1703 1973 1968 2022 thymiamatis,
1989 1974 2093 2021 quod
2117 1980 2196 2010 erat
2219 1973 2360 2011 directe
2380 1981 2511 2012 contra

1447 2039 1595 2073 arcam;
1625 2038 1754 2064 mensa
1775 2026 2055 2074 propositionis,
2083 2038 2197 2076 super
2221 2038 2338 2075 quam
2365 2027 2510 2065 duode·

1448 2080 1522 2118 cim
1550 2092 1668 2129 panes
1706 2080 2017 2128 apponebantur,
2049 2087 2127 2116 erat
2162 2079 2287 2128 posita
2324 2091 2370 2117 ex
2403 2087 2512 2129 parte

1447 2132 1675 2182 aquilonari;
1705 2132 1973 2169 candelabrum
2005 2143 2099 2169 vero
2133 2144 2179 2168 ex
2205 2139 2312 2181 parte
2347 2133 2510 2172 australi-

1448 2187 1559 2234 Quae
1587 2186 1657 2223 tria
1684 2186 1861 2223 videntur
1881 2184 2115 2234 respondere
2134 2185 2253 2222 tribus
2281 2198 2380 2234 quae
2405 2193 2513 2225 erant

1447 2239 1486 2277 in
1505 2252 1592 2276 arca
1612 2240 1755 2285 clausa,
1777 2238 1843 2275 sed
1859 2238 1978 2286 magis
1992 2237 2191 2275 manifeste
2207 2238 2343 2276 eadem
2362 2247 2512 2290 reprae?

1448 2293 1666 2330 sentabant:
1693 2299 1842 2340 oportet
1875 2292 1977 2328 enim
2007 2291 2170 2328 rationes
2199 2303 2327 2329 rerum
2357 2293 2406 2330 ad
2429 2302 2509 2330 tnad

1447 2345 1679 2382 nifestiorern
1696 2344 2062 2382 demonstrationem
2075 2344 2234 2393 perduci
2253 2357 2369 2394 quam
2385 2345 2511 2383 sintin

1447 2406 1574 2436 mente
1600 2398 1728 2435 divina
1757 2405 1794 2435 et
1821 2398 2057 2446 angelorum,
2079 2398 2127 2435 ad
2155 2398 2230 2434 hoc
2254 2398 2361 2447 quod
2387 2398 2510 2436 homi·-

1447 2464 1515 2489 nes
1543 2451 1729 2500 sapientes
1754 2463 1817 2488 eas
1846 2462 2078 2499 cognoscere
2097 2450 2254 2499 possint,
2276 2450 2340 2499 qui
2369 2451 2510 2499 signifi-

1447 2512 1579 2542 cantur
1597 2517 1666 2553 per
1693 2504 1909 2541 sacerdotes
1929 2503 2180 2552 ingredientes
2208 2504 2507 2542 tabernaculum.

1447 2559 1489 2595 In
1519 2558 1747 2594 candelabro
1776 2556 1886 2604 igitur
1913 2556 2192 2604 designabatur,
2213 2556 2307 2593 sicut
2334 2556 2372 2593 in
2401 2557 2508 2605 signo

1446 2611 1624 2658 sensibili,
1649 2610 1843 2659 sapientia,
1865 2621 1963 2658 quae
1991 2609 2282 2657 intelligibilibus
2298 2609 2427 2648 verbis
2447 2621 2509 2647 ex-

1446 2664 1680 2713 primebatur
1694 2664 1732 2700 in
1747 2663 1893 2700 tabulis.
1909 2683 1934 2691 -
1948 2663 2023 2699 Per
2037 2664 2153 2700 altare
2167 2675 2262 2700 vero
2281 2662 2510 2711 thymiama-

1446 2717 1499 2754 tis.
1519 2717 1800 2764 significabatur
1834 2716 2004 2753 officium
2039 2716 2308 2761 sacerdotum,
2341 2727 2508 2764 quorum

1447 2777 1526 2806 erat
1553 2770 1739 2818 populum
1769 2769 1818 2806 ad
1838 2770 1965 2806 Deum
1995 2769 2199 2806 reducere:
2229 2775 2266 2806 et
2284 2769 2358 2805 hoc
2377 2768 2508 2806 etiam-¹

1447 2822 1730 2871 significabatur
1757 2834 1825 2871 per
1851 2822 2010 2870 virgam.
2031 2822 2135 2859 Narn
2164 2821 2203 2859 in
2230 2822 2293 2858 illo
2322 2822 2427 2859 altari
2454 2822 2509 2859 in·

1447 2876 1678 2912 cendebatur
1696 2875 1909 2923 thymiama
1924 2875 2016 2912 boni
2031 2874 2172 2921 odoris,
2189 2887 2259 2923 per
2273 2875 2378 2924 quod
2396 2873 2510 2923 signi—

1446 2929 1632 2966 ficabatur
1651 2928 1826 2965 sanctitas
1845 2927 1977 2977 populi
1997 2927 2235 2976 acceptabilis
2250 2929 2355 2965 Deo:
2376 2927 2511 2966 dicitur

1448 2981 1548 3018 enirn
1579 2981 1697 3030 Apoc.
1726 2993 1787 3018 vm
1812 2981 1832 3002 *
1861 2981 1965 3029 quod
2002 2993 2070 3029 per
2106 2981 2256 3018 fumum
2289 2982 2508 3020 aromatum

1445 3034 1702 3083 significantur
1721 3035 1996 3082 iustificationes
2014 3040 2242 3071 sanctorum.
2265 3034 2509 3071 Convenien-

1445 3095 1501 3124 ter
1529 3095 1658 3125 autem
1687 3087 1930 3124 sacerdotalis
1957 3087 2117 3135 dignitas
2145 3087 2183 3124 in
2207 3099 2295 3124 arca
2323 3086 2509 3135 significa·

1445 3141 1555 3177 batur
1583 3153 1652 3190 per
1678 3140 1842 3188 virgam,
1872 3140 1910 3177 in
1940 3140 2113 3177 exteriori
2141 3151 2234 3178 vero
2263 3139 2507 3177 tabernaculo

1443 3205 1513 3243 per
1540 3195 1655 3231 altare
1683 3193 1962 3242 thymiamatis·
1991 3193 2079 3242 quia
2107 3193 2285 3230 sacerdos
2323 3193 2508 3230 mediator

1446 3255 1500 3284 est
1528 3247 1623 3284 inter
1650 3248 1777 3284 Deum
1802 3253 1839 3283 et
1856 3247 2057 3295 populum,
2079 3258 2214 3295 regens
2233 3246 2420 3295 populum
2438 3254 2507 3294 per

1442 3307 1670 3359 potestatem
1692 3299 1874 3359 divinam,
1896 3311 2012 3348 quam
2031 3299 2138 3359 virga
2153 3299 2358 3347 significan
2379 3304 2415 3334 et
2432 3297 2506 3333 fru-

1443 3361 1545 3390 ctum
1567 3353 1624 3390 sui
1640 3352 1841 3401 regiminis,
1858 3352 1998 3389 scilicet
2012 3352 2247 3389 sanctitatem
2260 3349 2403 3400 populi,
2420 3350 2504 3387 Deo

1499 3485 1528 3519 π)
1549 3485 1650 3510 datum.
1668 3499 1687 3504 -
1705 3485 1770 3510 data
1788 3484 1989 3510 ABCDEFIKL.

2536 240 2629 262 *verm
2646 246 2668 263 2.

2834 2312 2840 2327 ,ᾼ
2837 2296 2840 2299 .
2831 2082 2840 2285 ψη-..ει-αηυώὺκιψ
2835 2032 2840 2067 ..-
2836 2017 2840 2022 .

2828 2737 2840 2810 «ἠδ-αι

2535 2990 2648 3020 ’.ςνεη3
2657 2989 2744 3018 &Hesp

2535 3024 2588 3046 nx,
2598 3006 2691 3041 ven-8.

2830 3861 2840 3956 σμ’-Α.-
