2840 4010
121 758 130 767 ·
151 754 187 779 Cf.
207 761 246 784 qu.
262 761 329 782 exui,

120 782 210 805 Introd.

125 2411 133 2419 ¹
149 2409 216 2431 Vers.
231 2416 252 2437 7.

124 2779 134 2790 '⁸
149 2779 215 2802 Vers.
229 2786 260 2808 35.

1045 183 1310 230 QUAEsrio
1340 183 1473 229 cxiv,
1502 181 1797 219 ARTICULUS
1828 182 1841 217 1

655 370 1066 453 QUAEsrro
1105 340 2237 447 cENTEsmADECMAQuARTA‘

1271 492 1356 532 DE
1387 487 1618 532 MERITO

1167 606 1201 631 IN
1230 606 1350 632 DECEM
1378 603 1579 643 ARTICULOS
1606 607 1723 633 DIVISA

440 713 548 738 amm-3
573 701 891 738 considerandum
915 708 970 738 est
994 700 1042 737 de
1067 700 1215 747 merito,
1238 700 1347 749 quod
1363 708 1418 737 est

359 711 597 794 Deffectus
625 754 764 802 gratiae
793 753 1034 803 cooperantis
1059 753 1092 790 ¹¹⁸.
1306 758 1317 761 ”

357 807 407 844 Et
435 807 533 844 circa
560 807 635 844 hoc
662 814 894 856 quaeruntur
922 805 1069 844 decem.

411 860 562 897 Primo:
590 867 716 898 utrum
754 859 873 897 homo
905 859 1024 909 possit
1057 854 1196 908 aliquid
1230 858 1368 896 mereri
1397 871 1419 895 a

463 914 561 950 Deo.

413 966 612 1003 Secundo:
641 974 769 1004 utrum
797 965 930 1013 aliquis
950 965 1029 1003 sine
1058 964 1174 1013 gratia
1194 964 1313 1014 possit
1340 976 1420 1001 me·-

466 1019 538 1056 reri
565 1019 683 1057 vitam
711 1025 917 1056 aeternam.

412 1068 564 1109 Tertio:
593 1080 722 1110 utrum
750 1069 881 1120 aliquis
908 1082 978 1121 per
1009 1069 1166 1119 gratiam
1194 1070 1313 1119 possit
1340 1080 1418 1107 me-

466 1125 539 1162 reri
564 1125 683 1163 ‘vitam
711 1132 904 1162 aeternam
930 1136 974 1160 ex
1003 1123 1204 1171 condigno.
1399 1170 1402 1173 Ι

414 1178 578 1225 Quarto:
607 1186 734 1215 utrum
767 1177 884 1224 gratia
912 1177 956 1213 sit
989 1176 1216 1224 principium
1248 1175 1420 1213 merendi

466 1231 656 1267 mediante
686 1230 838 1267 caritate
865 1228 1128 1279 principaliter.

1526 699 1690 748 Quinto:
1711 706 1839 736 utrum
1858 700 1978 736 homo
1994 699 2113 748 possit
2129 699 2199 736 sibi
2215 699 2352 737 mereri
2370 699 2537 749 primam

1579 759 1748 801 gratiam.
2278 761 2280 763 ’
2480 760 2485 762 ·
2523 760 2526 764 ’

1527 803 1657 844 Sexto:
1687 812 1814 841 utrum
1842 805 1962 850 horno
1990 805 2109 865 possit
2137 817 2222 842 earn
2251 804 2389 842 mereri
2417 803 2488 853 alii.
2534 818 2537 821 ’

1528 855 1718 907 Septimo:
1749 865 1876 894 utrum
1904 860 2024 907 pess1t
2050 855 2121 905 sibi
2149 857 2283 908 aliquis
2311 854 2456 896 mereri¹
2477 870 2535 896 re-

1579 910 1814 960 parationem
1842 917 1930 958 post
1955 911 2118 960 lapsum.

1528 965 1698 1001 Octavo:
1727 970 1854 999 utrum
1874 963 1994 1011 possit
2020 963 2092 1000 sibi
2119 964 2258 1001 mereri
2286 971 2534 1012 augmentum

1580 1016 1718 1065 gratiae
1746 1015 1807 1052 vel
1837 1013 2009 1058 caritatis.
2470 1059 2472 1061 ,

1528 1067 1664 1107 Nono:
1696 1075 1822 1105 utrum
1849 1066 1970 1117 possit
1997 1063 2068 1105 sibi
2094 1063 2232 1106 mereri
2263 1066 2422 1107 finalem
2447 1077 2535 1120 per-

1580 1121 1844 1159 severantiam.

1527 1175 1706 1213 Decimo:
1735 1182 1863 1211 utrum
1899 1174 2002 1212 bona
2040 1171 2272 1224 temporalia
2296 1176 2432 1214 cadant
2463 1175 2535 1214 sub

1580 1235 1726 1265 mento.
2333 1233 2338 1238 ’

1170 1324 1504 1388 Amemus·
1518 1341 1722 1388 ammos

928 1435 1084 1470 UTRUM
1107 1431 1237 1469 HOMO
1261 1431 1408 1469 Posst’r
1431 1432 1610 1477 ALIQUID
1633 1435 1795 1468 MERERI
1820 1439 1849 1468 A
1872 1432 1966 1470 DEO.

1058 1513 1150 1550 Supra.
1170 1524 1214 1550 qu.
1233 1522 1287 1546 χιιι,
1306 1521 1353 1542 art.
1372 1522 1402 1549 4;
1421 1515 1453 1542 111
1472 1510 1555 1547 Seni„
1575 1516 1632 1542 ἀίει.
1651 1520 1719 1546 mn,
1739 1516 1786 1542 art.
1807 1523 1831 1542 2.

402 1625 455 1654 9,,
480 1631 552 1688 56<
572 1618 598 1697 lq
624 1612 760 1644 patmum
789 1618 841 1643 S1c
870 1617 1111 1695 Ρκοοεῗιτυέ.
1133 1600 1292 1642 Videtur
1316 1599 1421 1695 qpod

404 1658 437 1681 “³
501 1659 547 1697 ’⁴²7
571 1681 574 1683 -
600 1672 691 1696 omo
711 1671 790 1696 non
845 1659 937 1696 ossit
964 1658 1011 1695 ai
1040 1658 1078 1695 ui
1123 1658 1261 1696 mereri
1280 1671 1321 1696 ar
1361 1670 1419 1695 eo.

379 1716 383 1723 '
410 1713 414 1720 '
500 1691 710 1749 ''Nullus
729 1672 843 1749 enini3
859 1671 1256 1749 videturqmercedem
1285 1711 1423 1748 mereri

501 1784 503 1786 ·
531 1758 619 1802 Rex
637 1766 712 1802 hoc
731 1765 836 1814 quod
856 1765 978 1802 reddit
1005 1765 1110 1801 alteri
1130 1764 1236 1813 quod
1255 1770 1274 1785 ‘²
1294 1764 1418 1801 debet.

363 1818 439 1855 Sed
452 1829 524 1866 per
551 1818 679 1855 omnia
698 1818 796 1855 bona
825 1828 922 1866 quae
926 1817 1111 1866 facimus,
1132 1828 1216 1864 non*
1219 1818 1422 1867 possumus

360 1869 621 1920 sufficienter?
649 1883 934 1919 recompensare
969 1871 1052 1908 Deo
1089 1871 1190 1919 quod
1224 1863 1420 1917 debemus,

361 1925 448 1972 quin
476 1936 623 1973 semper
649 1924 809 1972 amplius
836 1925 1058 1968 debeamus‚·
1083 1931 1125 1960 ut
1153 1923 1266 1961 etiam
1294 1919 1421 1966 Philo-

361 1978 504 2025 sophus
525 1977 623 2024 dicit,
648 1978 686 2014 in
705 1978 791 2014 VIII
811 1978 930 2014 Ethz'c.
951 1976 970 1998 ’¹‘
989 1976 1100 2014 Unde
1120 1984 1156 2013 et
1176 1978 1268 2014 Luc.
1289 1988 1361 2013 xvu
1380 1976 1420 1998 ἢ*

361 2030 511 2067 dicitur:
546 2031 640 2067 Cum
668 2031 795 2067 omnia
824 2042 920 2078 quae
941 2036 1145 2078 praecepta
1172 2035 1268 2075 sunt,
1282 2030 1419 2076 feceri-

360 2083 414 2128 tis,
435 2083 564 2120 dicite.-
583 2084 693 2120 Servi
709 2083 854 2120 inutiles
871 2095 1012 2129 sumus,
1033 2083 1134 2131 quod
1149 2083 1343 2120 debuimus
1350 2083 1418 2131 fa-

360 2148 455 2182 cere,
464 2137 642 2184 fecimus,
664 2137 766 2184 Ergo
786 2137 905 2173 homo
935 2149 1014 2173 non
1032 2143 1157 2184 potest
1179 2135 1320 2185 aliquid
1340 2147 1418 2173 me—

360 2190 431 2226 reri
461 2202 483 2225 a
510 2190 607 2226 Deo.

414 2254 449 2279 2.
470 2243 701 2288 PRAETEREA,
725 2254 769 2278 ex
798 2255 843 2278 eo
873 2242 976 2291 quod
996 2241 1129 2290 aliquis
1158 2241 1227 2278 sibi
1254 2242 1416 2291 proficit,

360 2294 451 2331 nihil
478 2294 628 2332 videtur
655 2295 792 2331 mereri
811 2295 913 2343 apud
942 2307 1032 2331 eum
1052 2294 1111 2331 cui
1140 2294 1229 2332 nihil
1256 2295 1416 2344 proficit.

361 2347 438 2384 Sed
461 2349 580 2385 homo
610 2349 707 2384 bene
728 2348 923 2397 operando
953 2347 1023 2384 sibi
1042 2347 1204 2396 proficit,
1224 2349 1286 2384 vel
1315 2348 1418 2384 alteri

359 2400 518 2447 homini,
534 2413 612 2438 non
631 2408 758 2438 autem
779 2402 880 2438 Deo:
905 2401 1036 2438 dicitur
1062 2400 1161 2438 enim
1181 2401 1251 2437 Iob
1270 2413 1365 2438 xxxv
1378 2400 1417 2438 *ε

359 2453 401 2489 Si
426 2454 518 2490 iuste
545 2454 677 2503 egeris,
699 2454 789 2502 quid
805 2455 960 2491 donabis
979 2455 1023 2499 ei,
1044 2460 1111 2490 aut
1127 2454 1217 2502 quid
1237 2454 1282 2490 de
1300 2466 1416 2491 manu

358 2511 421 2542 tua
450 2506 634 2555 accipiet?
662 2508 763 2555 Ergo
801 2509 920 2544 homo
958 2519 1036 2543 non
1068 2514 1193 2555 potest
1226 2507 1367 2556 aliquid
1395 2520 1417 2544 a

357 2560 442 2595 Deo
471 2559 619 2596 mereri.

414 2613 447 2649 3,
469 2614 701 2660 PRAETER-EA,
719 2613 949 2661 quicumque
969 2613 1071 2660 apud
1091 2612 1255 2661 aliquem
1278 2613 1416 2663 aliquid

360 2673 536 2712 meretur,
558 2665 747 2702 constituit
776 2678 864 2702 eum
885 2665 954 2702 sibi
984 2665 1216 2703 debitorem:
1247 2666 1435 2710 debitum.

1431 2715 1439 2754 ἶ
1451 2717 1688 2768 ⁴1Deo.Unde
1700 2731 1778 2755 non
1792 2726 1917 2768 potest
1929 2718 2096 2756 hominis
2110 2719 2158 2755 ad
2168 2719 2296 2755 Deum
2307 2716 2320 2740 δ
2332 2730 2415 2755 esse
2430 2717 2531 2755 iusti-

1453 2768 1519 2815 ⁴=tia
1538 2772 1749 2809 secundum
1769 2773 1982 2809 absolutam
2003 2770 2283 2820 aequalitatem,
2308 2771 2376 2808 sed
2400 2783 2532 2809 secun-

1467 2822 1563 2864 'dum
1581 2825 1869 2874 proportionem
1889 2825 2083 2874 quandam
2097 2825 2132 2861 *z
2153 2824 2378 2873 inquantum
2394 2823 2533 2861 scilicet

1467 2884 1628 2926 uterque
1647 2885 1826 2926 operatur
1840 2878 2052 2915 secundum
2067 2877 2231 2914 modum
2247 2889 2372 2914 suum.
2389 2877 2531 2914 Modus

1469 2937 1597 2968 autem
1618 2938 1655 2967 et
1674 2943 1853 2967 mensura
1880 2931 2071 2968 humanae
2090 2930 2237 2967 virtutis
2259 2929 2407 2967 homini
2432 2938 2487 2967 est
2509 2942 2532 2967 a

1455 2980 1565 3026 Deo.
1587 2984 1636 3020 Et
1655 2983 1741 3020 ideo
1765 2983 1942 3020 meritum
1970 2983 2136 3020 hominis
2165 2983 2268 3033 apud
2291 2984 2419 3020 Deum
2450 2995 2532 3020 esse

1468 3049 1546 3073 non
1574 3043 1699 3085 potest
1725 3036 1795 3073 nisi
1822 3036 2035 3074 secundum
2059 3035 2456 3085 praesuppositionem
2477 3035 2530 3073 di-

1467 3089 1579 3126 vinae
1596 3089 1843 3127 ordinationis
1858 3089 1892 3126 *z
1916 3090 1966 3126 ita
1986 3089 2126 3126 scilicet
2143 3097 2184 3126 ut
2202 3089 2241 3126 id
2259 3090 2377 3126 homo
2398 3101 2531 3126 conse-

1469 3150 1605 3191 quatur
1619 3155 1641 3179 a
1656 3143 1741 3179 Deo
1761 3155 1829 3191 per
1848 3154 1957 3179 suam
1977 3142 2240 3191 operationem
2261 3142 2367 3191 quasi
2389 3153 2532 3179 merce-

1469 3195 1558 3233 dem
1582 3200 1605 3242 2,
1628 3195 1675 3232 ad
1695 3195 1800 3244 quod
1830 3197 1935 3232 Deus
1957 3195 1989 3232 ei
2008 3195 2189 3233 virtutem
2209 3195 2393 3244 operandi
2413 3194 2532 3244 depu-

1467 3248 1571 3286 tavit.
1594 3248 1698 3285 Sicut
1717 3248 1831 3285 etiam
1851 3261 1911 3286 res
1935 3249 2124 3286 naturales
2148 3249 2223 3285 hoc
2244 3254 2530 3296 consequuntur

1468 3314 1536 3350 per
1554 3301 1728 3349 proprios
1748 3309 1876 3338 motus
1892 3308 1928 3338 et
1947 3301 2200 3350 operationes,
2217 3301 2266 3338 ad
2285 3300 2390 3348 quod
2409 3312 2431 3337 a
2445 3300 2530 3336 Deo

359 2717 461 2754 enim
491 2726 546 2755 est
573 2726 614 2755 ut
638 2718 770 2767 aliquis
796 2718 956 2755 merenti
975 2719 1194 2756 mercedem
1219 2719 1415 2768 rependat.

359 2771 436 2808 Sed
451 2773 556 2808 Deus
571 2771 662 2808 nulli
678 2779 733 2808 est
752 2771 915 2825 debitor:
937 2771 1037 2808 unde
1053 2771 1185 2808 dicitur
1198 2773 1311 2810 Rom.
1326 2783 1363 2810 81
1377 2770 1438 2814 *εἴ

363 2824 453 2865 Quis
465 2825 576 2872 prior
602 2825 699 2861 dedit
717 2825 762 2870 ei,
782 2831 818 2861 et
844 2825 1066 2861 retribuetur
1086 2824 1148 2868 ei?
1165 2825 1268 2874 Ergo
1289 2825 1430 2872 nullus·

359 2888 381 2912 a
409 2878 493 2914 Deo
521 2885 644 2926 potest
672 2877 812 2926 aliquid
841 2877 989 2914 mereri.

413 2931 486 2966 SED
506 2942 651 2967 CONTRA
670 2943 736 2967 iss‘r
754 2932 859 2979 quod
880 2930 1012 2968 dicitur
1031 2932 1163 2967 Ierem.
1184 2942 1267 2967 xxm
1284 2930 1323 2967 *ε
1348 2930 1429 2980 Est„

358 2995 500 3019 merces
527 2984 633 3032 operi
658 2989 732 3020 tuo.
763 2984 839 3020 Sed
868 2995 1015 3020 merces
1045 2983 1179 3020 dicitur
1207 2984 1312 3032 quod
1340 2987 1433 3032 pro}

359 3036 493 3072 merito
523 3036 700 3088 redditur.
731 3038 832 3084 Ergo
862 3036 1013 3073 videtur
1032 3037 1135 3085 quod
1155 3037 1274 3073 homo
1293 3037 1414 3085 possit

359 3100 381 3124 a
408 3089 492 3125 Deo
522 3089 669 3126 mereri.

412 3142 635 3178 RESPONDEO
655 3154 837 3180 DlCENDUM
866 3142 972 3191 quod
1001 3142 1177 3179 meritum
1206 3150 1241 3179 et
1266 3155 1412 3180 merces

360 3193 408 3230 ad
427 3193 527 3230 idem
548 3195 788 3232 referunturz‘
805 3195 843 3232 id
864 3196 963 3233 enim
985 3207 1131 3232 merces
1157 3195 1291 3232 dicitur
1310 3196 1415 3245 quod

359 3245 467 3282 alicui
495 3255 805 3296 recompensatur
832 3261 902 3296 pro
933 3247 1177 3285 retributione
1204 3248 1329 3297 operis
1353 3249 1415 3286 vel

359 3298 518 3345 laboris,
556 3300 663 3348 quasi
701 3301 898 3348 quoddam
936 3300 1099 3349 pretium
1136 3301 1264 3349 ipsius.
1302 3301 1413 3339 Unde

412 3401 440 3435 α)
460 3402 540 3433 quod.
557 3415 575 3420 -
594 3410 660 3434 quae
679 3403 872 3428 ABCDEHlsL.

412 3435 438 3505 βξ
457 3437 625 3470 sufficienter.
643 3451 661 3456 -
679 3438 739 3462 Om.
759 3439 810 3462 EF.

411 3479 427 3505 γ
458 3475 492 3496 et.
511 3486 527 3490 —
546 3475 572 3496 et
589 3473 755 3504 operationes
771 3474 803 3502 E;
823 3474 889 3498 idem
909 3482 962 3499 om.
977 3475 1056 3499 etiam
1077 3483 1127 3500 non
1143 3476 1313 3505 sv‘mn1iciter5
1332 3477 1352 3501 F
1364 3484 1417 3501 om.

359 3510 386 3532 et
404 3507 569 3532 mercedis...
590 3507 659 3531 ratio
679 3508 774 3532 meriti.

1476 1603 1570 1643 sicut
1598 1603 1754 1643 reddere
1782 1603 1925 1643 iustum
1948 1598 2113 1654 pretium
2141 1612 2211 1654 pro
2242 1613 2282 1645 re
2311 1588 2467 1657 accepta
2486 1604 2536 1657 abs

1476 1658 1615 1709 aliquo,
1637 1667 1691 1695 est
1708 1666 1814 1695 actus
1833 1655 2016 1703 iustitiae;
2035 1655 2086 1695 ita
2105 1657 2221 1700 etiam
2240 1667 2534 1709 recompensare
2599 1674 2609 1687 κ

1475 1712 1694 1750 mercedem
1724 1710 1849 1759 operis
1867 1711 1930 1748 vel
1957 1710 2110 1758 laboris,
2141 1718 2199 1749 est
2225 1718 2331 1748 actus
2358 1711 2536 1750 iustitia&

1476 1764 1617 1802 Iustitia
1645 1772 1772 1801 autem
1801 1763 2008 1812 aequalitas
2034 1764 2229 1813 quaedam
2259 1771 2539 1816 ‹atitjssalntypatetr

1475 1820 1545 1869 per
1563 1817 1852 1866 Philosophum,
1877 1816 1916 1855 in
1935 1815 1972 1854 V
1988 1817 2109 1868 Ethic.
2123 1816 2147 1839 ⁸
2172 1816 2232 1873 Et«
2246 1808 2347 1881 idssoss
2359 1808 2539 1879 simplic-213
2563 1828 2572 1838 ·

1473 1875 1531 1909 ter
1560 1877 1615 1908 est
1641 1869 1777 1907 iustitia
1804 1869 1901 1907 inter
1938 1878 2004 1922 eos
2032 1875 2197 1918 quorum
2231 1872 2287 1909 est
2315 1859 2537 1922 'simpliciter
2582 1869 2589 1875 '

1475 1924 1700 1973 aequalitas:
1731 1935 1864 1962 eorum
1891 1935 1998 1968 vera
2014 1920 2179 1972 quorum
2208 1935 2287 1965 non
2310 1916 2537 1974 estsimpliff]

1475 1977 1566 2014 citer
1593 1976 1808 2025 aequalitas,
1839 1988 1917 2013 non
1947 1984 2003 2013 est
2030 1975 2249 2025 simpliciter
2277 1976 2438 2024 iustitia,
2467 1977 2536 2014 sed

1474 2030 1630 2081 quidam
1660 2029 1817 2066 iustitiae
1846 2029 1986 2066 modus
2006 2037 2130 2078 potest
2159 2042 2254 2077 esse,
2275 2029 2371 2067 sicut
2399 2029 2534 2067 dicitur

1474 2083 1670 2132 quoddam
1699 2082 1756 2119 ius
1784 2090 1986 2131 paternum
2013 2083 2077 2119 vel
2105 2082 2403 2131 dominativum,
2429 2090 2470 2120 ut
2495 2081 2535 2120 in

1475 2136 1612 2173 eodem
1632 2135 1727 2172 libro
1755 2135 2010 2184 Philosophus
2035 2134 2122 2173 dicit
2140 2135 2172 2173 *.
2192 2136 2242 2173 Et
2267 2144 2424 2185 propter
2441 2136 2533 2184 hoc,
2562 2145 2572 2155 ·

1473 2188 1512 2226 in
1539 2189 1596 2226 his
1617 2189 1654 2225 in
1682 2188 1819 2238 quibus
1845 2196 1899 2225 est
1919 2187 2135 2238 simpliciter
2159 2188 2313 2236 iustum,
2335 2196 2391 2226 est
2419 2188 2534 2226 etiam

1473 2241 1690 2290 simpliciter
1710 2241 1801 2278 ratio
1822 2241 1946 2278 meriti
1966 2249 2002 2278 et
2020 2241 2217 2279 mercedis.
2239 2243 2282 2280 In
2301 2242 2439 2291 quibus
2467 2254 2533 2280 au-

1472 2301 1548 2332 tem
1580 2302 1634 2331 est
1662 2295 1872 2332 secundum
1894 2294 1984 2344 quid
2012 2294 2166 2342 iustum,
2192 2302 2228 2332 et
2246 2299 2262 2323 Υ
2290 2307 2370 2333 non
2392 2294 2533 2344 simpli-

1473 2347 1572 2394 citer,
1593 2348 1631 2384 in
1649 2348 1706 2384 his
1726 2348 1839 2384 etiam
1868 2360 1948 2385 non
1966 2347 2185 2396 simpliciter
2205 2355 2260 2385 est
2285 2348 2378 2385 ratio
2397 2346 2532 2396 meriti,

1472 2401 1541 2438 sed
1560 2401 1770 2438 secundum
1801 2400 1905 2448 quid,
1926 2400 2151 2450 inquantum
2177 2401 2344 2438 salvatur
2361 2400 2412 2438 ibi
2431 2400 2533 2438 iusti-

1471 2453 1544 2491 tiae
1582 2454 1696 2490 ratio:
1726 2454 1778 2490 sic
1815 2453 1918 2490 enim
1948 2461 1984 2491 et
2010 2453 2110 2491 filius
2138 2461 2306 2491 meretur
2341 2453 2482 2503 aliquid
2510 2465 2532 2490 a

1471 2514 1589 2556 patre,
1621 2514 1656 2543 et
1683 2519 1816 2544 servus
1845 2519 1867 2543 a
1896 2507 2068 2544 domino.

1525 2559 1770 2597 Manifestum
1795 2567 1850 2597 est
1868 2567 1996 2597 autem
2017 2559 2121 2609 quod
2145 2559 2242 2596 inter
2260 2560 2388 2597 Deum
2409 2565 2446 2596 et
2463 2559 2532 2596 ho-

1471 2613 1615 2650 minem
1637 2620 1691 2649 est
1710 2613 1875 2650 maxima
1890 2612 2151 2661 inaequalitas:
2166 2612 2204 2649 in
2223 2612 2414 2657 infinitum
2430 2612 2531 2649 enim

1471 2665 1619 2711 distant,
1651 2673 1686 2702 et
1713 2673 1836 2703 totum
1856 2665 1963 2714 quod
1983 2673 2038 2703 est
2065 2665 2231 2702 hominis
2255 2665 2414 2712 bonum,
2436 2672 2491 2702 est
2509 2677 2533 2702 a

1524 3405 1538 3430 δ
1570 3406 1606 3430 ad
1625 3407 1719 3431 Deum.
1731 3419 1750 3426 —
1767 3413 1785 3431 a
1804 3406 1862 3431 Deo
1881 3406 1909 3430 P.

1525 3405 1550 3475 εξ
1568 3442 1644 3474 quasi
1663 3442 1817 3467 mercedem.
1836 3454 1854 3460 -
1873 3441 1934 3466 Om.
1953 3441 2010 3471 EF,
2029 3440 2107 3473 quasi
2124 3448 2178 3466 om.
2198 3439 2229 3466 G.

2563 1853 2580 1876 s
2637 1831 2722 1876 'ffl'a'f‘

2562 2143 2710 2193 ⁵94&stAE

2657 2299 2675 2326 Υ

2657 2716 2676 2742 δ

2558 2835 2570 2846 ·
2583 2835 2612 2857 D.
2627 2834 2681 2862 8⁰³·

2560 3099 2570 3109 ·
2584 3097 2612 3120 n.
2628 3096 2701 3125 889⁰-
