2840 4010
119 226 130 237 *
144 224 211 248 vers.
226 231 246 254 3.

119 488 129 498 ¹¹
144 487 210 509 Vers.
226 493 256 509 21.

118 798 128 809 ⁶
142 798 209 820 Vers-
224 798 248 819 6.

116 1952 244 2000 'Calpam
252 1959 275 1975 n.
285 1960 325 1980 4.-

74 1990 77 1993 v
114 1979 139 2001 S.
174 1979 196 2001 h.
212 1980 262 2002 lect.
277 1986 323 2002 xiv.

114 2010 124 2020 '
138 2010 167 2041 D.
182 2015 244 2046 ¹⁰⁴&-

201 2962 218 2978 α

106 3063 118 3075 “
132 3063 190 3091 Cap.
204 3070 247 3090 vn,
267 3071 290 3086 n.

106 3095 158 3138 ἕξις.
165 3102 176 3106 -
182 3091 207 3112 S.
213 3090 257 3112 Th.
266 3091 318 3113 lect.

106 3169 118 3180 ⁶
133 3168 180 3196 Qu.
195 3175 255 3197 xcv1,
274 3174 316 3191 art.

106 3195 133 3221 6ς
144 3201 183 3223 qu.
193 3201 264 3223 xcvu,
275 3199 316 3218 art.

103 3227 128 3247 4.

359 150 435 185 214

343 218 546 255 'memoria
570 218 782 255 retinenda:
809 217 941 254 dicitur
964 216 1065 252 enim
1084 217 1197 251 Prov.
1219 227 1253 250 111
1281 215 1317 250 *τ
1338 215 1412 250 De-

357 271 477 307 scribe
513 283 558 307 ea
595 271 631 307 in
667 270 800 306 tabulis
843 269 964 305 cordis
999 268 1062 303 tui.
1099 266 1414 303 Inconvenienter

360 334 448 370 ergo
478 323 515 359 in
546 323 627 358 solo
656 322 763 358 tertio
791 327 994 368 praecepto
1023 320 1066 355 fit
1086 319 1228 355 mentio
1259 319 1305 355 de
1334 331 1414 356 me-

359 375 493 411 moria.
515 376 564 411 Et
589 375 639 410 ita
658 374 835 410 videntur
860 378 1063 420 praecepta
1087 371 1257 419 decalogi
1284 371 1414 409 incon-

358 427 554 464 venienter
581 426 713 462 tradita
742 437 834 461 esse.
1358 442 1361 444 -

413 480 486 515 SED
519 489 663 514 CONTRA
695 489 760 513 EST
789 475 893 524 quod
922 475 1055 512 dicitur
1083 476 1170 524 Sap.
1199 475 1280 523 xi*,
1310 477 1414 525 quod

358 532 462 568 Deus
489 530 615 566 omnia
623 530 722 577 fecit
739 529 775 564 in
797 540 966 573 numero,
983 529 1150 575 pondere
1171 534 1207 565 et
1223 541 1412 566 mensura.

358 583 479 619 Multo
499 582 617 629 magis
651 593 739 628 ergo
773 581 811 617 in
839 580 1048 629 praeceptis
1081 593 1171 618 suae
1204 582 1295 629 legis
1325 595 1414 619 con-

357 646 492 682 gruum
521 633 683 670 modum
710 633 883 670 tradendi
911 633 1088 670 servavit.

410 687 634 722 RESPONDEO
655 697 838 722 DICENDUM
857 686 962 734 quod
981 685 1018 723 in
1038 686 1247 734 praeceptis
1263 687 1414 724 divinae

356 738 446 785 legis
479 738 645 774 maxima
673 738 855 786 sapientia
889 738 1116 775 continetur:
1145 739 1249 775 unde
1282 739 1415 776 dicitur

355 792 465 826 Deut.
487 802 522 827 1v
540 790 579 826 *ε
600 791 711 827 Haec
730 797 784 827 est
805 797 928 828 vestra
951 791 1132 840 sapientia
1156 796 1192 827 et
1213 791 1414 829 intellectus

356 855 485 879 coram
507 843 669 891 populis.
692 843 878 892 Sapientis
899 851 1026 880 autern
1047 850 1101 880 est
1129 843 1256 880 omnia
1286 844 1413 882 debito

356 896 474 932 modo
509 903 544 932 et
572 895 703 932 ordine
735 896 949 945 disponere.
979 897 1028 933 Et
1055 897 1142 933 ideo
1171 897 1413 934 manifestum

357 960 436 984 esse
457 948 570 985 debet
589 950 693 996 quod
708 956 911 997 praecepta
925 949 1016 996 legis
1037 948 1278 986 convenienti
1294 950 1412 987 modo

355 1008 441 1037 sunt
468 1001 612 1038 tradita.

408 1055 467 1089 AD
483 1066 620 1091 PRIMUM
639 1065 736 1090 ERGO
756 1066 939 1091 DICENDUM
955 1054 1060 1102 quod
1079 1066 1230 1102 semper
1249 1054 1298 1091 ad
1314 1055 1413 1092 affir-

354 1106 562 1143 mationem
591 1106 759 1154 sequitur
787 1106 936 1154 negatio
970 1106 1152 1155 oppositi:
1179 1119 1257 1143 non
1285 1114 1412 1145 autem

355 1170 507 1206 semper
542 1158 591 1195 ad
625 1159 866 1206 negationem
901 1159 1012 1195 unius
1045 1159 1208 1207 oppositi
1246 1160 1415 1207 sequitur

355 1211 556 1248 affirmatio
586 1211 748 1248 alterius.
771 1211 948 1260 Sequitur
977 1211 1089 1258 enim,
1116 1212 1158 1248 Si
1183 1217 1236 1248 est
1263 1212 1411 1259 album,

355 1266 429 1300 ndn
458 1269 511 1300 est
538 1263 714 1313 nigrum.-
742 1276 821 1300 non
841 1271 970 1301 tamen
990 1264 1168 1313 sequitur,
1190 1265 1233 1300 Si
1258 1277 1332 1302 non
1361 1272 1416 1302 est

355 1316 522 1365 nigrum,
542 1328 635 1365 ergo
664 1322 718 1353 est
743 1317 889 1353 album:
918 1316 1007 1365 quia
1035 1317 1083 1353 ad
1102 1318 1211 1365 plura
1239 1329 1321 1354 sese
1351 1330 1411 1355 ex-

353 1369 472 1405 tendit
490 1369 639 1416 negatio
659 1382 776 1418 quam
801 1369 1015 1407 affirmatio.
1037 1371 1085 1406 Et
1104 1369 1191 1406 inde
1217 1377 1272 1406 est
1299 1370 1412 1408 etiam

355 1422 460 1469 quod
488 1434 566 1458 non
595 1434 676 1458 esse
706 1422 922 1459 faciendum
942 1427 959 1444 α
986 1422 1174 1469 iniuriam,
1196 1422 1300 1470 quod
1329 1435 1412 1472 per-

353 1475 445 1511 tinet
473 1474 520 1511 ad
548 1482 751 1523 praecepta
778 1475 969 1523 negativa,
1000 1476 1047 1512 ad
1076 1475 1202 1523 plures
1229 1487 1412 1523 personas

355 1539 394 1563 se
420 1527 594 1574 extendit,
615 1527 827 1564 secundum
846 1527 1012 1576 primum
1042 1527 1228 1564 dictamen
1247 1528 1411 1576 rationis,

355 1592 472 1628 quam
506 1592 586 1616 esse
620 1580 788 1617 debitum
824 1589 867 1617 ut
899 1580 1009 1617 alicui
1037 1578 1051 1609 β
1087 1580 1316 1628 obsequium
1349 1582 1411 1619 vel

355 1632 585 1669 beneficium
603 1633 856 1682 impendatur.
880 1635 979 1670 Inest
1000 1641 1128 1670 autem
1151 1633 1278 1681 primo
1299 1633 1412 1672 dicta-

354 1697 444 1721 men
478 1685 634 1730 rationisv
664 1685 769 1734 quod
804 1687 924 1723 homo
964 1686 1111 1723 debitor
1145 1693 1200 1722 est
1234 1687 1409 1724 beneficii

352 1738 414 1774 vel
448 1738 622 1786 obsequii
657 1738 857 1776 exhibendi
891 1739 961 1775 illis
999 1751 1020 1775 a
1053 1738 1190 1787 quibus
1224 1739 1410 1777 beneficia

353 1790 514 1839 accepit,
546 1791 576 1827 si
610 1791 783 1828 nondum
813 1791 1132 1840 recompensavit.
1162 1793 1252 1828 Duo
1281 1800 1409 1830 autem

353 1850 438 1880 sunt
470 1855 635 1891 quorum
669 1844 862 1881 beneficiis
890 1850 905 1872 Υ
935 1844 1165 1881 sufficienter
1201 1845 1324 1882 nullus
1352 1857 1408 1883 re-

353 1908 601 1946 compensare
629 1905 766 1945 potest,
788 1897 926 1934 scilicet
953 1898 1058 1934 Deus
1079 1904 1115 1933 et
1143 1905 1259 1945 pater,
1286 1905 1327 1934 ut
1355 1898 1409 1935 di—

353 1948 447 1986 citur
475 1949 512 1986 in
531 1950 617 1986 VIII
637 1951 756 1986 Ethic.
777 1950 797 1972 ’³‘
817 1951 865 1987 Et
892 1950 978 1987 ideo
1000 1950 1081 1986 sola
1106 1950 1182 1986 duo
1206 1958 1409 1999 praecepta

353 2001 580 2039 affirmativa
607 2010 802 2050 ponuntur
825 2002 862 2039 *ε
891 2015 1013 2039 unum
1043 2003 1090 2039 de
1117 2003 1369 2040 honoratione
1395 2001 1408 2025 δ

350 2062 573 2103 parentum;
599 2055 700 2092 aliud
720 2056 766 2092 de
796 2055 1047 2092 celebratione
1072 2055 1218 2092 sabbati
1237 2056 1276 2093 in
1306 2068 1408 2094 com-

351 2107 670 2144 memorationem
701 2108 818 2146 divini
846 2108 1031 2146 beneficii.

404 2237 431 2270 α)
444 2238 609 2271 faciendum.
627 2252 647 2258 -
657 2238 814 2271 faciendam
834 2239 881 2263 εΗ.

404 2271 429 2305 β)
444 2273 531 2298 alicui.
550 2287 569 2292 —
586 2274 667 2298 alteri
685 2274 730 2298 Pa.

402 2308 429 2341 γ)
449 2308 587 2340 beneficiis.
604 2322 623 2327 -
641 2309 790 2342 beneficium
809 2309 969 2340 ACDGHIL,
990 2309 1114 2342 beneficia
1133 2311 1164 2335 K.

403 2342 427 2375 ὃ)
447 2343 630 2368 honoratione.
647 2357 666 2363 -—
685 2344 784 2369 honore
802 2344 914 2369 codices.

1050 137 1316 184 QUAESTIO
1346 137 1394 182 C,
1424 136 1719 173 ARTICULUS
1747 137 1833 174 VIII

1520 216 1578 251 AD
1594 227 1782 252 SECUNDUM
1802 227 1984 254 DieENDUM
2006 219 2109 265 quod
2128 218 2188 256 illa
2206 227 2408 268 praecepta
2428 231 2525 268 quae

1468 275 1554 304 sunt
1581 279 1674 316 pure
1703 267 1874 314 moralia,
1898 269 2040 306 habent
2063 271 2300 309 manifestam
2321 273 2522 310 rationem:

1467 320 1569 357 unde
1589 333 1667 357 non
1687 320 1853 368 oportuit
1871 321 1976 367 quod
1995 321 2033 358 in
2049 322 2103 358 eis
2122 322 2246 370 aliqua
2261 324 2353 362 ratio
2368 326 2524 363 addere-

1468 379 1538 409 tur.
1551 373 1628 409 Sed
1643 373 1868 421 quibusdam
1884 374 2094 422 praeceptis
2108 374 2258 411 additur
2271 379 2524 415 caeremonia—

1468 426 1513 471 le,
1530 426 1591 461 vel
1606 430 1617 446 Ξ
1635 425 1966 462 determinativum
1982 426 2171 474 praecepti
2185 428 2337 465 moralis
2352 441 2524 468 commu·
2647 439 2657 455 Ε

1469 478 1543 514 nis:
1565 478 1658 515 sicut
1672 478 1710 514 in
1725 478 1849 526 primo
1865 486 2080 527 praecepto,
2100 479 2191 516 Non
2200 480 2326 527 facies
2342 482 2525 530 sculptum

1470 538 1505 567 et
1522 531 1558 567 in
1572 531 1681 567 tertio
1701 538 1904 579 praecepto
1920 531 2189 568 determinatur
2205 532 2284 569 dies
2299 533 2456 571 sabbati.
2477 536 2526 572 Et

1468 583 1555 620 ideo
1577 583 1777 632 utrobique
1797 584 1963 632 oportuit
1986 584 2172 621 rationem
2192 585 2383 632 assignari.

1522 638 1580 672 AD
1608 647 1767 672 TERTmM
1795 648 1977 674 mcENDUM
2006 638 2110 685 quod
2137 637 2311 674 homines
2339 645 2381 675 ut
2413 639 2525 687 pluri-

1468 700 1575 724 mum
1605 696 1708 725 actus
1737 700 1826 725 suos
1846 690 1894 725 ad
1920 689 2086 739 aliquam
2111 690 2307 740 utilitatem
2336 691 2521 730 ordinant.

1468 742 1517 777 Et
1535 740 1622 777 ideo
1650 741 1688 776 in
1716 740 1784 776 illis
1802 742 2012 790 praeceptis
2040 755 2196 779 necesse
2215 743 2283 779 fuit
2307 744 2526 791 promissio·-

1468 805 1558 830 nem
1577 793 1736 841 praemii
1757 805 1960 841 apponere,
1983 807 2028 831 ex
2047 795 2184 843 quibus
2204 796 2405 833 videbatur
2422 798 2525 835 nulla
2584 811 2585 814 ¹

1468 846 1605 882 utilitas
1635 845 1852 892 sequi,vvel
1881 846 2006 894 aliqua
2041 848 2176 885 utilitas
2213 849 2396 897 impediri.
2425 850 2526 896 Quia

1468 911 1562 935 vero
1582 906 1756 946 parentes
1785 905 1871 934 sunt
1887 898 1964 936 iarn
1992 899 2030 936 in
2050 901 2277 949 recedendo,
2297 902 2345 938 ab
2375 902 2427 939 eis
2446 915 2525 940 non

1469 959 1685 999 expectatur
1712 950 1858 988 utilitas.
1884 952 1933 988 Et
1958 951 2046 990 ideo
2070 961 2273 1002 praecepto
2303 954 2350 992 de
2377 955 2524 992 honore

1468 1011 1666 1052 parentum
1687 1003 1835 1040 additur
1853 1004 2068 1051 promissio.
2087 1005 2264 1044 Similiter
2285 1007 2398 1044 etiam
2417 1020 2525 1056 prae-

1469 1063 1577 1104 cepto
1599 1055 1610 1081 t
1635 1056 1681 1093 de
1699 1056 1952 1104 prohibitione
1971 1057 2221 1096 idololatriae:
2250 1059 2337 1108 quia
2355 1072 2424 1108 per
2451 1061 2525 1097 hoc
2648 1063 2664 1093 ζ

1467 1108 1668 1146 videbatur
1685 1108 1859 1157 impediri
1888 1121 2075 1158 apparens
2099 1111 2235 1149 utilitas
2260 1124 2378 1162 quam
2401 1114 2524 1150 horni-

1468 1173 1535 1198 nes
1564 1162 1721 1198 credunt
1748 1173 1788 1198 se
1815 1174 1929 1209 posse
1950 1163 2134 1211 consequi
2160 1176 2228 1212 per
2252 1172 2408 1212 pactum
2436 1178 2524 1203 cum

1468 1214 1720 1251 daemonibus
1748 1213 1894 1251 initum.

1520 1268 1579 1303 AD
1609 1278 1780 1308 QUARTUM
1807 1279 1991 1304 DICENDUM
2017 1268 2121 1316 quod
2144 1280 2293 1317 poenae
2322 1270 2523 1319 praecipue

1468 1320 1701 1356 necessariae
1731 1327 1816 1356 sunt
1852 1327 1982 1356 contra
2009 1320 2091 1357 illos
2125 1321 2190 1369 qui
2223 1329 2311 1358 sunt
2336 1322 2448 1371 proni
2475 1323 2525 1361 ad

1467 1373 1623 1419 malum,
1645 1379 1685 1408 ut
1705 1372 1840 1409 dicitur
1867 1372 1905 1409 in
1925 1374 1960 1409 X
1977 1373 2098 1410 Ethic.
2119 1374 2139 1395 *
2159 1374 2207 1410 Et
2235 1374 2320 1411 ideo
2344 1374 2415 1412 illis
2434 1375 2524 1413 solis
2550 1389 2563 1400 ⁸

1466 1425 1677 1473 praeceptis
1704 1426 1795 1472 legis
1824 1425 1974 1462 additur
2007 1426 2254 1464 comminatio
2288 1439 2524 1478 poenarum,

1466 1477 1505 1514 in
1532 1478 1669 1526 quibus
1698 1485 1775 1514 erat
1801 1478 1971 1525 pronitas
1999 1479 2046 1516 ad
2067 1480 2221 1516 malum.
2251 1480 2368 1517 Erant
2396 1488 2524 1519 autern

1465 1530 1640 1567 homines
1660 1530 1769 1578 proni
1789 1530 1838 1567 ad
1857 1530 2120 1578 idololatriam,
2137 1539 2290 1580 propter
2308 1535 2523 1580 generalem

1467 1583 1781 1620 consuetudinem
1813 1583 1994 1630 gentium.
2023 1585 2072 1621 Et
2099 1584 2268 1622 sim-iliter
2295 1593 2382 1623 sunt
2410 1587 2524 1624 etiam

1465 1635 1640 1672 homines
1660 1635 1770 1683 proni
1790 1635 1838 1672 ad
1857 1636 2078 1684 periurium,
2099 1645 2254 1686 propter
2273 1638 2524 1687 frequentiam

1465 1688 1674 1725 iuramenti.
1705 1689 1754 1738 Et
1779 1688 1866 1725 ideo
1895 1689 2025 1737 primis
2045 1690 2195 1727 duobus
2222 1691 2433 1740 praeceptis
2460 1692 2525 1730 ade

1465 1749 1630 1788 iungitur
1658 1749 1916 1778 commmatio.

1517 1796 1575 1830 AD
1597 1805 1757 1836 QUINTUM
1777 1795 1961 1831 DICENDUM
1981 1795 2085 1843 quod
2104 1802 2351 1844 praeceptum
2372 1797 2419 1834 de
2439 1798 2525 1836 sabae

1465 1847 1553 1883 bato
1573 1846 1726 1894 ponitur
1745 1855 1786 1883 ut
1806 1848 2191 1886 commemorativum
2215 1849 2391 1886 beneficii
2415 1862 2525 1898 prae·

1465 1899 1572 1936 teriti.
1596 1900 1644 1936 Et
1667 1899 1753 1936 ideo
1778 1899 1987 1948 specialiter
2007 1900 2046 1937 in
2071 1913 2116 1937 eo
2142 1901 2185 1938 fit
2207 1901 2351 1939 mentio
2372 1902 2419 1940 de
2443 1914 2524 1940 me-

1464 1952 1595 1989 moria.
1617 1973 1640 1979 -
1664 1953 1734 1989 Vel
1763 1952 1851 2001 quia
1879 1960 2125 2002 praeceptum
2151 1955 2197 1991 de
2227 1954 2386 1992 sabbato
2409 1955 2525 1993 habet

1466 2004 1818 2041 determinationem
1838 2006 2056 2043 adiunctam
2081 2019 2178 2054 quae
2203 2019 2281 2044 non
2306 2015 2361 2044 est
2380 2008 2428 2045 de
2442 2008 2524 2056 lege

1465 2065 1639 2102 naturae;
1671 2066 1706 2094 et
1730 2057 1816 2094 ideo
1840 2059 1915 2095 hoc
1939 2067 2184 2108 praeceptum
2214 2059 2366 2108 speciali
2389 2060 2524 2101 admo·-v

1464 2110 1605 2146 nitione
1630 2110 1786 2158 indiguit
1805 2116 1834 2148 η.
2647 2114 2665 2139 ⁷¹

1517 2241 1538 2273 ε)
1558 2241 1607 2266 vel.
1625 2255 1644 2260 —
1663 2241 1723 2266 Om.
1743 2241 1794 2266 PE.
2155 2254 2195 2258 ’ψ

1516 2275 1542 2308 ζ)
1557 2280 1709 2308 praecepto.
1728 2291 1746 2295 -
1765 2277 1790 2301 in
1806 2281 1951 2309 praecepto
1971 2277 2017 2303 Pa.

1517 2312 1543 2344 η)
1563 2311 1744 2336 admonitione
1765 2312 1888 2345 indiguit.
1907 2326 1925 2331 -·
1943 2313 2192 2338 commemoratione
2211 2313 2313 2347 indiget
2330 2314 2381 2339 EF.

1128 2497 1443 2557 ARTICULUS
1472 2497 1743 2540 OCTAVUS

863 2594 1019 2624 UTRUM
1042 2594 1298 2626 PRAECEPTA
1321 2595 1541 2627 DECALOGI
1565 2596 1661 2627 SINT
1684 2596 2001 2628 DISPENSAmLtA

582 2672 672 2705 Supra.
691 2680 735 2704 qu.
753 2679 821 2702 xcrv,
841 2677 888 2697 art.
909 2672 931 2702 5,
951 2673 983 2697 ad
1003 2679 1032 2703 23
1052 2673 1086 2697 112
1105 2673 1161 2704 11³³,

1181 2681 1225 2706 qu.
1245 2680 1295 2703 ew,
1313 2678 1359 2698 art.
1380 2672 1403 2704 5,
1423 2673 1455 2698 ad
1475 2681 1488 2698 2
1495 2682 1502 2705 ;
1522 2674 1531 2698 1
1551 2674 1634 2703 Sent„
1655 2675 1713 2699 dist.
1731 2682 1807 2704 nvn,
1827 2681 1873 2700 art.
1891 2682 1920 2707 45
1941 2675 1980 2706 111,
2000 2676 2059 2701 dist.
2077 2683 2168 2705 xxxvn,
2188 2682 2233 2701 art.
2252 2683 2282 2708 45

1026 2708 1067 2732 De
1085 2708 1167 2737 Malo,
1188 2716 1232 2741 qu.
1249 2716 1287 2739 111,
1306 2714 1353 2735 art.
1375 2717 1396 2740 1,
1415 2709 1447 2734 ad
1470 2715 1515 2741 17;
1534 2717 1578 2741 qu.
1597 2717 1636 2740 xv,
1657 2715 1702 2735 art.
1726 2718 1746 2739 1,
1767 2711 1798 2734 ad
1817 2709 1841 2735 8.

383 2827 407 2845 s*
475 2818 513 2836 1,..
556 2808 578 2832 D
599 2807 770 2832 ocrAthM
789 2807 842 2832 sm
863 2807 1101 2833 paoeanrrua.
1122 2796 1280 2834 Videtur
1298 2797 1402 2846 quod

371 2839 421 2868 ¹⁴¹
471 2840 529 2896 [3⁷⁹3
555 2856 756 2897 praecepta
799 2849 969 2896 decalogi
1011 2849 1082 2886 sint
1123 2849 1399 2898 dispensabilia.

345 2999 481 3054 quibus
511 3007 647 3054 deficit,
670 3013 706 3043 et
723 3007 902 3044 mutabile
924 3007 1107 3055 est,-sicut
1126 3015 1162 3044 et
1181 3015 1314 3045 natura
1331 3007 1400 3045 hu-

305 3071 316 3086 2
345 3070 469 3104 mana,
489 3066 531 3095 ut
549 3060 804 3108 Philosophus
829 3060 929 3108 dicit,
949 3060 987 3096 in
1001 3060 1164 3097 VEtlzic.
1186 3060 1206 3081 ²⁸¹
1221 3060 1400 3098 Defectus

344 3119 470 3148 autem
507 3112 597 3159 legis
633 3112 670 3149 in
708 3112 895 3160 aliquibus
931 3113 1218 3162 particularibus
1253 3113 1400 3150 casibus

345 3170 400 3199 est
428 3163 520 3200 ratio
542 3164 795 3213 dispensandi,
816 3173 858 3202 ut
877 3177 990 3214 supra
1008 3165 1028 3187 '¹‘
1048 3165 1190 3203 dictum
1209 3173 1275 3204 est.
1296 3166 1398 3214 Ergo

344 3214 382 3251 in
408 3217 618 3265 praeceptis
647 3218 815 3265 decalogi
843 3225 969 3266 potest
995 3218 1078 3255 fieri
1107 3218 1348 3267 dispensatio.

398 3279 430 3304 2.
452 3268 687 3316 PRAETEREA,
718 3270 812 3307 sicut
840 3283 880 3307 se
909 3271 1024 3307 habet
1051 3272 1170 3308 homo
1200 3271 1249 3308 ad
1276 3272 1398 3320 legem

342 3319 569 3368 humanam,
595 3321 645 3358 ita
673 3334 713 3358 se
749 3323 864 3360 habet
900 3324 1006 3360 Deus
1035 3324 1084 3360 ad
1110 3325 1233 3372 legem
1271 3325 1400 3362 datam

395 3448 423 3483 α)
443 3449 550 3474 iustum.
567 3463 587 3469 -
606 3450 646 3474 ius
665 3450 736 3476 PKa.
753 3465 772 3470 —
790 3452 841 3476 Pro
860 3452 933 3481 dicit,
953 3454 1010 3479 uult
1030 3454 1081 3478 EF.

1457 2796 1644 2834 divinitus.
1668 2798 1744 2835 Sed
1763 2799 1883 2836 homo
1914 2806 2039 2848 potest
2059 2799 2280 2848 dispensare
2307 2800 2347 2840 in
2365 2800 2518 2850 praece·

1454 2849 1527 2898 ptis
1555 2850 1646 2897 legis
1674 2863 1774 2898 quae
1801 2852 1922 2888 homo
1953 2852 2088 2889 statuit.
2110 2853 2228 2900 Ergo,
2249 2865 2338 2890 cum
2365 2862 2519 2902 praece÷

1454 2910 1520 2951 pta
1547 2903 1717 2951 decalogi
1751 2904 1824 2940 sint
1862 2904 2028 2941 instituta
2057 2917 2079 2942 a
2105 2906 2210 2952 Deo,
2237 2905 2388 2943 videtur
2414 2906 2521 2955 quod

1455 2956 1560 2992 Deus
1587 2955 1626 2992 in
1654 2956 1707 2992 eis
1736 2957 1855 3004 possit
1884 2957 2115 3005 dispensare.
2143 2957 2221 2995 Sed
2247 2958 2405 3007 praelati
2431 2958 2522 3002 vice]

1454 3008 1527 3045 Dei
1554 3008 1759 3056 funguntur
1778 3009 1816 3046 in
1844 3010 1970 3046 terris:
2000 3010 2087 3047 dicit
2115 3010 2218 3049 enirn
2245 3011 2520 3060 Apostolu5‚,u

1453 3061 1505 3098 ad
1527 3062 1613 3098 Cor.
1635 3073 1657 3098 11
1677 3061 1714 3099 *z
1743 3061 1850 3099 Nam
1869 3068 1905 3099 et
1932 3074 2016 3113 ego,
2035 3063 2070 3100 si
2091 3064 2182 3112 quid
2198 3063 2348 3111 donavi,
2364 3070 2520 3114 propter
2543 3078 2554 3090 ³
2569 3077 2635 3101 ven.
2649 3084 2685 3101 ιο.

1452 3125 1519 3150 vos
1547 3114 1688 3151 donavi
1713 3115 1750 3152 in
1768 3126 1935 3163 persona
1970 3116 2116 3153 Christi.
2143 3117 2245 3165 Ergo
2271 3116 2384 3154 etiam
2408 3129 2520 3166 prae—,1

1453 3166 1516 3203 lati
1534 3174 1694 3215 possunt
1712 3167 1751 3204 in
1769 3168 1978 3217 praeceptis
2000 3168 2170 3217 decalogi
2190 3169 2420 3218 dispensare.

1508 3220 1542 3256 3.
1564 3220 1802 3268 PRAETEREA,
1833 3221 1928 3258 inter
1956 3229 2158 3270 praecepta
2198 3221 2367 3270 decalogi
2395 3220 2511 3259 conti-

1454 3279 1564 3308 netur
1589 3273 1792 3321 prohibitio
1814 3273 2020 3311 homicidii.
2044 3274 2121 3311 Sed
2149 3274 2187 3311 in
2207 3274 2277 3312 isto
2305 3280 2510 3326 praecepto

1454 3324 1604 3362 videtur
1624 3325 1831 3374 dispensari
1849 3339 1919 3375 per
1935 3327 2132 3364 homines:
2151 3334 2243 3376 puta
2263 3338 2364 3373 cum,
2381 3337 2515 3363 secun-
