2840 4010
54 823 116 846 trod.

53 799 65 809 '
75 797 113 820 Cf.
127 803 166 826 qn.
180 797 267 825 xc,In-

1009 174 1275 220 QUAESTIO
1304 174 1407 220 XCI,
1436 172 1730 210 ARTICULUS
1760 173 1774 208 I

2395 171 2464 207 153

765 397 1174 474 QUAESTIO
1211 396 1998 452 NONAGESIMAPRIMA

995 524 1079 563 DE
1112 522 1326 563 LEGUM
1358 523 1766 564 DIVERSITATE

1133 637 1168 663 IN
1196 637 1262 662 SEX
1289 636 1490 662 ARTICULOS
1518 638 1634 662 DlVlSA

377 747 485 773 mmm
523 731 843 771 considerandum
881 738 936 768 est
967 732 1014 768 de
1053 731 1267 768 diversitate
1303 731 1356 767 le-

295 746 468 837 Dgum
495 787 527 824 ⁸¹.

294 842 344 878 Et
371 841 468 878 circa
495 840 570 876 hoc
597 844 830 886 quaeruntur
857 849 933 874 sex.

346 893 498 931 Primo:
525 898 653 928 utrum
683 889 729 926 sit
755 889 878 938 aliqua
905 891 963 926 lex
992 896 1154 926 aeterna.

347 944 548 983 Secundo:
576 951 705 980 utrum
733 942 778 979 sit
805 942 931 991 aliqua
958 942 1017 979 lex
1045 941 1233 979 naturalis.

1462 730 1614 766 Tertio:
1643 738 1770 768 utrum
1800 731 1846 768 sit
1873 732 1996 780 aliqua
2023 733 2080 769 lex
2108 733 2286 770 humana.

1462 801 1628 848 Quarto:
1658 809 1784 838 utrum
1813 802 1858 838 sit
1885 803 2009 852 aliqua
2037 804 2096 840 lex
2125 804 2264 840 divina.

1461 871 1625 918 Quinto:
1654 878 1783 907 utrum
1811 871 1857 907 sit
1883 884 1960 908 una
1987 879 2144 919 tantum,
2165 874 2227 910 vel
2253 874 2391 922 plures.

1463 941 1598 977 Sexto:
1627 948 1755 977 utrum
1785 941 1830 977 sit
1859 941 1983 990 aliqua
2010 942 2068 978 lex
2096 943 2252 991 peccati.

1103 1049 1419 1091 ARTICULUS
1450 1049 1654 1091 PRIMUS

997 1151 1154 1183 UTRUM
1176 1150 1243 1181 SIT
1266 1150 1430 1188 ALIQUA
1453 1151 1538 1181 LEX
1561 1151 1766 1182 AETERNA

1206 1237 1285 1269 Infra,
1305 1245 1349 1271 qu.
1367 1245 1444 1269 xcm,
1464 1243 1509 1263 art.
1532 1247 1553 1263 1.

331 1351 391 1393 '‘st-5⁵
410 1354 481 1395 '5³3'
503 1349 527 1375 n
555 1349 693 1375 Palmum
720 1348 773 1373 src
801 1347 1040 1373 PROCEDITUR.
1069 1334 1227 1372 Videtur
1249 1334 1354 1394 quod

327 1386 411 1447 ΨΑ
428 1396 477 1447 Ἑρ
505 1402 583 1427 non
611 1389 658 1426 sit
677 1389 802 1437 aliqua
820 1389 879 1426 lex
899 1396 1063 1426 aeterna.
1093 1387 1231 1425 Omnis
1251 1387 1351 1424 enim

312 1442 349 1491 g?
346 1431 432 1484 ἐν
454 1446 476 1480 f
490 1438 562 1480 lex
600 1442 788 1491 aliquibus
825 1441 1044 1491 imponitur
1074 1441 1150 1479 Sed
1179 1453 1258 1478 non
1286 1440 1354 1477 fuit

316 1487 448 1534 1³²3*
468 1492 553 1532 ab
582 1503 736 1532 aeterno
765 1494 900 1542 aliquis
933 1494 1030 1532 cui²
1057 1495 1116 1532 lex
1132 1500 1264 1543 posset
1281 1493 1351 1530 im-

289 1549 399 1598 poni:
419 1549 522 1586 solus
542 1548 645 1585 enim
661 1549 767 1585 Deus
786 1548 855 1585 fuit
873 1548 921 1584 ab
941 1555 1107 1585 aeterno.
1127 1547 1229 1595 Ergo
1250 1547 1352 1584 nulla

289 1602 349 1639 lex
378 1608 434 1638 est
460 1608 625 1638 aeterna.

345 1666 380 1692 2.
401 1655 634 1701 PRAETEREA,
654 1653 910 1702 promulgatio
940 1660 995 1690 est
1018 1652 1065 1690 de
1084 1652 1229 1690 ratione
1248 1652 1350 1700 legis.

291 1707 369 1746 Sed
386 1706 642 1756 promulgatio
661 1719 740 1744 non
758 1706 881 1756 potuit
899 1718 982 1743 esse
1001 1706 1050 1743 ab
1070 1713 1241 1743 aeterno:
1262 1705 1352 1754 quia

289 1772 370 1801 non
407 1767 486 1797 erat
521 1760 570 1796 ab
608 1767 763 1796 aeterno
801 1759 862 1796 cui
894 1759 1209 1808 promulgaretur.
1248 1759 1349 1806 Ergo

289 1813 392 1851 nulla
419 1813 479 1850 lex
505 1819 631 1861 potest
658 1825 741 1849 esse
770 1820 933 1849 aeterna.

345 1866 380 1903 3
401 1866 636 1912 PRAETEREA,
655 1866 715 1902 lex
738 1865 919 1913 importat
938 1864 1113 1902 ordinem
1141 1864 1190 1902 ad
1217 1864 1348 1901 finem.

290 1918 369 1956 Sed
397 1918 488 1955 nihil
516 1926 572 1955 est
590 1925 787 1956 aeternum
808 1919 912 1967 quod
931 1917 1126 1955 ordinetur
1144 1918 1192 1954 ad
1211 1917 1349 1954 finem:

290 1971 394 2009 solus
414 1971 516 2008 enim
535 1971 691 2008 ultimus
712 1971 800 2008 finis
829 1978 885 2008 est
912 1978 1098 2008 aeternus.
1128 1970 1230 2019 Ergo
1250 1971 1353 2008 nulla

289 2025 349 2063 lex
378 2030 434 2060 est
461 2031 624 2062 aeterna.

344 2076 419 2114 SED
448 2088 594 2114 CONTRA
620 2089 686 2114 EST
714 2076 819 2124 quod
838 2075 1070 2124 Augustinus
1094 2075 1222 2123 dicit,
1213 2088 1251 2113 in
1273 2078 1286 2113 I
1306 2076 1352 2113 de

288 2130 372 2168 Lib.
392 2130 484 2167 Arb.
505 2129 541 2166 *τ
569 2130 655 2167 Lex
685 2141 782 2178 quae
812 2141 961 2166 summa
989 2129 1085 2166 ratio
1114 2129 1349 2175 nominatur,

289 2194 364 2226 non
386 2188 510 2231 potest
526 2183 690 2231 cuipiam
710 2182 929 2232 intelligenti
945 2194 1020 2219 non
1040 2182 1352 2220 incommutabilis

289 2241 517 2284 aeternaque
541 2235 672 2273 videri.

342 2289 569 2327 Responmzo
587 2300 772 2326 mCENDUM
791 2287 908 2337 quod,
925 2287 1021 2325 sicut
1038 2300 1152 2337 supra
1166 2288 1186 2309 '²
1206 2287 1349 2325 dictum

289 2348 356 2389 est,
376 2341 467 2392 nihil
488 2348 543 2378 est
561 2341 663 2379 aliud
687 2341 747 2378 lex
775 2353 892 2400 quam
911 2340 1109 2388 quoddam
1124 2339 1139 2370 β
1158 2341 1349 2379 dictamen

245 2416 254 2424 ·
287 2393 476 2443 practicae
513 2393 667 2431 rationis
699 2393 738 2430 in
769 2393 938 2443 principe
977 2392 1042 2442 qui
1069 2394 1254 2442 gubernat
1285 2394 1349 2431 ali-

228 2486 230 2490 ,
287 2458 405 2496 quam
435 2447 748 2484 communitatem
776 2447 998 2495 perfectam.
1026 2446 1272 2484 Manifestum
1294 2454 1350 2484 est

288 2507 429 2546 autern,
450 2492 648 2549 supposito
668 2500 772 2547 quod
801 2499 967 2536 mundus
988 2498 1116 2536 divina
1142 2499 1348 2548 providen-

254 2552 338 2593 ‚tia
365 2560 526 2612 regatur,
545 2561 587 2591 ut
605 2552 644 2591 in
661 2552 792 2590 Primo
811 2551 831 2574 ²¹⁸
858 2551 1031 2589 habitum
1052 2559 1117 2599 est,
1138 2554 1242 2602 quod
1270 2561 1348 2590 tota

289 2605 542 2643 communitas
578 2605 744 2643 universi
776 2605 1006 2653 gubernatur
1033 2605 1176 2642 ratione
1206 2605 1345 2643 divina.

288 2658 337 2695 Et
364 2659 452 2696 ideo
480 2658 562 2707 ipsa
590 2658 684 2695 ratio
718 2658 1001 2706 gubernationis
1038 2670 1165 2695 rerum
1197 2658 1235 2696 in
1263 2660 1348 2696 Deo

288 2710 384 2747 sicut
411 2711 449 2759 in
469 2711 639 2759 principe
658 2710 911 2748 universitatis
932 2710 1104 2758 existens,
1125 2711 1216 2759 legis
1235 2711 1350 2749 habet

288 2763 486 2800 rationem.
517 2764 566 2800 Et
593 2763 683 2811 quia
711 2763 840 2801 divina
872 2763 965 2800 ratio
994 2763 1084 2800 nihil
1113 2763 1276 2812 concipit
1305 2777 1349 2801 ex

341 2875 368 2907 α)
388 2875 484 2907 aliquis
502 2875 554 2900 cui.
571 2875 650 2900 -cui
668 2875 765 2908 aliquis
784 2876 824 2900 ed.
842 2883 867 2906 a,
886 2877 932 2901 cui
948 2877 1039 2909 aliqua
1057 2878 1085 2902 P

342 2908 367 2942 β)
387 2910 530 2943 quoddam.
549 2924 568 2928 -
587 2910 648 2935 Orn.
669 2911 714 2935 Pa.

1407 1342 1593 1383 tempore,
1622 1336 1688 1372 sed
1717 1336 1832 1372 habet
1860 1344 2056 1374 aeternum
2086 1345 2326 1386 conceptum,
2349 1346 2391 1375 ut
2410 1338 2464 1375 di—

1409 1387 1503 1424 citur
1519 1389 1634 1425 Prov.
1653 1400 1714 1425 vui
1733 1388 1768 1434 *3
1797 1388 1884 1426 inde
1905 1396 1961 1426 est
1980 1389 2086 1437 quod
2103 1390 2324 1428 huiusmodi
2341 1392 2463 1439 legem

1409 1448 1558 1488 oportet
1586 1441 1710 1478 dicere
1738 1449 1943 1479 aeternam.

1459 1495 1517 1530 AD
1546 1506 1683 1531 PmMUM
1710 1506 1809 1531 ERGO
1837 1506 2020 1542 D1CENDUM
2044 1495 2148 1543 quod
2169 1507 2214 1531 ea
2233 1508 2331 1544 quae
2350 1495 2388 1533 in
2407 1509 2464 1533 se-

1407 1545 1495 1594 ipsis
1524 1559 1603 1583 non
1630 1554 1727 1594 sunt,
1757 1547 1860 1596 apud
1888 1548 2014 1584 Deum
2041 1547 2211 1595 existunt,
2239 1548 2463 1597 inquantum

1407 1607 1492 1635 sunt
1511 1600 1558 1636 ab
1582 1599 1664 1648 ipso
1683 1599 1925 1648 praecognita
1940 1605 1955 1628 Υ
1975 1607 2011 1636 et
2028 1600 2310 1649 praeordinata;
2331 1614 2463 1639 secun-

1408 1651 1499 1688 dum
1520 1652 1610 1689 illud
1629 1654 1741 1689 Rom.
1758 1665 1793 1689 1v
1806 1652 1842 1689 *ε
1876 1653 1950 1695 Qui
1965 1659 2077 1690 vocat
2093 1665 2137 1690 ea
2157 1666 2254 1702 quae
2271 1667 2346 1691 non
2364 1661 2461 1701 sunt,

1406 1712 1584 1754 tanquam
1605 1718 1649 1742 ea
1668 1717 1765 1753 quae
1782 1711 1879 1742 sunt.
1910 1705 1973 1742 Sic
1990 1705 2100 1753 igitur
2118 1714 2292 1744 aeternus
2313 1707 2462 1745 divinae

1406 1759 1495 1807 legis
1515 1766 1721 1807 conceptus
1748 1759 1863 1795 habet
1883 1758 2068 1795 rationem
2088 1759 2178 1806 legis
2197 1767 2383 1807 aeternae,
2404 1773 2462 1797 se-

1406 1813 1574 1849 cundum
1594 1811 1699 1859 quod
1718 1823 1740 1847 a
1763 1812 1845 1848 Deo
1870 1810 2062 1848 ordinatur
2081 1812 2128 1848 ad
2148 1813 2462 1859 gubernationem

1406 1877 1532 1902 rerum
1560 1865 1607 1901 ab
1634 1864 1718 1913 ipso
1746 1863 2088 1912 praecognitarum.

1458 1920 1516 1954 AD
1545 1929 1734 1954 SECUNDUM
1762 1928 1946 1954 D1CENDUM
1966 1917 2069 1966 quod
2093 1917 2345 1966 promulgatio
2364 1919 2408 1955 fit
2427 1925 2463 1955 et

1404 1971 1524 2007 verbo
1560 1978 1596 2006 et
1627 1970 1788 2018 script0;
1819 1977 1855 2006 et
1882 1977 2042 2018 utroque
2074 1970 2196 2016 modo
2224 1971 2283 2007 lex
2311 1978 2462 2008 aeterna
2487 2008 2490 2010 .

1406 2024 1519 2060 habet
1547 2022 1894 2071 promulgationem
1923 2035 1967 2059 ex
1993 2030 2100 2071 parte
2120 2023 2191 2060 Dei
2218 2024 2462 2072 promulgan-

1406 2077 1470 2113 tis:
1500 2076 1588 2124 quia
1617 2083 1653 2112 et
1679 2075 1851 2112 Verbum
1889 2075 2061 2112 divinum
2098 2083 2153 2113 est
2179 2083 2395 2124 aeternum,
2425 2084 2462 2113 et

1406 2129 1586 2178 scriptura
1621 2128 1704 2165 libri
1740 2127 1840 2165 vitae
1878 2135 1934 2164 est
1970 2136 2132 2165 aeterna.
2168 2129 2244 2166 Sed
2277 2141 2322 2166 ex
2354 2137 2462 2178 parte

1405 2190 1596 2219 creaturae
1631 2180 1816 2218 audientis
1844 2188 1909 2217 aut
1935 2180 2184 2230 inspicientis,
2222 2194 2300 2219 non
2336 2189 2462 2231 potest

1406 2248 1486 2272 esse
1515 2233 1767 2284 promulgatio
1792 2241 1956 2271 aeterna.

1457 2290 1516 2325 AD
1543 2299 1703 2324 TERTmM
1726 2298 1910 2324 monimum
1938 2287 2042 2336 quod
2069 2287 2129 2323 lex
2156 2286 2335 2335 importat
2363 2286 2462 2324 ordi-

1404 2354 1492 2378 nem
1514 2341 1563 2377 ad
1581 2341 1700 2377 finem
1720 2339 1854 2387 active,
1883 2339 2110 2399 inquantum
2129 2339 2267 2376 scilicet
2285 2352 2354 2389 per
2373 2352 2459 2376 eam

1404 2394 1625 2431 ordinantur
1652 2392 1776 2452 aliqua
1802 2391 1841 2429 in
1868 2392 2008 2429 finem:
2037 2388 2116 2429 ndn
2143 2400 2271 2430 autem
2298 2393 2459 2452 passive,

1402 2447 1498 2484 idest
1525 2446 1628 2505 quod
1656 2445 1737 2494 ipsa
1763 2445 1824 2482 lex
1851 2445 2044 2482 ordinetur
2071 2445 2120 2482 ad
2147 2445 2278 2494 finem,
2303 2446 2374 2482 nisi
2393 2457 2461 2494 per

1402 2499 1599 2537 accidens
1591 2512 1629 2536 111
1644 2499 1877 2546 gubernante
1901 2498 2007 2535 cuius
2026 2497 2114 2535 finis
2129 2506 2184 2535 est
2200 2506 2300 2534 extra
2319 2499 2457 2547 ipsum,

1403 2553 1451 2590 ad
1480 2564 1594 2601 quem
1626 2551 1738 2588 etiam
1763 2563 1919 2588 necesse
1942 2559 1998 2588 est
2015 2559 2057 2588 ut
2074 2551 2134 2588 lex
2154 2551 2234 2588 eius
2254 2552 2457 2589 ordinetur.

1404 2606 1480 2643 Sed
1500 2605 1585 2642 finis
1606 2604 1754 2642 divinae
1774 2604 2058 2651 gubernationis
2078 2611 2133 2641 est
2151 2604 2230 2652 ipse
2250 2605 2366 2651 Deus,
2388 2617 2458 2641 nec

1404 2659 1483 2695 eius
1510 2659 1568 2694 lex
1589 2665 1645 2694 est
1663 2655 1763 2694 aliud
1778 2655 1791 2678 δ
1811 2657 1859 2693 ab
1878 2657 1973 2705 ipso.
2003 2658 2114 2694 Unde
2132 2658 2190 2693 lex
2210 2665 2360 2694 aeterna
2379 2669 2456 2694 non

1403 2711 1597 2749 ordinatur
1623 2710 1661 2747 in
1690 2710 1805 2746 alium
1833 2710 1964 2747 finem.

1455 2878 1480 2910 γ)
1495 2877 1682 2909 praecognita.
1700 2890 1718 2895 -
1735 2876 1843 2909 cognita
1861 2877 1908 2901 Pa.

1454 2912 1478 2944 ὃ)
1498 2913 1581 2937 aliud.
1599 2926 1618 2930 -
1635 2912 1689 2936 alia
1707 2912 1759 2936 EF.

961 2999 1294 3032 Commenta-ria
1314 3000 1433 3033 Gar-d
1438 3000 1564 3031 inalis
1586 2999 1784 3032 Caietam

291 3095 357 3158 ΙΝ
367 3084 501 3116 articulo
528 3085 634 3125 primo
667 3085 862 3136 quaestionis
883 3086 1245 3128 nonagesimaeprimae‚
1270 3086 1350 3117 nihil
1400 3086 1478 3118 fines
1501 3087 1542 3117 ad
1564 3086 1660 3117 finem
1683 3086 1851 3122 ultimum,
1878 3085 1956 3125 legis
1982 3085 2136 3115 rationem
2165 3084 2284 3115 induit:
2310 3084 2455 3125 quamvis

319 3129 406 3160 aliud
428 3129 606 3160 notandum
627 3129 762 3160 occurrit
782 3129 842 3160 nisi
866 3129 982 3170 quod
973 3140 1043 3171 ipsa
1065 3130 1262 3170 providentia
1277 3131 1346 3168 Dei,
1399 3131 1460 3171 legi
1485 3130 1624 3161 subiecta
1646 3140 1711 3160 non
1731 3130 1844 3160 eodem
1868 3129 1966 3159 modo
1990 3129 2027 3159 ab
2043 3128 2096 3158 illa
2119 3128 2300 3168 regulentur
2323 3135 2356 3159 et
2377 3127 2455 3159 obli-

288 3183 370 3215 quae
393 3179 439 3204 est
461 3173 540 3203 ratio
564 3173 800 3213 gnbernationls
823 3183 939 3210 rerum,
963 3183 1022 3214 pro
1045 3181 1166 3215 quanto
1191 3181 1238 3205 est
1259 3184 1348 3205 men-

1401 3181 1530 3215 gentur,
1555 3174 1633 3204 dum
1656 3173 1716 3203 alia
1743 3172 1986 3209 rationabiliter,
2013 3179 2049 3203 ut
2075 3172 2270 3202 intellectum
2290 3172 2454 3209 habentia,

287 3227 360 3248 sura
385 3224 415 3248 et
437 3217 545 3257 regula
568 3217 737 3258 obligativa
759 3227 865 3248 rerum
889 3218 1038 3248 omniurn
1060 3218 1093 3248 in
1117 3227 1192 3249 suos
1215 3225 1302 3249 actus
1318 3225 1350 3249 et
1401 3218 1462 3248 alia
1479 3217 1669 3253 naturaliter,
1686 3223 1722 3247 ut
1743 3216 1902 3247 intellectu
1927 3216 2069 3252 carentia,
2094 3216 2277 3247 subdantur.

432 3534 542 3559 Summi
561 3533 661 3558 Tnzot.
680 3533 712 3558 D.
725 3532 839 3558 Tuomst
858 3532 888 3557 T.
911 3533 953 3557 1v.

2279 3538 2310 3555 20

2491 1400 2501 1411 “
2515 1399 2583 1422 Vera.
2597 1405 2631 1428 ²3-

2488 1662 2499 1673 ·
2514 1661 2580 1684 Vera.
2594 1667 2624 1690 17.
