2840 4010
0 1864 9 1872 τ
0 1834 4 1839 .
0 1676 9 1810 v-—v-—v-r-
0 1492 9 1664 —w--v-—v-vw
0 1470 2 1474 -

52 1761 61 1765 ‚
54 1690 58 1695 .

61 801 71 811 ·
86 799 152 822 vers.
167 806 193 822 ιι.

61 3061 155 3086 ’Ver-n.
169 3069 190 3092 7.

997 133 1262 178 QUAESTIO
1291 133 1375 178 CII,
1404 131 1699 168 ARTICULUS
1727 131 1761 167 V

299 212 369 248 bus
387 210 447 247 illa
466 223 554 259 pars
573 211 742 259 corporis
760 211 1032 248 honorabatur.
1044 211 1270 248 -Dominus
1289 222 1353 247 au-

298 271 376 301 tem
403 263 702 312 nonprohibuit
730 263 800 300 nisi
832 264 1054 301 incisionem
1071 275 1180 312 quae
1211 263 1251 299 in
1279 263 1355 299 cul-

297 323 380 355 tum
407 315 600 353 idolorum
628 317 764 354 fiebat:
790 316 849 353 cui
878 329 956 354 non
985 324 1063 353 erat
1089 315 1220 352 similis
1247 327 1356 363 prae-

299 367 397 405 dicta
425 369 674 406 circumcisio.
1093 400 1098 406 ,

351 421 381 458 F
384 420 534 469 iguralis
568 422 662 459 vero
699 421 793 458 ratio
827 420 1121 458 circumcisionis
1154 427 1232 456 erat
1269 419 1356 466 quia

299 473 532 521 figurabatur
559 474 696 512 ablatio
727 473 976 522 corruptionis
998 472 1126 509 fienda
1153 484 1222 520 per
1250 472 1356 508 Chri-

299 534 412 574 stum,
433 539 532 576 quae
551 528 716 576 perfecte
736 524 987 574 complebitur
1004 524 1043 561 in
1067 532 1203 562 octava
1221 531 1355 570 aetate,

300 591 398 628 quae
427 588 481 617 est
509 588 611 617 aetas
630 577 918 626 resurgentium.
939 578 988 614 Et
1015 577 1103 626 quia
1122 577 1247 614 omnis
1276 588 1357 613 cor-

300 634 424 681 ruptio
445 634 594 682 culpae⁶
606 640 643 669 et
661 642 810 680 poenae
837 630 1014 679 provenit
1041 630 1080 667 in
1102 642 1174 667 nos
1192 642 1261 679 per
1280 641 1357 666 car-

300 686 426 723 nalem
455 685 639 733 originem
667 695 712 720 ex
738 690 896 731 peccato
924 683 1037 731 primi
1064 683 1241 731 parentis,
1269 682 1357 719 ideo

300 738 381 775 talis
415 737 651 776 circumcisio
679 736 796 773 fiebat
823 735 862 772 in
888 737 1067 773 membro
1094 734 1356 784 generationis.

301 791 412 828 Unde
439 790 645 839 Apostolus
673 788 776 836 dicit,
804 789 856 825 ad
887 789 1007 826 Colos.
1028 801 1051 826 11
1069 789 1110 825 *ε
1139 787 1360 826 Circumcisi

301 844 384 880 estis
405 844 444 880 in
468 843 613 880 Christo
641 841 924 878 circumcisione
952 854 1026 878 non
1045 853 1161 889 manu
1178 842 1290 890 facta
1318 840 1356 877 in

301 896 551 944 expoliatione
576 894 746 942 corporis
768 895 914 940 carnis,
935 895 1002 932 sed
1019 895 1056 932 in
1075 894 1358 932 circumcisione

300 949 459 987 Domini
482 948 602 985 nostri
626 948 712 984 Iesu
746 947 892 984 Christi.

353 1003 413 1039 An
440 1012 630 1038 secunaum
649 1011 833 1037 mesanum
852 1000 958 1048 quod
976 1000 1141 1037 litteralis
1169 999 1263 1036 ratio
1290 1010 1357 1047 pa-

301 1053 435 1091 schalis
463 1053 629 1091 convivii
653 1053 723 1090 fuit
750 1053 788 1090 in
816 1052 1223 1091 commemorationem
1243 1052 1357 1089 bene-

299 1106 381 1144 ficii·
392 1119 472 1154 quo
501 1107 609 1143 Deus
635 1106 762 1143 eduxit
791 1118 860 1143 eos
877 1107 925 1143 de
944 1108 1130 1155 Aegypto.
1160 1105 1271 1143 Unde
1289 1117 1358 1153 per

299 1159 521 1198 huiusmodi
550 1159 716 1196 convivii
753 1159 1046 1196 celebrationem
1077 1158 1359 1208 -profitebantur

301 1225 342 1250 se
370 1213 420 1250 ad
446 1212 550 1257 illurn
578 1213 766 1261 populum
793 1212 981 1261 pertinere
1009 1224 1125 1261 quern
1153 1212 1259 1249 Deus
1286 1210 1357 1248 sibi

251 1290 256 1292 s
301 1272 558 1314 assumpserat
586 1277 631 1302 ex
659 1267 846 1313 Aegypto.
872 1265 1039 1312 Quando
1067 1265 1169 1302 enim
1198 1271 1285 1301 sunt
1312 1276 1358 1300 ex

301 1320 476 1367 Aegypto
500 1318 656 1364 liberati,
676 1326 924 1366 praeceptum
953 1325 1009 1355 est
1035 1318 1089 1355 eis
1106 1325 1149 1355 ut
1175 1316 1358 1365 sanguine

301 1371 388 1419 agni
405 1371 554 1408 linirent
567 1370 878 1418 superliminaria
907 1372 1124 1418 domorum,
1145 1370 1252 1420 quasi
1270 1382 1358 1419 pro-

301 1431 477 1465 testantes
505 1435 545 1460 se
574 1423 752 1460 recedere
782 1435 805 1460 a
834 1424 963 1461 ritibus
985 1424 1272 1472 Aegyptiorum,
1294 1423 1359 1472 qui

301 1476 458 1525 arietem
486 1476 672 1513 colebant.
693 1476 804 1513 Unde
831 1484 867 1513 et
894 1477 1039 1513 liberati
1067 1484 1154 1514 sunt
1179 1487 1248 1525 per
1274 1488 1359 1513 san—

300 1528 423 1577 guinis
441 1529 527 1576 agni
541 1529 802 1577 aspersionem
817 1530 879 1566 vel
899 1529 1107 1567 linitionem
1128 1529 1166 1566 in
1186 1529 1359 1578 postibus

301 1582 520 1629 domorum,
542 1594 564 1619 a
583 1582 752 1631 periculo
781 1582 992 1619 exterminii
1011 1583 1117 1630 quod
1136 1582 1360 1619 imminebat

299 1635 506 1684 Aegyptiis

354 1689 397 1725 ln
425 1687 486 1724 illo
520 1695 647 1724 autem
685 1687 784 1725 exitu
817 1700 952 1725 eorum
990 1688 1038 1725 de
1074 1690 1249 1736 Aegypto
1279 1689 1357 1725 duo

301 1741 471 1778 fuerunt:
501 1740 640 1777 scilieet
661 1740 872 1777 festinantia
899 1741 948 1778 ad
973 1740 1260 1789 egrediendum,
1290 1741 1359 1777 im-

300 1794 491 1843 pellebant
519 1793 620 1830 enim
645 1805 712 1830 eos
735 1793 910 1842 Aegyptii
938 1801 979 1830 ut
1007 1794 1148 1831 exirent
1165 1794 1358 1841 velociter,

300 1854 343 1884 ut
373 1846 535 1883 habetur
564 1846 688 1882 Exod.
714 1858 784 1891 xi13
814 1846 1111 1896 imminebatque
1148 1846 1359 1896 periculum

302 1899 336 1936 ei
359 1899 426 1948 qui
452 1911 531 1935 non
558 1898 749 1935 festinaret
777 1899 877 1936 exire
905 1911 992 1936 cum
1022 1899 1280 1947 multitudine,
1310 1912 1358 1937 ne

301 1964 503 1989 remanens
541 1951 778 1989 occideretur-
811 1953 860 1989 ab
897 1953 1102 2002 Aegyptiis.
1130 1953 1358 1990 Festinantia

301 2012 429 2042 autem
445 2005 713 2052 designabatur
726 2005 933 2054 dupliciter.
949 2005 1036 2043 Uno
1055 2005 1210 2055 quidem
1226 2006 1358 2053 modo,

301 2070 370 2106 per
389 2070 434 2095 ea
457 2069 557 2105 quae
580 2057 846 2095 comedebant.
871 2059 1122 2107 Praeceptum
1150 2059 1251 2096 enim
1281 2067 1360 2096 erat

301 2110 355 2148 eis
383 2110 490 2159 quod
519 2110 762 2148 comederent
788 2123 908 2159 panes
923 2123 1095 2159 azymos,
1115 2112 1155 2149 in
1182 2112 1294 2149 huius
1314 2112 1360 2149 si-

301 2175 430 2211 gnum,
451 2163 556 2212 quod
584 2175 659 2200 non
682 2169 859 2212 poterant
879 2165 1116 2211 fermentari,
1143 2165 1360 2215 cogentibus

301 2217 408 2253 exire
425 2217 646 2266 Aegyptii&
666 2224 703 2253 et
725 2217 831 2265 quod
854 2217 1100 2255 comederent
1122 2229 1250 2254 assum
1270 2218 1357 2266 igni,

301 2269 355 2307 sic
374 2269 476 2306 enim
503 2269 674 2306 velocius
692 2270 1006 2318 praeparabatur;
1036 2278 1072 2307 et
1094 2270 1198 2319 quod
1217 2283 1262 2308 os
1281 2283 1360 2308 non

246 2327 247 2330 ’
302 2322 607 2359 comminuerent
626 2334 671 2358 ex
691 2334 749 2368 e0,
774 2322 863 2371 quia
887 2322 925 2359 in
953 2323 1165 2360 festinantia
1192 2335 1270 2361 non
1293 2336 1360 2361 va—

302 2382 362 2412 cat
385 2387 472 2412 ossa
499 2375 682 2422 frangere.
712 2374 798 2412 Alio
826 2377 958 2421 modo,
987 2383 1172 2424 quantum
1201 2378 1250 2414 ad
1277 2389 1360 2414 mo-

302 2428 396 2466 dum
433 2427 673 2465 comedendi.
712 2427 858 2465 Dicitur
894 2428 1020 2465 enim:
1057 2430 1180 2466 Renes
1218 2435 1361 2467 vestros

301 2481 524 2531 accingetis,
554 2481 807 2518 calceamenta
834 2482 1013 2518 habebitis
1040 2481 1077 2518 in
1103 2482 1280 2530 pedibus,
1309 2488 1358 2520 te-

302 2537 428 2571 nentes
454 2534 607 2576 baculos
634 2535 672 2570 in
700 2535 885 2580 manibus,
905 2540 942 2571 et
961 2535 1159 2572 comedetis
1173 2536 1360 2583 festinan-

302 2584 376 2638 ter-fl:
404 2587 510 2635 quod
537 2587 735 2634 manifeste
765 2587 936 2635 designat
957 2588 1133 2625 homines
1161 2588 1360 2626 existentes

302 2639 341 2676 in
359 2647 541 2687 promptu
559 2639 712 2676 itineris.
733 2640 795 2677 Ad
813 2640 917 2677 idem
942 2641 1055 2677 etiam
1075 2641 1236 2689 pertinet
1254 2642 1359 2690 quod

303 2691 357 2728 eis
393 2691 641 2740 praecipitur:
669 2693 716 2728 In
746 2705 822 2729 una
857 2694 969 2730 domo
997 2694 1213 2740 comedetis,
1242 2707 1361 2743 neque

291 2744 428 2792 feretis
454 2744 500 2780 de
527 2745 704 2781 carnibus
730 2745 809 2782 eius
824 2746 961 2793 foras:
990 2746 1077 2795 quia
1095 2746 1244 2795 scilicet,
1272 2760 1359 2796 pro-

302 2804 386 2846 pter
412 2797 682 2844 festinantiam,
711 2809 790 2835 non
820 2799 984 2836 vacabat
1011 2798 1175 2837 invicem
1211 2800 1360 2838 mittere

304 2849 463 2887 exennia
480 2848 511 2886 Κ·
522 2870 547 2878 -
563 2849 788 2887 Amaritudo
809 2858 935 2888 autem
958 2863 1074 2900 quam
1093 2852 1194 2901 passi
1213 2854 1360 2891 fuerant

302 2903 341 2939 in
367 2904 560 2951 Aegypte,
590 2902 870 2950 significabatur
893 2916 962 2953 per
989 2906 1153 2943 lactucas
1180 2914 1358 2954 agrestes.

357 2955 539 3003 Figuralis
567 2963 694 2993 autem
713 2962 731 2984 Ι*
755 2956 850 2994 ratio
873 2965 986 3006 patet.
1007 2958 1108 3004 Quia
1124 2971 1195 3008 per
1222 2959 1360 2997 immo-

302 3008 484 3046 lationem
513 3008 600 3057 agni
627 3009 813 3057 paschalis
841 3009 1122 3058 significabatur
1148 3011 1359 3049 immolatio

304 3061 460 3107 Christi3
489 3062 699 3099 secundum
735 3061 826 3099 illud
855 3063 869 3098 I
898 3063 950 3100 ad
984 3064 1070 3100 Cor.
1097 3075 1124 3100 v
1149 3064 1186 3101 *z
1214 3066 1360 3102 Pascha

303 3119 471 3151 nostrum
491 3114 705 3151 immolatus
718 3120 773 3151 est
789 3115 967 3152 Christus.
985 3116 1145 3164 Sanguis
1157 3129 1253 3154 vero
1272 3117 1360 3165 agni

302 3167 465 3204 liberans
486 3167 534 3204 ab
560 3167 863 3215 exterminatore,
883 3167 994 3205 linitis
1013 3168 1360 3217 superliminaribus

302 3220 530 3267 domorum,
559 3220 746 3268 significat
779 3220 897 3258 fidem
931 3220 1118 3270 passionis
1151 3222 1289 3260 Christi
1322 3223 1359 3260 in

303 3273 416 3311 corde
439 3280 474 3310 et
495 3285 560 3310 ore
579 3273 763 3321 fidelium,
784 3285 852 3322 per
871 3285 988 3321 quarn
1007 3273 1212 3311 liberamur
1231 3287 1253 3312 a
1270 3287 1361 3324 pec-

353 3385 381 3419 λ)
401 3387 526 3412 exennia.
542 3400 562 3406 -
579 3386 686 3411 encenia
705 3387 746 3411 ed.
764 3393 790 3416 a,
809 3386 893 3411 xenia
911 3386 940 3411 P.

302 3422 540 3489 Hgtiassgiffam
558 3425 655 3446 autem.
673 3435 691 3441 -
710 3422 846 3454 Figuralis
865 3428 967 3454 quoque
978 3422 996 3453 1,
1013 3421 1200 3454 figuratisque
1212 3421 1363 3452 ABCDGH,

443 3510 551 3535 Sumam
571 3510 672 3535 Tuam..
690 3510 721 3534 D.
736 3509 850 3534 Taenare
869 3509 901 3534 Τ.
917 3509 957 3533 IV.

2392 142 2461 176 241

1410 217 1494 245 cato
1523 217 1560 246 et
1587 221 1610 245 a
1638 216 1781 254 morte;
1807 209 2019 246 secundum
2049 208 2140 245 illud
2169 208 2365 246 IPet.1*:
2395 210 2468 246 Re-

1410 262 1552 309 dempti
1578 262 1662 298 estis
1682 262 1847 310 pretioso
1875 262 2061 311 sanguine
2087 261 2195 311 Agm'
2225 262 2466 298 immaculati.

1412 314 1726 351 Comedebantur
1750 322 1876 351 autem
1906 327 2039 351 carnes
2058 314 2155 360 illae,
2178 315 2226 351 ad
2255 314 2469 362 significan-

1411 366 1504 402 dum
1525 378 1632 402 esum
1654 367 1823 418 corporis
1848 367 1985 404 Christi
2002 367 2042 404 in
2067 368 2328 404 Sacramento.
2350 367 2469 403 Erant

1412 426 1539 454 autem
1569 431 1676 455 assae
1706 419 1800 467 igni,
1829 420 1877 457 ad
1909 420 2199 468 significandum
2228 419 2467 469 passionem,

1411 471 1472 506 vel
1502 471 1694 508 caritatem
1716 472 1864 509 Christi.
1887 473 2198 510 Comedebantur
2225 480 2353 510 autem
2379 484 2467 509 cum

1413 524 1555 569 azymis
1574 524 1748 571 panibus,
1770 525 1819 561 ad
1838 525 2126 572 significandam
2145 538 2283 574 puram
2309 537 2468 562 conver-

1413 574 1598 611 sationem
1623 576 1793 613 fidelium
1813 578 2044 615 sumentium
2066 591 2204 627 corpus
2223 579 2382 624 Christi3
2412 591 2467 615 se-

2496 222 2504 230 ·
2520 220 2587 242 Vers.
2603 221 2625 242 18
2640 227 2674 249 sq.

1413 627 1581 663 cundum
1609 628 1699 665 illud
1720 630 1733 665 Ι
1753 630 1804 665 ad
1826 631 1911 666 Cor.
1932 643 1956 666 v
1974 631 2010 667 *:
2030 631 2239 679 Epulemur
2266 632 2303 668 in
2323 632 2469 681 azymis
2498 643 2505 650 ·
2543 647 2578 662 ers

1411 680 1631 717 sinceritatis
1657 687 1692 717 et
1717 682 1892 719 veritatis.
1923 684 2110 720 Lactucae
2140 692 2268 721 autern
2305 692 2469 732 agrestes

1412 732 1661 779 addebantur,
1685 733 1724 770 in
1752 734 1900 782 signum
1927 736 2178 783 poenitentiae
2202 745 2468 785 peccatorum,

1412 797 1511 833 quae
1547 786 1759 823 necessaria
1797 795 1852 823 est
1884 789 2119 826 sumentibus
2154 802 2290 837 corpus
2320 790 2467 827 Christi.

1413 838 1539 874 Renes
1576 846 1704 875 autem
1733 839 1954 887 accingendi
1981 849 2067 877 sunt
2101 842 2250 889 cingulo
2280 842 2467 879 castitatis.

1413 890 1682 928 Calceamenta
1715 899 1842 928 autem
1872 892 2015 940 pedum
2052 901 2139 930 sunt
2167 896 2339 943 exempla
2368 907 2469 932 mor-

1412 950 1566 980 tuorum
1590 945 1757 980 Patrum.
1788 945 1919 981 Baculi
1947 953 2074 982 autern
2094 947 2259 984 habendi
2282 947 2319 983 in
2350 948 2469 984 mani-

1413 996 1495 1043 bus,
1516 996 1728 1044 significant
1745 998 1975 1045 pastoralem
1995 999 2217 1036 custodiam.
2238 1000 2470 1048 Praecipitur

1414 1056 1540 1085 autem
1567 1050 1672 1098 quod
1692 1049 1729 1086 in
1748 1062 1826 1086 una
1851 1050 1967 1087 domo
1995 1063 2113 1098 agnus
2137 1052 2325 1100 paschalis
2345 1065 2468 1089 come-

1414 1102 1538 1148 datur,
1572 1101 1669 1139 idest
1700 1102 1738 1139 in
1772 1103 1941 1140 Ecclesia
1977 1104 2284 1153 Catholicorum,
2322 1117 2399 1142 non
2433 1106 2470 1142 in

1414 1155 1684 1192 conventiculis
1712 1155 2003 1193 haereticorum.

1466 1210 1524 1244 AD
1560 1220 1719 1253 ‘mariun
1758 1220 1941 1246 mensuum
1978 1210 2083 1257 quod
2121 1210 2311 1259 quaedam
2347 1223 2472 1247 sacra-

1415 1269 1542 1298 menta
1570 1274 1697 1298 novae
1726 1261 1816 1309 legis
1844 1263 2058 1314 habuerunt
2089 1262 2127 1300 in
2155 1263 2274 1300 veteri
2302 1264 2384 1311 lege
2413 1276 2471 1300 sa-

1415 1322 1607 1351 cramenta
1626 1314 1797 1362 figuralia
1821 1314 1890 1351 sibi
1910 1316 2257 1364 correspondentia.
2280 1316 2383 1353 Nam
2404 1317 2471 1353 cir-

1415 1367 1635 1404 cumcisioni
1672 1368 1876 1416 respondet
1908 1369 2149 1416 Baptismus,
2183 1369 2249 1417 qui
2287 1377 2341 1405 est
2382 1370 2472 1406 fidei

1415 1427 1713 1457 sacramentum:
1742 1420 1845 1457 unde
1865 1420 1999 1457 dicitur
2022 1421 2075 1457 ad
2095 1421 2173 1457 Col.
2195 1433 2218 1458 11
2237 1421 2277 1457 *ε
2303 1422 2471 1459 Circum·
2502 1440 2509 1447 ·
2561 1444 2571 1459 r

1414 1473 1481 1509 cisi
1494 1474 1577 1509 estis
1595 1474 1632 1510 in
1653 1474 1935 1510 circumcisione
1950 1474 2106 1510 Domini
2123 1475 2241 1510 nostri
2258 1475 2343 1511 Iesu
2368 1476 2474 1511 Chri-

1413 1527 1470 1572 sti,
1490 1527 1694 1574 consepulti
1711 1527 1746 1563 ei
1764 1527 1800 1562 in
1830 1527 2023 1574 baptismo.
2046 1527 2238 1564 convivio
2266 1538 2360 1563 vero
2387 1528 2472 1575 agni

1414 1579 1602 1628 paschalis
1639 1579 1845 1628 respondet
1872 1579 1910 1615 in
1939 1591 2043 1615 nova
2070 1580 2151 1627 lege
2188 1588 2471 1617 sacramentum

1415 1632 1685 1669 Eucharistiae.
1708 1632 1899 1669 Omnibus
1918 1639 2046 1668 autem
2066 1633 2390 1681 purificationibus
2408 1646 2473 1670 ve—

1415 1685 1502 1721 teris
1530 1685 1621 1732 legis
1649 1685 1853 1734 respondet
1880 1685 1918 1721 in
1946 1697 2049 1722 nova
2081 1686 2162 1733 lege
2195 1694 2472 1723 sacramentum

1414 1738 1684 1775 Poenitentiae.
1724 1738 2009 1774 Consecrationi
2044 1746 2172 1775 autem
2205 1739 2431 1787 pontificum
2459 1746 2472 1760 ⁹

1414 1798 1450 1827 et
1478 1791 1719 1828 sacerdotum
1749 1790 1954 1839 respondet
1976 1798 2259 1828 sacramentum
2281 1791 2445 1828 Ordinis.

1468 1845 1715 1880 Sacramento
1735 1851 1862 1880 autem
1879 1844 2203 1891 Confirmationis,
2219 1844 2324 1893 quod
2345 1852 2400 1881 est
2415 1857 2474 1881 sa-

1415 1905 1650 1934 cramentum
1666 1896 1910 1945 plenitudinis
1924 1896 2075 1944 gratiae,
2088 1909 2166 1933 non
2180 1904 2304 1945 potest
2319 1909 2475 1946 respon-

1415 1950 1504 1987 dere
1536 1950 1574 1986 in
1602 1950 1721 1987 veteri
1750 1950 1832 1997 lege
1868 1949 2023 1998 aliquod
2056 1958 2355 1987 sacramentum:
2385 1951 2474 1999 quia

1414 2003 1586 2040 nondum
1612 2003 1820 2040 advenerat
1847 2010 1998 2051 tempus
2017 2003 2271 2051 plenitudinis,
2293 2015 2339 2039 eo
2368 2004 2474 2050 quod

1415 2057 1599 2093 neminem
1628 2056 1679 2093 ad
1698 2057 1908 2106 perfectum
1929 2055 2088 2092 adduxit
2113 2056 2176 2092 lex
2202 2056 2232 2092 ²¹⁸.
2255 2077 2278 2084 -
2299 2056 2476 2093 Similiter

1415 2117 1542 2146 autem
1572 2117 1608 2151 et
1635 2115 1874 2145 sacramento
1903 2109 2107 2145 Extremae
2135 2108 2343 2155 Unctionis,
2370 2109 2474 2157 quod

1415 2170 1471 2198 est
1489 2162 1680 2210 quaedam
1709 2161 1932 2198 immediata
1951 2161 2192 2210 praeparatio
2212 2162 2261 2198 ad
2280 2162 2473 2200 introitum

1415 2215 1571 2263 gloriae,
1602 2215 1707 2251 cuius
1743 2214 1865 2251 aditus
1893 2215 2066 2251 nondum
2100 2215 2254 2263 patebat
2287 2214 2325 2251 in
2356 2215 2474 2251 veteri

1414 2269 1507 2316 lege,
1524 2267 1644 2316 pretio
1666 2267 1838 2304 nondum
1860 2267 2327 2304 soluta-Matrimonium
2347 2275 2475 2304 autem

1414 2322 1482 2357 fuit
1500 2321 1657 2370 quidem
1685 2320 1723 2357 in
1741 2320 1860 2357 veteri
1890 2321 1971 2368 lege
1999 2328 2111 2369 prout
2131 2328 2212 2356 erat
2240 2320 2278 2356 in
2305 2320 2473 2357 officium

1416 2382 1589 2419 naturae;
1614 2385 1692 2410 non
1714 2380 1841 2410 autem
1869 2380 1983 2422 prout
2002 2381 2057 2410 est
2079 2381 2366 2410 sacramentum
2387 2386 2475 2410 con-

1414 2426 1614 2464 iunctionis
1638 2426 1775 2463 Christi
1796 2433 1831 2462 et
1850 2426 2058 2473 Ecclesiae,
2081 2438 2179 2473 quae
2204 2427 2376 2463 nondum
2398 2434 2476 2462 erat

1415 2481 1523 2517 facta.
1545 2479 1655 2517 Unde
1677 2486 1714 2516 et
1739 2479 1778 2516 in
1805 2479 1925 2516 veteri
1946 2479 2027 2526 lege
2057 2479 2218 2515 dabatur
2245 2479 2389 2515 libellus
2418 2491 2474 2515 re-

1415 2533 1537 2582 pudii:
1567 2533 1672 2581 quod
1701 2539 1757 2568 est
1785 2539 1916 2568 contra
1944 2532 2170 2568 sacramenti
2197 2532 2393 2568 rationem.

2503 2064 2511 2073 ·
2526 2063 2563 2084 Ad
2577 2063 2647 2084 Hebr.
2661 2069 2711 2091 cap.

2501 2096 2542 2116 vn,
2558 2095 2615 2110 vers.
2632 2096 2638 2110 ι
2658 2106 2662 2111 .

1467 2588 1526 2622 AD
1547 2597 1719 2628 QUARTUM
1739 2596 1922 2622 mcENDUM
1945 2585 2062 2634 quod,
2084 2585 2178 2621 sicut
2201 2585 2342 2621 dictum
2369 2591 2424 2621 est
2442 2584 2472 2631 ²¹⁸,
2504 2598 2511 2606 ·
2538 2602 2550 2616 n
2567 2601 2595 2617 co
2625 2601 2664 2616 ore

1414 2638 1696 2688 purificationes
1733 2637 1872 2674 veteris
1904 2638 1995 2686 legis
2030 2638 2303 2674 ordinabantur
2337 2637 2385 2674 ad
2419 2649 2474 2673 re-

1416 2691 1654 2729 movendum
1683 2690 1955 2739 impedimenta
1984 2691 2104 2727 cultus
2133 2690 2262 2727 divini.
2289 2690 2365 2736 Qui
2394 2689 2476 2737 qui-

1416 2746 1504 2782 dem
1533 2752 1588 2781 est
1616 2744 1774 2792 duplex:
1800 2743 1940 2780 scilicet
1966 2743 2184 2793 spiritualis,
2209 2743 2279 2790 qui
2309 2742 2476 2779 consistit

1415 2798 1453 2835 in
1482 2797 1686 2835 devotione
1707 2796 1844 2833 mentis
1869 2796 1918 2833 ad
1938 2797 2086 2842 Deum3
2117 2803 2152 2832 et
2173 2795 2390 2843 corporalis,
2412 2795 2475 2844 qui

1416 2850 1583 2888 consistit
1609 2850 1648 2886 in
1675 2849 1870 2886 sacrificiis
1895 2857 1931 2886 et
1958 2849 2212 2886 oblationibus
2242 2856 2276 2884 et
2305 2848 2384 2884 aliis
2406 2849 2476 2884 hu-

1415 2903 1593 2941 iusmodi.
1619 2901 1653 2939 A
1683 2902 1784 2939 cultu
1816 2909 1943 2939 autem
1975 2901 2155 2950 spirituali
2178 2899 2189 2924 ξ
2218 2900 2476 2949 impediuntur

1415 2957 1592 2994 homines
1619 2968 1689 3004 per
1716 2962 1885 3004 peccata,
1906 2954 2043 3003 quibus
2071 2954 2248 2991 homines
2275 2953 2392 3002 pollui
2422 2953 2475 2991 di-

1417 3011 1610 3055 cebantur,
1641 3008 1736 3045 sicut
1763 3020 1832 3056 per
1859 3007 2111 3044 idololatriam
2140 3014 2177 3043 et
2204 3006 2474 3053 homicidium,

1414 3075 1484 3111 per
1502 3061 1684 3098 adulteria
1713 3068 1749 3096 et
1767 3059 1948 3096 incestus.'
1964 3061 2013 3096 Et
2041 3061 2088 3095 ab
2108 3059 2184 3096 istis
2204 3059 2475 3107 pollutionibus

1415 3115 1713 3164 purificabantur
1739 3112 1916 3149 homines
1947 3124 2016 3160 per
2044 3112 2169 3160 aliqua
2197 3111 2381 3148 sacrificia
2412 3112 2475 3149 vel

1417 3166 1669 3204 communiter
1683 3166 1812 3210 oblata
1831 3177 1902 3214 pro
1917 3172 1996 3201 tota
2010 3164 2262 3212 multitudine,
2278 3165 2340 3201 vel
2361 3165 2475 3202 etiam

1416 3233 1486 3269 pro
1501 3218 1666 3268 peccatis
1685 3218 1920 3265 singulorum
1931 3218 1962 3254 *.
1983 3218 2075 3254 Non
2090 3218 2194 3266 quod
2211 3217 2396 3254 sacrificia
2415 3217 2477 3254 illa

1418 3272 1581 3310 carnalia
1615 3271 1799 3308 haberent
1832 3283 1877 3307 ex
1915 3270 2046 3319 seipsis
2083 3271 2263 3308 virtutem
2302 3270 2477 3320 expiandi

1473 3386 1495 3417 ν)
1511 3385 1679 3417 pontificum.
1694 3398 1713 3404 -
1726 3385 1861 3417 pontificis
1882 3385 1927 3409 Pa.

1472 3420 1495 3453 ξ)
1514 3421 1657 3453 spirituali.
1675 3435 1694 3440 —
1712 3420 1891 3452 spiritualium
1911 3420 1987 3445 EFK.

2503 3228 2512 3238 ⁸
2521 3227 2579 3248 Vide
2586 3227 2656 3248 Levit.
2665 3233 2714 3254 cap.

2506 3260 2529 3275 iv
2545 3260 2595 3281 sqq.
