2840 4010
98 389 111 435 ἐ
133 387 148 409 s.
157 393 194 415 qu.
203 393 259 415 seq.y
267 392 308 409 art.

98 737 106 744 ·
121 735 177 763 Cap.
188 741 237 762 xm,
248 741 306 756 vers.

96 768 118 789 9.

342 186 412 210 120

337 258 383 284 est
407 254 542 292 malum,
567 254 623 284 secl
639 254 722 294 fieri
742 263 848 293 poena
876 253 1010 292 dignum
1019 259 1032 287 ;
1059 257 1089 281 et
1112 250 1223 280 deinde
1248 259 1265 279 a
1290 249 1395 278 divina

336 298 453 329 iustitia
478 298 613 328 ordinari
638 298 676 327 ad
700 307 847 337 poenam.
873 296 946 325 Ideo
971 295 1055 324 enim
1079 294 1242 326 ordinatur
1261 293 1300 323 ad
1319 302 1394 332 poe-

336 352 420 378 nam,
439 341 513 382 quia
535 351 639 381 poena
661 341 786 380 dignus;
812 346 842 370 et
865 349 929 368 non
947 348 962 368 e
979 347 1142 368 converso.
1167 337 1270 373 Unde,
1290 343 1326 367 ut
1341 346 1394 376 pa-

337 386 414 416 tebit
429 385 454 421 *,
480 392 645 425 peccatum
669 395 705 414 ex
724 389 810 423 parte
834 381 1004 412 aversionis
1027 381 1177 421 relinquit
1191 381 1350 411 maculam
1366 386 1396 411 et

336 436 476 465 reatum,
501 438 640 469 quorum
664 427 803 467 primum
828 432 873 455 est
896 424 1030 465 privatio
1055 431 1091 455 ut
1114 435 1150 454 ex
1174 432 1320 465 peccato,
1350 434 1395 454 se-

339 473 480 503 cundum
504 479 549 503 est
572 471 680 501 relatio
705 469 850 505 rationis;
876 476 905 499 et
928 468 1019 499 tertio
1040 468 1165 499 advenit
1179 469 1268 509 quod
1284 469 1397 499 Scotus

337 516 420 547 dicit.
450 516 541 546 Unde
570 524 719 545 concesso
749 513 837 553 quod
866 522 902 542 ex
925 518 1011 552 parte
1039 512 1115 548 Dei,
1140 519 1176 543 ut
1198 512 1395 552 Augustinus

337 559 420 595 dicit,
436 567 538 598 tegere
554 558 593 588 sit
607 568 673 587 non
691 558 864 597 imputare;
890 556 1053 596 sophisma
1068 556 1232 587 manifeste
1249 563 1294 587 est
1310 556 1395 587 Con-

336 602 505 644 sequentis,
521 602 622 631 immo
643 600 883 641 Impertinentis,
907 599 1031 638 inferre,
1048 600 1132 640 Ergo
1152 600 1209 631 iste
1226 607 1272 631 est
1287 610 1395 641 pecca-

334 654 384 677 tor
408 656 443 676 ex
466 645 686 685 imputatione.
716 644 786 675 Iste’
802 654 941 684 namque
971 650 1018 674 est
1040 651 1186 684 peccator
1208 654 1274 674 non
1298 654 1334 675 ex
1358 654 1395 674 eo

335 690 423 730 quod
447 699 478 719 se
502 695 587 719 tenet
609 698 646 719 ex
669 694 756 728 parte
779 688 853 724 Dei,
878 688 934 718 secl
957 698 994 718 ex
1017 698 1055 718 eo
1080 689 1168 729 quod
1197 698 1229 718 se
1251 695 1337 719 tenet
1359 698 1396 718 ex

334 740 421 774 parte
445 732 510 771 sui;
535 733 621 763 iuxta
647 732 727 763 illud
750 732 833 763 Osee
847 732 880 762 *t
900 732 1040 763 Perditio
1064 738 1131 769 tua,
1148 732 1263 769 Israel,
1289 742 1331 762 ex
1353 737 1394 770 te,

333 778 423 808 salus
450 782 556 807 autem
586 786 627 807 ex
655 786 714 807 me.
736 794 758 799 -
782 775 992 807 Confirmatio
1017 786 1146 817 quoque
1171 776 1307 816 exempli
1330 786 1396 806 non

333 821 430 851 valet:
456 820 530 862 quia
552 820 585 850 in
608 820 670 851 hoc
690 819 867 851 offendente
884 826 1025 851 remanet
1042 820 1151 850 relatio
1167 819 1347 850 inimicitiae
1367 826 1397 850 et

334 865 490 905 dignitatis
514 874 645 904 poenae,
671 864 789 905 absque
813 864 902 894 omni
927 870 997 895 actu
1021 863 1141 894 offensi.

389 909 426 940 V.
444 909 485 939 Et
503 908 580 939 haec
599 908 680 939 dicta
703 908 766 939 sint
782 908 820 938 de
836 909 960 938 macula
976 918 1039 948 qua
1055 907 1228 938 formaliter
1242 907 1396 946 Socrates,

333 959 506 994 postquam
529 952 681 992 peccavit,
707 959 778 983 ante
802 952 1040 992 poenitentiam,
1066 951 1178 982 dicitur
1202 957 1232 981 et
1255 957 1301 981 est
1324 961 1396 991 pec-

334 1004 434 1033 cator,
458 1007 514 1027 seu
542 996 645 1027 malus
673 996 758 1026 malo
788 996 909 1036 culpae.
939 996 1075 1036 Oportet
1098 995 1183 1025 enim
1207 994 1397 1035 privativum

334 1051 400 1071 esse
424 1051 490 1082 quo
515 1040 627 1081 aliquis
651 1047 697 1071 est
719 1040 822 1070 malus
847 1047 877 1070 et
899 1046 1062 1080 peccator:
1087 1039 1163 1079 quia
1185 1038 1308 1069 malum
1332 1039 1396 1079 pri-

331 1085 416 1116 vatio
441 1091 496 1121 est,
517 1091 547 1115 et
566 1091 732 1125 peccatum
751 1083 940 1124 privativum
965 1090 1019 1114 aut
1034 1082 1167 1123 privatio
1185 1091 1240 1113 est.
1265 1083 1306 1114 Et
1319 1083 1396 1114 haec

334 1136 381 1160 est
402 1129 482 1159 ratio
506 1127 750 1158 fundamentalis
778 1127 884 1158 huius.
915 1127 956 1157 Et
978 1127 1056 1157 scito
1081 1127 1170 1167 quod
1196 1126 1321 1157 macula
1345 1137 1395 1157 su-

332 1173 430 1204 mitur
453 1171 635 1212 dupliciter:
665 1172 786 1212 primo,
810 1181 869 1211 pro
893 1170 1068 1211 privatione
1097 1170 1329 1201 coniunctionis
1357 1171 1396 1200 ad

332 1218 447 1253 Deum,
472 1226 509 1246 ex
532 1221 677 1255 peccato;
703 1215 853 1251 secundo,
879 1224 938 1255 pro
961 1214 1136 1254 privatione
1160 1214 1280 1245 nitoris.
1305 1215 1347 1245 Et
1370 1214 1396 1245 si

331 1261 394 1291 hoc
417 1260 557 1291 secundo
573 1260 673 1289 modo
689 1259 834 1295 sumitur,
851 1268 918 1288 non
935 1265 980 1289 est
998 1258 1030 1288 id
1054 1268 1120 1298 quo
1137 1258 1310 1289 formaliter
1323 1265 1396 1298 post

332 1311 439 1335 actum
462 1303 575 1334 dicitur
598 1303 669 1343 quis
692 1310 847 1343 peccator,
868 1302 923 1332 sed
940 1301 1066 1332 effectus
1086 1302 1171 1335 eius:
1196 1309 1242 1332 est
1257 1312 1396 1343 namque

331 1355 477 1388 peccator
500 1346 675 1387 privatione
699 1346 913 1377 conversionis
938 1346 977 1376 ad
999 1346 1116 1382 Deum,
1137 1356 1234 1387 quam
1254 1346 1396 1387 sequitur

332 1392 556 1423 detrimentum
576 1391 696 1427 nitoris,
714 1397 750 1421 ut
764 1391 797 1421 in
817 1391 919 1421 littera
935 1389 1058 1420 dicitur.
1080 1390 1141 1421 Sed
1162 1390 1266 1430 primo
1285 1391 1394 1428 modo,

331 1443 377 1467 est
401 1446 464 1477 qua
481 1435 654 1466 formaliter
669 1435 782 1466 dicitur
798 1442 954 1475 peccator.
978 1434 1019 1464 Et
1038 1434 1081 1465 sic
1098 1444 1169 1464 eam
1185 1434 1315 1474 suscipit
1330 1435 1396 1465 Ma-

982 173 1247 220 QUAESTIO
1277 170 1484 216 LXXXVI,
1512 171 1807 208 ARTICULUS
1837 173 1868 207 II

1448 249 1541 288 gister
1565 249 1805 285 Sententiarum,
1829 259 1903 280 xvm
1919 250 2117 281 distinctione
2135 252 2261 288 Quarti:
2287 258 2394 282 contra
2411 261 2507 292 quem

1448 292 1543 323 etiam
1566 293 1668 332 arguit
1690 293 1812 323 Scotus.

1504 337 1720 367 Veruntamen
1744 336 1770 366 si
1793 337 1864 377 quis
1888 334 2051 376 diligenter
2079 338 2257 374 attenderit,
2281 339 2398 370 videbit
2420 346 2507 370 utro-

1449 380 1544 421 bique
1567 390 1666 411 unam
1689 380 1791 410 solam
1813 380 2024 420 privationem
2039 380 2167 411 diversis
2183 382 2357 413 rationibus
2381 383 2508 413 diversi-

1449 425 1545 455 mode
1568 424 1783 464 significatam.
1808 424 1925 454 Anima
1941 434 2079 464 namque
2102 425 2171 455 Deo
2194 425 2301 456 iuncta
2323 436 2379 466 per
2402 427 2508 457 carita-

1449 475 1528 505 tem,
1554 468 1771 499 conformatur
1792 469 1875 505 Deo,
1901 468 2092 498 convertitur
2115 469 2154 498 ad
2176 469 2282 505 illum,
2307 470 2510 510 coniungitur

1449 512 1504 548 illi,
1528 512 1725 543 illuminatur
1749 513 1787 542 ab
1810 512 1877 549 illo,
1902 512 2001 552 fulget
2023 522 2059 542 ex
2081 512 2149 542 illo.
2173 512 2214 543 Et
2236 522 2292 553 per
2311 513 2508 553 oppositum,

1450 556 1583 596 privatio
1608 556 1840 587 coniunctionis
1865 566 1901 587 ex
1924 556 2064 598 peccato,
2089 556 2238 596 opposita
2261 556 2343 593 facit,
2368 563 2399 587 et
2423 557 2509 588 elon-

1449 600 1548 640 gatio,
1578 599 1818 637 dissimilitudo,
1848 600 1983 636 aversio,
2012 600 2200 640 maculaque
2228 599 2350 631 dicitur.
2378 600 2512 641 Propter

1450 644 1538 685 quod
1561 644 1731 674 dicendum
1754 650 1800 674 est
1822 645 1920 685 quod,
1944 644 2016 675 licet
2038 646 2160 675 Auctor
2175 644 2335 674 maculam
2349 654 2368 674 a
2383 643 2511 685 propria

1450 687 1589 718 nominis
1605 687 1831 727 significatione
1851 689 1994 725 declaret,
2017 688 2152 719 intendit
2173 695 2279 719 tamen
2295 688 2438 719 maculae
2452 697 2510 718 no-

1450 732 1536 763 mine
1560 732 1647 762 illam
1660 731 1879 771 privationem,
1895 739 1931 764 ut
1945 742 1983 763 ex
1997 739 2079 769 actu,
2095 743 2159 773 qua
2178 732 2350 763 formaliter
2365 738 2512 772 peccator

1451 776 1564 806 dicitur
1587 782 1659 815 post
1683 782 1788 806 actum
1811 782 1966 815 peccator.
1996 776 2096 807 Cuius
2120 777 2247 817 signum
2271 783 2317 807 est
2343 776 2447 817 quod,
2472 775 2512 806 de

1451 819 1609 850 effectibus
1633 819 1751 859 peccati
1775 826 1918 856 tractans,
1942 826 2003 851 tres
2019 827 2142 851 tantum
2162 827 2317 857 numerat,
2335 820 2511 860 corruptio-

1450 874 1524 894 nem
1540 863 1625 899 boni,
1646 863 1804 893 maculam
1819 869 1850 894 et
1864 870 1986 894 reatum
2001 863 2029 894 ⁴¹⁸.
2054 864 2095 895 Et
2110 871 2232 895 constat
2255 865 2344 905 quod
2360 874 2378 894 a
2393 863 2512 905 peccati

1450 907 1560 938 effectu
1580 914 1726 947 peccator
1748 913 1822 947 post
1845 914 1951 938 actum
1971 907 2092 943 dicitur.
2116 908 2158 939 Et
2171 918 2238 939 non
2254 919 2272 938 a
2288 908 2392 948 primo
2409 907 2512 939 decla-

1450 958 1529 987 rato,
1554 961 1611 981 nec
1634 951 1736 981 tertio.
1762 950 1859 991 Igitur
1882 961 1900 981 a
1923 952 2074 983 secundo.
2097 952 2138 983 Et
2160 953 2237 983 haec
2253 952 2394 989 dixerim,
2411 962 2450 983 ne
2464 952 2511 982 vi—

1450 996 1582 1026 deamur
1605 995 1742 1035 digressi.

1503 1039 1586 1076 Quia
1609 1049 1683 1079 ergo
1707 1038 1840 1069 formale
1860 1037 2070 1079 significatum
2091 1040 2235 1071 maculae
2251 1047 2297 1071 est
2312 1050 2378 1082 quo
2395 1039 2510 1071 forma-

1448 1083 1518 1114 liter
1540 1090 1686 1123 peccator
1708 1090 1782 1122 post
1801 1089 1907 1113 actum
1926 1082 2039 1113 dicitur
2061 1090 2221 1123 peccat0r;
2246 1084 2322 1125 quia
2336 1084 2511 1125 privatione

1450 1127 1681 1158 coniunctionis
1694 1127 1733 1157 ad
1745 1127 1860 1162 Deum,
1874 1133 1910 1157 ut
1924 1136 1961 1157 ex
1973 1133 2111 1166 peccato,
2124 1134 2170 1158 est
2185 1133 2215 1158 et
2226 1128 2340 1159 dicitur
2350 1134 2509 1169 peccator;

1449 1171 1594 1212 quamvis
1610 1171 1752 1201 maculae
1767 1180 1886 1201 nornen
1901 1170 2055 1211 exprimat
2077 1171 2138 1202 hoc
2157 1172 2333 1202 secundum
2350 1172 2510 1213 quendam

1449 1215 1618 1255 specialem
1641 1214 1797 1251 effectum,
1822 1214 1939 1245 scilicet
1961 1215 2174 1246 remotionem
2197 1215 2322 1247 nitoris:
2346 1216 2418 1247 ideo
2443 1226 2510 1246 non

1449 1266 1496 1290 est
1518 1259 1598 1290 alius
1622 1258 1748 1290 effectus
1771 1258 1891 1298 peccati
1914 1259 2123 1299 quaerendus,
2138 1269 2205 1300 quo
2221 1260 2292 1300 quis
2308 1259 2349 1291 sit
2365 1266 2511 1300 peccator

1449 1309 1523 1344 post
1545 1310 1661 1334 actum.
1677 1321 1698 1326 —-
1714 1303 1755 1334 Et
1771 1302 1985 1334 confirmatur.
2007 1303 2091 1341 Quia
2106 1303 2196 1340 sicut,
2213 1304 2292 1334 dum
2306 1310 2377 1335 actu
2392 1310 2511 1344 peccat,

1450 1347 1562 1378 dicitur
1585 1347 1687 1378 malus
1712 1354 1741 1377 et
1763 1353 1910 1387 peccator
1933 1347 2095 1378 aversione
2116 1347 2244 1384 actuali;
2269 1347 2311 1379 ita
2326 1354 2410 1389 post,
2426 1357 2511 1379 aver-

1449 1391 1537 1422 sione
1561 1398 1750 1427 remanente,
1776 1400 1856 1432 quae
1880 1390 1925 1421 nil
1948 1391 2035 1422 aliud
2055 1398 2100 1422 est
2119 1402 2216 1433 quam
2231 1391 2366 1433 privatio
2382 1401 2510 1422 conver-

1449 1435 1546 1465 sionis
1570 1436 1609 1465 ad
1632 1436 1737 1466 Deum
1761 1444 1797 1465 ex
1820 1441 1960 1475 peccato.

2537 865 2751 913 aaa-m»
