2840 4010
17 1282 23 1313 J
51 1281 272 1309 «ηψπ-ῃ

57 1595 182 1618 ‘Anam

945 167 1209 214 QUAESTIO
1238 170 1395 217 LXXII,
1424 170 1717 208 ARTICULUS
1746 173 1798 208 IX

295 248 459 291 oportet,
489 249 525 278 et
553 242 719 279 similiter
751 243 798 280 de
832 245 910 281 aliis
944 245 1245 291 circumstantii83
1273 248 1347 283 hoc

296 294 397 331 enim
423 295 509 331 facit
536 302 690 343 propter
717 295 971 334 inordinatum
999 299 1205 347 appetitum
1233 311 1347 347 pecu—

295 346 379 384 niae
400 348 696 395 congregandae.
719 349 767 385 Et
794 349 832 386 in
851 350 986 387 talibus
1015 350 1251 387 diversarum
1281 351 1347 387 cir·

296 399 606 437 cumstantiarum
623 401 881 449 corruptiones
901 415 980 439 non
996 402 1250 439 diversificant
1264 415 1346 450 spe—

296 452 372 489 cies
398 460 654 500 peccatorum,
675 454 742 490 sed
766 454 952 502 pertinent
979 454 1028 490 ad
1055 466 1172 490 unam
1198 462 1233 490 et
1262 467 1348 490 ean-

295 504 384 542 dem
411 505 556 553 peccati
583 506 762 555 speciem.

349 557 590 606 Quandoque
617 570 711 595 vero
745 557 924 605 contingit
954 558 1059 606 quod
1088 557 1347 606 corruptiones

296 609 531 647 diversarum
553 609 915 647 circumstantiarum
934 610 1165 658 proveniunt
1183 623 1206 647 a
1225 610 1347 647 diver-

295 661 344 699 sis
372 662 536 700 motivis.
565 663 661 703 Puta
697 662 801 710 quod
834 662 966 711 aliquis
998 675 1252 711 praepropere
1285 675 1347 699 co-

295 715 435 762 medat,
455 722 578 763 potest
604 714 806 763 provenire
835 727 879 751 ex
907 715 981 751 hoc
1009 715 1112 763 quod
1131 716 1248 752 homo
1269 727 1348 752 non

294 774 418 815 potest
437 767 532 804 ferre
552 767 769 804 dilationem
797 767 880 814 cibi,
901 775 1055 816 propter
1083 768 1230 804 facilem
1259 779 1348 803 con-

294 819 550 868 sumptionem
573 818 827 865 humiditatis;
856 821 960 867 quod
988 832 1081 857 vero
1110 827 1261 869 appetat
1278 820 1347 855 im-

294 871 532 908 moderatum
548 871 687 918 cibum,
698 879 822 920 potest
837 872 1051 920 contingere
1066 880 1221 921 propter
1233 871 1348 908 virtu-

293 931 371 961 tem
390 931 545 960 naturae
569 931 762 972 potentem
791 925 838 961 ad
867 926 1166 962 convertendum
1185 925 1347 960 multum

294 975 442 1021 cibum;
471 976 576 1023 quod
609 984 734 1013 autem
769 977 902 1024 aliquis
933 985 1085 1026 appetat
1121 977 1225 1013 cibos
1259 976 1348 1013 deli-

294 1028 438 1075 ciosos,
469 1028 649 1076 contingit
675 1037 830 1078 propter
858 1030 1064 1079 appetitum
1093 1029 1348 1066 delectationis

2406 174 2453 210 23

1401 259 1499 296 quae
1535 256 1590 285 est
1625 250 1662 286 in
1699 250 1795 287 cibo.
1831 250 1941 288 Unde
1975 252 2012 287 in
2046 252 2178 288 talibus
2216 252 2450 289 diversarum

1402 300 1762 359 circumstantiarum
1791 303 2048 352 corruptiones
2076 304 2256 341 inducunt
2284 304 2450 342 diversas

1401 361 1543 400 peccati
1572 354 1727 402 species.

1453 406 1511 440 An
1531 417 1666 443 PRIMUM
1685 419 1782 444 ERGO
1801 419 1983 445 mcENDUM
1997 409 2101 456 quod
2122 410 2275 455 malum,
2291 410 2451 458 inquan-

1400 463 1480 492 tum
1509 458 1736 505 huiusmodi,
1762 460 1923 508 privatio
1943 469 2017 498 est:
2047 469 2083 498 et
2110 461 2196 498 ideo
2225 461 2451 498 diversifica-

1401 515 1460 543 tur
1487 510 1609 556 specie
1638 512 1847 549 secundum
1876 525 1921 549 ea
1949 525 2044 562 quae
2072 514 2278 562 privantur,
2303 514 2396 550 sicut
2415 521 2451 550 et

1401 566 1546 618 ceterae
1581 562 1820 609 privationes,
1855 566 1932 602 Sed
1958 573 2157 614 peccatum
2190 579 2267 603 non
2300 566 2451 603 sortitur

1401 623 1567 659 speclem
1601 625 1645 649 ex
1676 623 1781 662 parte
1812 618 2032 664 privationis
2058 619 2120 655 vel
2152 618 2380 665 aversionis,
2409 626 2450 655 ut

1400 664 1548 711 supra*
1575 665 1716 703 dietum
1738 675 1810 713 est;
1839 670 1906 706 sed
1935 682 1979 706 ex
2003 671 2252 708 conversione
2279 671 2328 707 ad
2347 671 2450 708 obie-

1402 723 1503 752 ctum
1532 724 1646 753 actus.

1453 770 1511 804 An
1526 781 1717 807 SECUNDUM
1735 783 1917 809 mcaNDuM
1937 775 2039 821 quod
2060 775 2334 812 circumstantia
2354 787 2448 812 nun-

1401 832 1517 867 quam
1533 822 1704 859 transfert
1719 831 1844 860 actum
1858 824 1896 861 in
1911 826 2020 862 aliam
2044 828 2222 875 speciem,
2243 828 2312 864 nisi
2332 839 2448 876 quan-

1402 873 1451 909 do
1481 881 1536 910 est
1563 874 1663 911 aliud
1692 875 1890 913 motivum.

1454 927 1512 962 An
1540 937 1698 963 TERTIUM
1725 939 1906 966 mcaNDUM
1935 930 2039 977 quod
2058 930 2095 966 in
2124 931 2278 968 diversis
2305 932 2447 980 specie-

1402 978 1495 1051 bus*
1509 979 1616 1025 gulae
1659 979 1808 1017 diversa
1845 982 2133 1030 suntimotiva,
2172 983 2266 1019 sicut
2307 984 2447 1020 dictum

1402 1037 1458 1065 est
1497 1058 1505 1066 .

962 1116 1292 1148 Commentaria
1313 1115 1562 1149 Car-danaus
1583 1117 1780 1151 Caietam·

315 1205 343 1227 ,u
366 1195 498 1227 articulo
514 1205 603 1227 nono
625 1196 767 1226 eiusdem
781 1195 976 1235 quaestionis
991 1195 1348 1235 septuagesimaesecun-

296 1207 535 1279 Idaeddgme
562 1240 650 1280 quod
672 1242 793 1270 Auctor
814 1246 916 1270 mutat
938 1238 1122 1280 opinionem
1141 1248 1238 1279 quam
1258 1238 1291 1267 in
1305 1238 1347 1268 1v

292 1279 394 1320 seint„
411 1282 481 1314 dist.
498 1293 558 1319 xvr,
574 1293 629 1323 qu.
645 1293 680 1313 111
693 1283 720 1319 *,
744 1283 853 1319 tenuit,
871 1282 987 1313 scilicet
1001 1283 1089 1323 quod
1105 1281 1346 1318 circumstantia,

293 1326 390 1359 etiam
413 1326 438 1356 si
466 1337 532 1357 non
554 1327 594 1357 sit
616 1325 705 1363 finis,
729 1327 782 1357 dat
813 1326 951 1366 speciem
978 1333 1115 1366 peccato.
1144 1326 1184 1357 Et
1205 1326 1274 1356 vult
1296 1325 1347 1356 hic

292 1370 378 1401 idem
400 1380 467 1400 esse
489 1370 644 1401 iudicium
668 1371 706 1400 de
725 1369 956 1411 specificatione
978 1377 1066 1401 actus
1083 1369 1215 1400 humani
1238 1379 1276 1399 ex
1291 1369 1347 1399 cir-

294 1414 482 1447 cumstantia
503 1414 536 1444 in
559 1421 631 1444 actu
646 1414 778 1450 virtutis,
798 1421 828 1444 et
843 1414 876 1444 in
895 1421 965 1444 actu
984 1414 1060 1451 vitii,
1084 1414 1159 1454 quia
1178 1413 1347 1453 utrobique

294 1464 421 1499 oportet
447 1458 585 1498 speciem
612 1458 676 1488 dari
701 1468 718 1488 a
742 1458 864 1488 motivo
892 1465 927 1489 ut
954 1457 1095 1494 obieet03
1124 1464 1154 1488 et
1181 1467 1347 1497 nunquam

295 1501 576 1538 circumstantiam,
606 1508 642 1532 ut
670 1502 729 1537 sic,
754 1502 826 1532 dare
857 1501 1008 1541 speciem;
1031 1502 1086 1532 sed
1108 1507 1254 1541 oportere
1277 1510 1347 1531 eam

294 1545 424 1577 transire
445 1544 478 1576 in
502 1544 706 1576 differentiam
729 1555 785 1576 seu
809 1545 1023 1576 conditionem
1046 1545 1168 1581 obiecti,
1192 1544 1278 1575 iuxta
1296 1554 1346 1574 su-

295 1589 400 1629 perius
419 1589 623 1620 determinata
645 1589 678 1619 in
701 1599 755 1629 qu.
775 1599 848 1619 xvm
863 1589 890 1620 *.
906 1607 927 1612 -
943 1589 984 1620 Et
1005 1589 1159 1630 quoniam
1181 1589 1223 1619 ibi
1246 1588 1348 1618 voluit

294 1633 414 1674 peccati
441 1633 560 1674 species
588 1633 672 1663 sumi
703 1643 740 1663 ex
768 1639 854 1673 parte
880 1632 1080 1673 privationis,
1108 1633 1171 1663 hoc
1199 1632 1294 1662 solvit
1314 1632 1347 1662 in

294 1677 502 1719 retponsione
524 1678 564 1707 ad
585 1676 726 1717 primum
749 1684 779 1707 et
801 1677 986 1708 secundum.

312 1748 314 1751 ,
353 1718 391 1752 IL
406 1721 473 1752 Nec
492 1727 538 1751 est
559 1720 683 1752 difficile
706 1721 826 1751 solvere
848 1720 984 1751 rationes
999 1730 1080 1761 quae
1103 1720 1145 1750 ibi
1161 1719 1346 1750 afferuntur:

295 1762 412 1806 scilicet
434 1765 474 1795 de
495 1764 564 1796 fure
587 1764 643 1806 qui
665 1765 763 1794 nollet
786 1764 915 1795 calicem
937 1774 1034 1805 quem
1057 1764 1187 1800 furatur,
1210 1773 1276 1794 esse
1299 1773 1346 1793 sa-

297 1817 400 1845 crum;
424 1815 455 1840 et
477 1809 566 1849 quod
588 1808 656 1839 sola
679 1808 909 1839 circumstantia
932 1818 991 1838 cur
1013 1814 1148 1838 mutaret
1170 1807 1317 1848 speciem.

36 2629 248 2676 '‘lm-ma*

350 1851 544 1884 Insufficiens
567 1862 706 1893 namque
731 1852 857 1891 signum
880 1851 1032 1882 non-finis
1054 1858 1100 1882 est
1122 1851 1264 1882 nolleitas
1294 1851 1347 1881 ha-

295 1896 396 1928 bentis
409 1897 608 1927 voluntatem
621 1896 753 1926 liberam
769 1895 968 1926 deliberatam
982 1896 1022 1926 ad
1036 1896 1130 1926 illud:
1155 1895 1234 1925 sicut
1253 1894 1347 1925 etiam

294 1941 444 1971 accedens
462 1941 503 1970 ad
518 1950 650 1971 uxorem
668 1940 805 1978 alterius,
818 1940 925 1970 mallet
939 1940 1041 1979 ipsam
1055 1949 1122 1970 esse
1139 1939 1347 1979 innuptam.-

294 1984 361 2015 Nec
379 1984 520 2025 sequitur
539 1985 627 2025 quod
650 1983 717 2014 sola
739 1983 970 2015 circumstantia
988 1993 1047 2014 cur
1069 1990 1171 2014 mutet
1193 1983 1345 2023 speciem:

294 2028 350 2059 sed
366 2029 454 2069 quod
470 2038 528 2058 nec
543 2038 613 2066 cur,
629 2038 687 2058 nec
706 2028 810 2068 aliqua
825 2027 1064 2064 circumstantia,
1085 2034 1185 2058 mutet
1200 2026 1346 2067 speciem,

294 2071 354 2102 nisi
368 2072 480 2103 habeat
503 2072 658 2105 rationem
673 2071 798 2102 alterius
822 2071 931 2102 motivi
956 2078 992 2102 ut
1013 2070 1097 2108 finis;
1122 2071 1243 2102 nonita
1259 2071 1347 2111 quod

294 2115 334 2146 sit
349 2123 403 2147 aut
418 2116 669 2156 apprehendatur
684 2122 719 2146 ut
735 2114 804 2145 finis
821 2115 1022 2155 praeiacentis
1038 2115 1165 2156 peccati,
1183 2125 1247 2145 non
1263 2114 1347 2144 enim

294 2160 492 2200 sacrilegium
516 2167 563 2191 est
584 2159 655 2190 finis
674 2159 759 2195 furti,
779 2169 853 2189 cum
876 2159 988 2199 aliquis
1000 2158 1121 2190 furatur
1133 2167 1270 2194 sacrum3
1294 2159 1349 2189 sed

294 2203 410 2234 sufficit
425 2204 514 2245 quod
529 2204 568 2234 sit
583 2203 739 2234 con-finis.
757 2203 891 2234 Furtum
908 2203 992 2233 enim
1011 2203 1196 2243 sacrilegum
1212 2209 1258 2233 est
1274 2213 1348 2233 con-

293 2247 395 2278 versio
412 2249 451 2278 ad
474 2249 597 2278 bonum
612 2247 837 2278 commutabile
859 2254 894 2278 ut
916 2247 1075 2278 obiectum
1094 2247 1286 2278 contrarium
1301 2257 1348 2277 ra-

293 2291 389 2322 tionis
411 2292 486 2332 quia
507 2292 655 2327 alienum,
680 2299 710 2322 et
733 2290 807 2331 quia
825 2300 958 2321 sacrum.
1055 2288 1064 2294 ”

352 2336 403 2366 111.
429 2336 464 2366 In
491 2336 622 2366 articulo
654 2335 767 2365 eodem
796 2344 883 2365 nono
911 2334 1052 2364 eiusdem
1082 2334 1274 2375 quaestionis
1303 2345 1348 2364 se-

294 2380 675 2420 ptuagesimaesecundae,
701 2378 834 2409 dubium
854 2378 987 2408 occurrit
1002 2378 1168 2419 quomodo
1193 2385 1274 2409 stant
1292 2378 1350 2408 ista

295 2423 406 2460 simul,
430 2424 565 2454 scilicet:
591 2423 838 2453 Circumstantia
863 2432 1024 2462 nunquam
1047 2423 1103 2453 dat
1124 2423 1258 2462 speciem
1289 2423 1351 2453 nisi

295 2469 420 2498 ratione
442 2468 577 2498 alterius
599 2468 708 2497 motivi
739 2472 774 2496 ut
796 2465 906 2497 obiecti
927 2476 983 2496 seu
996 2467 1080 2507 finis
1102 2464 1229 2508 (procul
1252 2466 1349 2496 dubio

295 2521 351 2552 per
367 2522 409 2548 se,
425 2512 500 2552 quia
515 2512 554 2542 ab
570 2511 618 2541 his
634 2520 716 2551 quae
732 2517 805 2540 sunt
821 2520 876 2550 per
891 2510 1033 2540 accidens
1049 2520 1115 2540 non
1131 2510 1266 2540 sumitur
1281 2520 1349 2550 spe-

295 2554 387 2598 cies);
408 2562 452 2592 et,
481 2555 591 2586 Omnis
606 2555 845 2585 circumstantia
862 2559 1083 2584 transmutans
1097 2560 1202 2584 actum
1217 2554 1256 2584 de
1270 2554 1350 2584 bono

295 2600 328 2630 in
352 2600 484 2637 malum,
508 2599 565 2629 dat
580 2604 713 2639 peccato
736 2599 881 2638 speciem,
906 2597 965 2628 fuit
988 2597 1072 2627 enim
1095 2597 1171 2628 haec
1190 2598 1296 2637 regula
1318 2598 1350 2627 in

295 2653 350 2684 qu.
366 2653 440 2673 xvm
454 2643 472 2662 *
495 2643 656 2683 assignata.
684 2642 768 2672 Cum
788 2641 872 2671 enim
895 2641 1050 2682 quidquid
1066 2648 1187 2681 praeter
1204 2641 1351 2672 intentio-

295 2697 370 2717 nem
386 2687 468 2718 actui
483 2686 663 2717 voluntario
682 2685 888 2716 coniunctum
911 2685 959 2721 sit,
980 2695 1045 2715 non
1061 2695 1117 2725 per
1138 2695 1171 2716 se
1191 2685 1351 2716 obiectum

296 2731 351 2767 sit;
376 2738 407 2762 et
429 2740 525 2761 omne
547 2730 746 2769 incognitum
769 2736 889 2769 praeter
912 2729 1119 2760 intentionem
1143 2729 1352 2769 coniungatur

295 2774 475 2805 voluntario
499 2774 596 2804 actui:
620 2779 746 2813 oportet
769 2773 870 2803 dicere
893 2779 948 2803 aut
969 2773 1058 2813 quod
1081 2771 1188 2804 nullus
1209 2779 1297 2804 actus
1316 2772 1352 2804 fit

297 2828 334 2849 ex
355 2819 442 2848 bono
465 2818 568 2848 malus
591 2827 628 2847 ex
652 2816 882 2847 circumstantia
908 2817 1031 2856 ignota,
1056 2823 1351 2857 quantumcumque

296 2862 379 2892 mala
385 2870 393 2898 ;
413 2868 467 2892 aut
482 2862 570 2902 quod
586 2860 817 2891 circumstantia
833 2861 885 2891 det
900 2860 1036 2900 speciem
1051 2861 1169 2901 absque
1185 2861 1246 2891 hoc
1262 2861 1350 2901 quod

297 2906 364 2936 eius
380 2905 540 2936 obiectum
556 2905 596 2935 sit
617 2914 672 2945 per
688 2914 720 2935 se
743 2904 901 2934 motivum
916 2904 1086 2934 voluntatis
1106 2911 1142 2935 ut
1155 2903 1237 2935 finis.
1256 2904 1350 2935 Verbi

297 2949 403 2990 gratia,
421 2949 564 2984 Ioannes,
580 2958 723 2979 exercens
742 2958 775 2978 se
798 2949 838 2978 ad
861 2948 1082 2988 sagittandum,
1099 2949 1204 2978 minus
1220 2949 1350 2988 provide

297 2993 442 3024 emittens
458 2992 611 3032 sagittam,
628 2992 762 3032 percutit
780 2998 916 3032 patrem:
940 2992 973 3022 in
987 2992 1059 3028 hoc,
1077 2999 1106 3022 et
1121 2991 1249 3022 infinitis
1265 2992 1350 3022 simi-

296 3037 389 3073 libus,
414 3036 645 3067 circumstantia
667 3035 740 3066 facit
759 3042 865 3066 actum
889 3036 927 3066 de
950 3037 1037 3066 bono
1061 3036 1200 3072 malum;
1225 3042 1256 3066 et
1278 3036 1350 3066 nul-

296 3081 366 3111 lum
389 3080 554 3111 intervenit
577 3089 632 3119 per
655 3089 687 3110 se
711 3079 870 3110 obiectum
893 3079 976 3110 illius
1000 3079 1112 3119 speciei
1132 3080 1221 3110 cuius
1238 3087 1284 3110 est
1298 3080 1352 3109 illa

297 3123 540 3159 circumstantia,
561 3129 638 3163 puta
653 3122 808 3163 parricidii
823 3123 873 3152 vel
887 3123 1060 3154 homicidii.
1086 3123 1262 3160 Quomodo
1278 3133 1352 3163 ergo

298 3174 475 3199 consonant
498 3167 597 3203 dicta,
626 3173 656 3197 et
677 3166 709 3196 in
733 3176 797 3207 qua
819 3167 922 3206 specie
945 3173 1020 3197 sunt
1041 3166 1099 3197 ista
1122 3174 1262 3207 peccata,
1287 3177 1352 3197 non

297 3218 436 3253 apparet.

352 3256 405 3286 1V.
418 3255 469 3286 Ad
484 3255 545 3285 hoc
561 3254 695 3284 dubium
709 3259 755 3283 est
766 3252 931 3293 multiplex
948 3253 1070 3283 dicendi
1086 3254 1218 3283 modus:
1239 3253 1354 3284 scilicet

298 3310 335 3331 ex
358 3298 583 3339 consequenti,
608 3307 644 3328 ex
667 3296 809 3332 materia,
834 3306 871 3326 ex
890 3296 1079 3333 omissione,
1102 3307 1139 3327 ex
1161 3297 1353 3336 ignorantia,

298 3354 336 3374 ex
358 3342 556 3383 negligentia.
581 3342 627 3371 Ex
650 3340 855 3381 consequenti
875 3340 1015 3381 quidem,
1039 3340 1114 3380 quia
1136 3340 1217 3371 sicut
1242 3340 1354 3380 aliquis

298 3393 386 3418 actus
413 3394 459 3418 est
482 3396 519 3417 ex
550 3384 754 3425 consequenti
777 3384 912 3420 volitus‚
936 3383 979 3414 ita
1007 3383 1166 3414 obiectum
1189 3383 1353 3424 proprium

298 3431 383 3462 illius
406 3437 493 3461 actus
517 3436 563 3460 est
586 3439 622 3460 ex
645 3428 850 3469 consequenti
878 3428 1044 3458 intentum.
1069 3427 1163 3458 Verbi
1186 3427 1296 3466 gratia,
1321 3427 1354 3456 in

296 3474 444 3515 exemplo
468 3474 576 3510 allato,
603 3473 683 3504 sicut
700 3473 762 3508 ille,
781 3472 919 3502 volendo
943 3470 1118 3511 improvide
1142 3470 1293 3510 sagittare,
1319 3480 1355 3500 ex

1401 1198 1605 1236 consequenti
1620 1198 1721 1229 voluit
1737 1206 1841 1229 actum
1857 1200 2066 1239 percussionis
2089 1201 2324 1241 consequentis;
2347 1202 2390 1232 ita
2413 1212 2449 1232 ex

1401 1241 1604 1280 consequenti
1631 1241 1764 1273 intendit
1792 1243 1956 1283 proprium
1979 1244 2187 1284 percussionis
2215 1245 2388 1281 obiectum;
2413 1256 2448 1276 ac

1400 1293 1454 1322 per
1481 1283 1543 1314 hoc
1570 1291 1656 1315 actus
1682 1285 1878 1326 improvidus
1907 1287 2109 1327 sagittationis
2138 1287 2268 1319 trahitur
2296 1288 2328 1318 in
2356 1289 2450 1319 aliam

1399 1327 1535 1366 speciem
1559 1329 1790 1361 accidentalem.

1452 1370 1513 1401 Sed
1535 1371 1611 1402 haec
1633 1372 1683 1402 via
1700 1373 1841 1413 implicat
1859 1375 2107 1405 contradictoria.
2132 1375 2294 1412 Quoniam
2317 1386 2355 1406 eo
2377 1376 2448 1416 ipso

1399 1415 1487 1454 quod
1502 1414 1621 1455 aliquid
1644 1426 1677 1447 se
1698 1417 1791 1447 habet
1814 1425 2040 1458 consequenter
2063 1419 2102 1448 ad
2124 1426 2229 1449 actum
2245 1426 2274 1450 et
2289 1419 2448 1450 obiectum

1398 1458 1563 1495 intentum,
1589 1467 1634 1490 est
1657 1467 1739 1490 extra
1762 1460 1959 1491 latitudinem
1983 1461 2196 1501 specificantis.
2219 1463 2285 1493 Nec
2308 1470 2353 1493 est
2376 1463 2448 1494 dare

1399 1502 1516 1541 species
1551 1503 1754 1534 accidentales
1782 1511 1923 1544 respectu
1958 1512 2044 1535 actus
2072 1505 2225 1536 interioris
2255 1506 2446 1537 voluntatis:

1400 1546 1551 1585 quoniam
1574 1557 1592 1577 a
1614 1547 1684 1577 solo
1712 1547 1836 1578 obiecto
1867 1555 1913 1578 est
1938 1548 2022 1578 illius
2045 1548 2178 1588 species,
2202 1550 2290 1589 quod
2313 1557 2359 1580 est
2381 1550 2448 1580 eius

1399 1588 1484 1619 finis:
1507 1590 1579 1621 licet
1601 1591 1641 1621 sit
1663 1591 1768 1631 aliqua
1791 1591 1908 1631 species
1927 1591 2127 1632 principalior
2149 1593 2252 1629 altera,
2276 1593 2355 1624 sicut
2377 1593 2448 1624 finis

1400 1640 1446 1663 est
1468 1634 1525 1664 sub
1548 1633 1620 1670 fine,
1639 1642 1675 1665 ut
1698 1645 1772 1665 cum
1795 1635 1915 1665 furtum
1936 1635 1971 1666 fit
1990 1642 2025 1666 ut
2048 1636 2239 1667 moechetur.
2263 1637 2355 1667 Unde
2377 1637 2449 1668 licet

1400 1677 1628 1708 circumstantia
1652 1678 1691 1708 sit
1709 1678 1862 1715 accidens,
1879 1679 1905 1709 si
1921 1679 1974 1709 dat
1989 1679 2136 1718 speciem,
2152 1689 2190 1710 eo
2206 1680 2276 1719 ipso
2291 1681 2401 1711 transit
2414 1681 2447 1711 in

1399 1721 1618 1752 substantiam:
1635 1722 1709 1763 quia
1722 1722 1832 1753 transit
1845 1722 1878 1752 in
1895 1722 2063 1759 obiectum,
2080 1724 2163 1753 unde
2179 1730 2225 1754 est
2239 1724 2449 1755 substantialis

1400 1764 1568 1795 differentia
1592 1772 1688 1802 actus,
1708 1772 1743 1796 ut
1765 1765 1798 1796 in
1821 1774 1874 1806 qu.
1890 1776 1973 1802 xvm,
1989 1773 2044 1797 art.
2067 1777 2114 1803 10,
2129 1767 2271 1807 superius
2294 1774 2387 1808 patet.

1454 1809 1493 1839 V.
1517 1809 1564 1839 Ex
1587 1809 1714 1840 materia
1736 1819 1825 1846 vero,
1849 1810 1924 1850 quia
1946 1810 2072 1840 materia
2096 1811 2134 1840 ad
2157 1811 2288 1841 eandem
2311 1811 2448 1851 speciem

1400 1860 1517 1892 spectat
1541 1853 1580 1882 ad
1602 1863 1699 1894 quam
1722 1853 1841 1883 forma:
1866 1860 1896 1883 et
1918 1860 2082 1893 propterea
2105 1855 2233 1894 quando
2260 1854 2380 1895 aliquid
2403 1862 2449 1886 est

1400 1896 1596 1927 materialiter
1618 1897 1762 1933 volitum,
1782 1898 1823 1927 ad
1845 1898 1976 1928 eandem
1992 1897 2128 1937 speciem
2146 1905 2263 1937 spectat
2277 1905 2363 1929 actus
2385 1898 2448 1935 ille,

1400 1941 1439 1970 ad
1461 1951 1559 1980 quam
1581 1947 1733 1980 spectaret
1755 1941 1781 1971 si
1803 1948 1882 1971 esset
1907 1940 2079 1971 formaliter
2100 1941 2245 1972 volitum.
2267 1942 2308 1972 Et
2330 1942 2401 1973 ideo
2415 1942 2449 1972 in

1401 1985 1544 2024 exemplo
1567 1985 1688 2024 posito,
1713 1985 1787 2025 quia
1810 1985 1942 2015 Ioannes
1965 1985 2066 2015 voluit
2097 1985 2329 2024 percussionem
2353 1993 2449 2016 mate—

1400 2028 1522 2064 rialiter,
1540 2029 1579 2058 ad
1595 2028 1732 2068 speciem
1755 2028 1917 2059 homicidii
1932 2035 1962 2059 et
1976 2028 2130 2068 parricidii
2149 2029 2305 2060 reductive
2321 2036 2447 2069 spectat.

1455 2072 1515 2102 Sed
1531 2072 1606 2102 haec
1621 2072 1671 2102 via
1685 2072 1765 2102 falso
1780 2072 1922 2103 innititur
1941 2072 2158 2103 fundamento.
2183 2073 2266 2110 Quia
2288 2073 2450 2103 materiam

1401 2123 1537 2156 spectare
1560 2116 1599 2145 ad
1622 2116 1758 2156 speciem
1781 2116 1911 2152 formae,
1930 2115 2112 2156 intelligitur
2134 2117 2171 2146 de
2187 2116 2288 2147 forma
2307 2126 2372 2147 non
2391 2117 2449 2147 sub

1401 2170 1463 2200 qua
1486 2166 1581 2190 esset:
1605 2170 1670 2190 non
1693 2160 1778 2190 enim
1801 2160 1929 2190 materia
1951 2160 2095 2190 animalis
2118 2167 2235 2200 spectat
2257 2161 2295 2190 ad
2314 2160 2450 2200 speciem

1403 2204 1575 2241 cadaveris,
1599 2204 1674 2244 quia
1701 2210 1780 2234 esset
1809 2204 1867 2234 sub
1892 2214 1927 2234 ea
1956 2204 1981 2233 si
2013 2204 2051 2234 ab
2082 2205 2187 2234 anima
2215 2204 2450 2244 relinqueretur.

1402 2248 1534 2278 Constat
1557 2254 1662 2277 autem
1686 2257 1782 2278 omne
1804 2254 1968 2287 peccatum
1997 2247 2110 2278 habere
2132 2254 2203 2278 actu
2226 2248 2364 2288 aliquam
2386 2247 2449 2278 for-

1402 2300 1503 2321 mam:
1529 2301 1602 2321 cum
1619 2291 1695 2321 nihil
1711 2291 1749 2321 sit
1771 2291 1804 2321 in
1827 2301 1938 2331 genere
1954 2291 2041 2332 quod
2057 2301 2122 2321 non
2146 2291 2186 2322 sit
2207 2291 2240 2321 in
2263 2291 2367 2332 aliqua
2382 2302 2450 2332 spe-

1402 2336 1465 2371 cie,
1490 2345 1525 2365 ac
1549 2345 1603 2375 per
1625 2335 1687 2365 hoc
1714 2335 1791 2364 nihil
1815 2342 1861 2365 est
1883 2335 1914 2365 in
1938 2335 2039 2375 specie
2063 2335 2180 2375 peccati
2209 2335 2297 2376 quod
2324 2345 2387 2365 non
2413 2335 2452 2366 sit

1401 2379 1433 2409 in
1457 2379 1560 2419 aliqua
1584 2378 1685 2418 specie
1707 2378 1836 2418 peccati.

1455 2423 1496 2453 Et
1511 2422 1716 2452 nihilominus
1729 2421 1839 2452 falsam
1853 2422 1971 2462 profert
1984 2422 2182 2452 sententiam:
2198 2423 2350 2462 quoniam
2364 2422 2452 2463 quid-

1403 2467 1479 2507 quid
1502 2474 1548 2497 est
1563 2466 1760 2497 materialiter
1774 2466 1909 2496 volitum
1924 2467 1982 2496 sub
2001 2466 2105 2506 aliqua
2128 2466 2239 2503 forma,
2256 2473 2360 2497 totum
2382 2476 2450 2506 spe-

1403 2518 1464 2541 ctat
1478 2511 1517 2540 ad
1532 2510 1615 2540 illius
1632 2509 1752 2540 formae
1766 2509 1913 2549 speciem.
1930 2510 2022 2540 Unde
2041 2509 2091 2540 hic
2107 2509 2220 2540 dicitur
2235 2510 2323 2550 quod
2339 2520 2449 2540 omnes

1404 2554 1651 2584 circumstantiae
1674 2554 1732 2583 sub
1757 2563 1822 2584 uno
1847 2553 1977 2590 motivo,
2006 2553 2046 2583 ad
2069 2563 2165 2583 unam
2188 2554 2324 2594 speciem
2347 2554 2446 2589 illius,

1403 2598 1519 2628 scilicet
1534 2597 1653 2633 motivi‚
1671 2603 1819 2637 spectant.
1845 2597 1977 2628 Constat
1992 2607 2121 2638 quoque
2139 2598 2227 2637 quod
2246 2607 2415 2637 procurans
2432 2606 2449 2626 a

1403 2641 1534 2672 muliere
1562 2651 1751 2671 consensum
1779 2641 1818 2671 ad
1845 2640 2101 2676 fornicationem,
2131 2650 2167 2671 ex
2196 2640 2396 2681 consequenti
2421 2647 2451 2670 et

1403 2685 1600 2716 materialiter
1626 2685 1694 2715 vult
1717 2691 1747 2714 et
1769 2685 1903 2715 intendit
1925 2684 2118 2724 spiritualem
2141 2691 2276 2715 mortem
2298 2684 2395 2714 illius:
2421 2690 2451 2714 et

1402 2736 1509 2760 tamen
1531 2735 1618 2759 actus
1640 2728 1693 2759 ille
1715 2729 1805 2758 nullo
1824 2729 1922 2758 modo
1939 2728 2046 2768 recipit
2069 2729 2205 2768 speciem
2227 2739 2244 2758 a
2267 2735 2367 2758 morte
2390 2727 2451 2767 spi-

1403 2772 1523 2809 rituali,
1547 2772 1602 2803 sed
1624 2782 1641 2802 a
1665 2771 1871 2802 fornicatione
1893 2781 1948 2812 per
1971 2782 2003 2802 se
2026 2772 2155 2802 intenta.

1459 2816 1549 2854 Quae
1570 2826 1643 2855 ergo
1656 2826 1692 2846 ex
1709 2815 1922 2856 consequenti,
1943 2815 1992 2845 vel
2011 2815 2216 2850 materialiter,
2236 2815 2285 2845 vel
2303 2825 2358 2855 per
2374 2814 2451 2845 acci-

1405 2861 1480 2890 dens
1505 2859 1748 2899 coniunguntur,
1769 2859 1913 2900 quamvis
1933 2866 2123 2889 nocumenta
2146 2866 2175 2889 et
2197 2859 2288 2894 mala,
2311 2866 2346 2889 ut
2367 2865 2452 2898 patet

1404 2904 1548 2944 exemplo
1564 2913 1648 2934 nunc
1659 2903 1764 2939 allato,
1775 2913 1840 2933 non
1852 2903 1980 2934 trahunt
1994 2902 2025 2932 in
2043 2913 2132 2932 suam
2147 2902 2291 2942 speciem,
2308 2901 2452 2942 quamvis

1404 2954 1571 2988 aggravent
1585 2954 1758 2987 peccatum.
1774 2947 1947 2977 Traherent
1966 2953 2070 2977 autem
2087 2947 2119 2976 in
2135 2956 2205 2976 suas
2221 2945 2347 2985 species,
2364 2945 2389 2975 si
2404 2945 2451 2975 in-

1403 2999 1487 3022 tenta
1505 2998 1616 3021 essent.

1459 3035 1512 3066 VI.
1528 3035 1574 3065 Ex
1593 3034 1764 3064 omissione
1780 3040 1895 3070 autem,
1918 3033 2092 3073 ignorantia
2107 3039 2137 3063 et
2156 3032 2342 3072 negligentia
2357 3030 2453 3074 (quae

1405 3086 1479 3110 sunt
1501 3078 1619 3118 species
1642 3076 1846 3119 omissionis),
1869 3077 1944 3118 quia
1958 3077 1991 3106 in
2006 3075 2188 3106 huiusmodi
2207 3075 2339 3116 peccatis
2361 3076 2454 3106 inter-

1405 3123 1490 3153 venit
1513 3122 1643 3152 omissio
1666 3121 1715 3152 vel
1738 3121 1896 3157 scientiae,
1919 3121 1969 3150 vel
1992 3119 2121 3155 consilii,
2144 3119 2194 3149 vel
2217 3119 2453 3150 sollicitudinis:

1406 3166 1537 3196 omissio
1561 3172 1668 3195 autem
1686 3164 1846 3204 propriam
1869 3164 2005 3204 speciem
2029 3163 2155 3193 sortitur
2173 3172 2239 3193 non
2259 3173 2295 3193 ex
2310 3170 2380 3194 actu
2404 3163 2455 3193 cui

1406 3220 1462 3250 per
1484 3209 1624 3240 accidens
1648 3208 1829 3243 annectitur,
1853 3208 1908 3237 sed
1931 3217 1967 3237 ex
1990 3206 2154 3247 proposito
2178 3216 2299 3247 genere,
2317 3207 2411 3238 etiam
2429 3206 2455 3237 si

1406 3253 1512 3284 nullus
1534 3251 1717 3282 interveniat
1745 3258 1840 3281 actus.
1865 3250 1928 3287 Qui
1952 3251 2036 3281 enim
2059 3250 2176 3282 omittit
2197 3250 2305 3281 audire
2327 3250 2455 3281 missam

1406 3306 1519 3327 vacans
1546 3296 1598 3325 illa
1625 3295 1703 3325 hora
1731 3295 1825 3330 ludo,
1850 3304 1915 3324 non
1943 3293 2137 3334 specificatur
2166 3294 2297 3324 omissio
2326 3304 2362 3324 ex
2385 3301 2455 3325 actu

1406 3340 1483 3375 ludi,
1507 3339 1581 3379 quia
1600 3348 1655 3378 per
1678 3338 1819 3368 accidens
1838 3337 1977 3378 iungitur
1993 3337 2174 3368 omissionis
2190 3345 2333 3378 peccato:
2350 3338 2404 3368 sed
2420 3348 2456 3368 ex

1407 3383 1514 3413 divino
1538 3382 1634 3418 cultu,
1660 3382 1710 3412 cui
1731 3382 1935 3412 contrariatur
1953 3381 2082 3412 omissio
2106 3382 2168 3412 illa.
2193 3382 2284 3413 Unde
2300 3381 2332 3412 in
2348 3382 2456 3412 huius-

1407 3426 1495 3456 modi
1518 3426 1650 3466 peccatis
1673 3432 1795 3456 tantum
1815 3425 1890 3456 mali
1906 3432 1961 3462 est,
1978 3433 2133 3466 quantum
2149 3425 2328 3456 omissionis
2347 3435 2457 3456 secun-

1407 3471 1485 3500 dum
1507 3479 1579 3500 suas
1602 3469 1719 3510 species
1742 3469 1866 3501 habent.

2476 684 2486 692 '
2499 683 2550 705 Art.
2566 689 2582 705 1.

2475 1045 2484 1052 '
2498 1043 2523 1064 ln
2538 1049 2643 1071 corpore.
