2840 4010
63 255 73 264 ·
87 252 113 274 In
127 257 188 280 resp.
203 251 232 273 ad
247 257 263 275 ι.

76 1427 287 1460 'Cum-odam.

916 164 1181 211 QUAESTIO
1211 162 1456 208 LXXXVIII,
1485 160 1779 198 ARTICULUS
1807 160 1858 196 Vl

302 244 445 283 dictum
474 250 531 280 est
547 242 578 280 ²¹².
609 243 754 280 Dicitur
784 243 886 280 enim
914 243 970 280 ira
998 243 1185 289 diuturna,
1207 250 1242 278 et
1262 241 1361 278 dele-

301 296 412 335 ctatio
451 308 626 342 morosa,
664 304 819 345 propter
856 295 1172 344 approbationem
1209 293 1362 330 rationis

304 348 553 387 deliberantis.

2401 159 2471 206 139

1469 243 1528 277 An
1555 252 1714 277 TERTmM
1743 251 1926 276 nianDuM
1954 238 2060 288 quod
2089 238 2366 275 circumstantia
2395 251 2472 275 non

1416 293 1501 329 facit
1530 293 1577 330 de
1606 294 1710 330 bono
1740 300 1826 329 actu
1853 293 2012 338 malum,
2041 291 2112 328 nisi
2140 291 2370 328 constituens
2390 303 2473 339 spe-

1416 345 1513 382 ciem
1541 346 1699 394 peccati,
1728 354 1771 382 ut
1797 357 1911 394 supra
1928 344 1949 366 ‘²‘
1977 344 2089 381 etiam
2109 350 2124 372 Υ
2152 344 2323 381 habitum
2353 352 2419 380 est.

356 460 384 494 γ)
403 461 493 486 etiam.
510 474 529 480 -·
545 461 607 486 Om.
626 462 726 487 EFHK.

977 520 1309 553 Commentaria
1331 518 1581 551 Gar-dinatus
1602 520 1802 552 Caietani

337 604 357 624 N
374 594 505 625 articulo
522 594 634 634 quinto
651 593 791 624 eiusdem
809 590 1151 631 octogesimaeoctavae
1163 587 1367 629 quaestioniS,

310 607 471 669 Idubium
497 636 633 668 occurrit
655 646 721 677 quo
744 642 837 676 pacto
861 634 981 665 dictum
997 634 1071 664 est*
1096 634 1184 674 quod
1200 633 1238 663 de
1253 631 1368 662 veniali

309 692 355 721 ex,
368 692 481 722 genere
502 681 539 712 fit
561 681 693 712 mortale
716 689 754 710 ex
771 686 859 719 parte
874 678 1004 718 agentis,
1025 678 1103 708 dum
1119 676 1321 708 constituitur
1335 675 1368 705 in

309 737 348 758 eo
371 726 457 757 finis:
482 732 513 757 et
535 734 620 756 nunc
639 723 753 754 dicitur
774 723 864 763 quod
891 721 1123 753 circumstantia
1146 730 1213 751 non
1236 720 1309 750 facit
1331 719 1369 749 de

308 770 422 801 veniali
445 769 594 805 mortale,
618 767 679 798 nisi
701 767 856 798 mutando
886 766 1033 807 speciem.
1061 766 1209 796 Manente
1231 772 1369 804 namque

310 814 435 856 obiecto
458 811 576 854 peccati
598 810 728 842 venialis
752 810 833 847 solo,
857 810 1052 851 impossibile
1069 817 1114 840 est
1130 819 1197 839 esse
1220 806 1369 838 mutatio-

311 867 385 888 nem
407 856 536 898 speciei:
561 854 637 896 quia
660 854 765 885 omnis
789 854 924 885 mutatio
944 853 1088 894 specifica
1104 860 1151 884 est
1165 862 1203 883 ex
1217 850 1370 882 obiectiva

310 902 415 942 aliqua
434 899 614 931 differentia.
640 898 774 930 Constat
788 905 895 929 autem
911 899 1000 939 quod
1015 898 1048 928 in
1064 896 1231 938 proposito
1248 895 1291 926 sic
1307 901 1368 925 est:

310 952 386 976 nam
408 953 484 975 cum
506 943 578 984 quis
600 943 759 973 intantum
778 942 949 973 delectatur
966 942 999 972 in
1019 941 1121 972 verbis
1143 940 1259 971 iocosis
1282 939 1370 980 quod

309 987 408 1021 finem
429 987 464 1019 in
485 987 531 1018 eis
552 986 725 1022 constituit,
749 992 856 1017 manet
878 986 963 1016 idem
987 985 1158 1021 obiectum,
1181 991 1212 1015 et
1234 993 1301 1014 non
1317 992 1370 1022 ap-

310 1031 441 1083 ponitur
462 1030 570 1071 aliqua
592 1030 764 1062 differentia
786 1030 955 1066 obiectiva;
980 1037 1016 1061 ut
1038 1036 1124 1070 patet
1146 1038 1184 1059 ex
1205 1028 1267 1060 hoc
1282 1026 1372 1067 quod

310 1086 343 1106 m
366 1074 485 1111 illamet
507 1074 575 1106 sola
589 1074 691 1115 specie
715 1075 834 1115 peccati
849 1074 1022 1115 reponitur,
1038 1083 1105 1104 non
1120 1072 1206 1104 enim
1220 1071 1310 1102 facile
1326 1077 1372 1101 est

310 1117 427 1160 fingere
439 1119 479 1149 ad
494 1128 592 1160 quarn
608 1118 703 1149 aliam
716 1118 854 1159 speciem
865 1117 1034 1149 reducitur.
1044 1117 1119 1148 Non
1130 1115 1226 1156 igitur
1235 1121 1371 1154 oportet,

311 1163 437 1205 quoties
459 1163 498 1193 de
520 1162 634 1193 veniali
657 1172 694 1193 ex
716 1172 828 1203 genere
851 1161 886 1193 fit
908 1161 1055 1198 mortale,
1080 1159 1196 1191 mutari
1222 1159 1370 1200 speciem:

367 1208 406 1238 11.
418 1208 470 1238 Ad
482 1206 671 1237 evidentiam
687 1207 792 1243 huius,
809 1206 972 1237 sciendum
986 1212 1033 1236 est
1048 1205 1146 1246 quod,
1162 1204 1244 1234 sicut
1259 1203 1290 1233 in
1303 1213 1372 1243 spe-

312 1251 499 1290 Qlabffibus
522 1251 675 1291 principia
698 1257 730 1282 et
752 1250 972 1282 conclusiones
998 1250 1114 1280 habent
1136 1248 1214 1278 duas
1237 1247 1373 1278 rationes

313 1295 472 1332 formales,
492 1295 622 1326 alteram
644 1295 822 1325 secundum
837 1304 885 1325 res
901 1293 1098 1335 significatas,
1115 1292 1245 1323 alteram
1261 1301 1373 1322 secun-

313 1340 392 1370 dum
414 1340 504 1380 quod
527 1346 602 1370 sunt
625 1338 864 1380 cognoscibilia:
889 1345 974 1379 patet
993 1346 1131 1378 namque
1149 1336 1257 1366 alietas
1276 1335 1372 1366 ratio-

313 1394 394 1414 num
416 1383 600 1414 formalium
623 1392 659 1413 ex
683 1383 744 1413 hoc
767 1383 855 1423 quod
879 1381 1032 1422 principia
1047 1381 1127 1411 inter
1141 1391 1183 1417 se,
1201 1386 1232 1410 et
1247 1379 1374 1410 conclu-

314 1428 419 1459 siones
441 1427 522 1458 inter
545 1437 587 1463 se,
610 1427 643 1456 in
658 1426 676 1445 *
699 1426 826 1457 diversis
850 1426 969 1456 naturis
992 1425 1242 1460 constituuntur;
1267 1423 1375 1454 omnia

313 1479 420 1503 tamen
438 1470 592 1511 principia
615 1470 808 1501 conveniunt
822 1470 856 1500 in
875 1470 937 1500 hoc
952 1469 1042 1511 quod
1057 1479 1123 1500 uno
1138 1468 1239 1499 modo
1256 1478 1374 1508 cogno-

315 1515 433 1547 scibilia
447 1521 532 1551 sunt,
555 1514 672 1545 scilicet
695 1524 751 1554 per
773 1514 884 1554 seipsa,
909 1521 939 1544 et
958 1513 1099 1545 similiter
1119 1522 1231 1544 omnes
1248 1513 1376 1543 conclu-

313 1559 419 1591 siones
442 1565 517 1589 sunt
547 1558 774 1598 cognoscibiles
797 1569 854 1598 per
874 1558 976 1589 aliud:
993 1575 1015 1581 -
1033 1557 1076 1588 it‘a
1097 1556 1130 1588 in
1153 1556 1375 1597 appetibilibus

282 1614 295 1625 x
314 1602 386 1635 finis
412 1609 444 1634 et
462 1603 551 1644 quod
567 1609 613 1633 est
629 1603 669 1633 ad
684 1601 791 1639 finem,
816 1603 894 1633 duas
917 1602 1034 1633 habent
1056 1601 1192 1632 rationes
1215 1601 1375 1636 formales,

187 2237 196 2245 Α

123 2259 204 2277 ass-au
238 2255 239 2258 ’

315 1646 446 1679 alteram
473 1646 650 1677 secundum
679 1656 728 1677 res
756 1657 837 1687 quae
862 1652 935 1677 sunt
958 1645 1029 1676 finis
1052 1653 1093 1677 et·
1104 1644 1144 1676 ad
1166 1644 1277 1680 finem,
1302 1645 1376 1675 alte-

315 1700 384 1722 ram
406 1686 583 1722 secundum
611 1690 700 1732 quod
729 1697 804 1721 sunt
831 1689 1021 1730 appetibilia.
1049 1690 1132 1720 Nam
1159 1699 1271 1719 omnes
1298 1688 1376 1719 fines

315 1734 554 1776 distinguuntur
575 1733 752 1765 secundum
759 1734 911 1768 ,diversas
935 1741 1062 1765 naturas
1084 1743 1199 1769 rerum,
1216 1739 1248 1764 et
1263 1743 1376 1764 conve-

317 1779 410 1811 niunt
431 1779 465 1816 iti
489 1789 556 1810 uno
580 1779 679 1809 modo
698 1779 866 1819 appetitus,
892 1778 1009 1809 scilicet
1031 1788 1087 1819 per
1109 1786 1159 1808 se:
1183 1784 1214 1808 et
1236 1777 1378 1808 similiter

317 1833 353 1854 ea
371 1833 453 1864 quae
475 1830 550 1854 sunt
572 1822 612 1853 ad
634 1821 741 1859 finem,
758 1822 934 1853 secundum
950 1829 1076 1853 naturas
1091 1832 1165 1853 suas
1180 1821 1377 1861 distinguun-

315 1875 377 1904 tur,
401 1874 432 1898 et
455 1867 648 1898 conveniunt
666 1867 698 1897 in
715 1877 781 1897 uno
797 1867 895 1897 modo
913 1865 1156 1907 appetibilitatis,
1173 1865 1290 1896 scilicet
1305 1876 1378 1906 pro-

317 1918 386 1955 pter
409 1911 504 1942 aliud.

326 1956 329 1959 ’
374 1955 651 1987 Considerandum
669 1964 800 1996 quoque
817 1961 863 1985 est
878 1954 975 1995 quod,
993 1953 1074 1986 sicut
1087 1954 1122 1984 in
1136 1953 1380 1994 speculabilibus

318 1998 487 2041 dupliciter
509 1998 662 2040 contingit
679 1998 800 2040 aliquid
817 2009 884 2030 esse
900 1998 1063 2038 cognitum
1085 1998 1263 2029 secundum
1283 2008 1315 2028 se
1330 1999 1380 2029 vel

318 2053 375 2084 per
397 2044 492 2080 aliud,
517 2043 635 2074 scilicet
657 2053 694 2074 ex
716 2049 803 2084 parte
829 2043 882 2079 rei,
906 2042 957 2073 vel
979 2052 1017 2073 ex
1039 2049 1126 2083 parte
1145 2042 1380 2082 cognoscentis:

318 2097 394 2119 nam
417 2087 571 2128 principia
593 2097 676 2129 quae
699 2094 774 2118 sunt
796 2097 832 2117 ex
848 2097 880 2117 se
895 2086 1056 2127 principia,
1081 2093 1155 2117 sunt
1177 2086 1303 2127 cognita
1325 2096 1381 2126 per

319 2142 352 2164 se
380 2142 417 2163 ex
444 2131 563 2163 meritis
589 2130 652 2168 rei;
681 2131 916 2172 propositiones
944 2138 1051 2162 autem
1081 2140 1162 2172 quae
1185 2141 1204 2161 a
1226 2130 1318 2161 nobis
1346 2137 1381 2161 ut

319 2184 375 2218 per
398 2186 431 2207 se
454 2181 548 2206 notae
571 2175 778 2216 accipiuntur,
798 2175 974 2206 secundum
997 2185 1030 2205 se
1053 2181 1161 2206 autem
1183 2174 1300 2205 habent
1315 2184 1381 2205 me-

1422 588 1522 624 dium,
1539 599 1575 619 ex
1591 597 1677 629 parte
1694 591 1911 629 cognoscentis
1927 599 2000 622 sunt
2021 591 2162 631 cognitae
2179 601 2234 632 per
2249 600 2297 622 se:
2314 609 2335 614 -
2351 599 2382 622 et
2397 591 2480 623 sicut

1421 632 1598 672 propositio
1622 643 1704 673 quae
1727 643 1764 663 ex
1787 634 1903 665 meritis
1919 635 1962 665 rei
1982 635 2170 675 significatae
2186 643 2232 666 est
2251 635 2423 672 conclusio,
2441 646 2478 666 ex

1422 683 1509 715 parte
1532 677 1750 715 cognoscentis
1773 678 1882 708 transit
1900 679 1930 708 in
1948 686 2092 709 naturam
2116 679 2270 720 principii,
2287 690 2353 710 non
2367 690 2477 711 secun-

1422 719 1500 749 dum
1523 729 1601 755 rem,
1625 721 1680 750 sed
1703 721 1878 751 secundum
1902 723 2120 762 cognoscibilis
2141 724 2305 760 rationem,
2325 725 2413 765 quod
2433 731 2479 755 est

1422 770 1543 794 mutare
1560 763 1698 803 speciem
1713 774 1779 794 non
1794 765 1848 800 rei,
1869 766 1922 795 sed
1939 767 2173 805 cognoscibilis:
2186 785 2208 791 —-
2223 769 2266 798 ita
2281 769 2313 798 in
2328 768 2479 808 appetibi-

1421 807 1505 838 libus
1529 808 1655 838 duobus
1678 808 1783 838 modis
1800 808 1954 848 contingit
1967 810 2086 850 aliquid
2102 821 2168 842 esse
2184 813 2360 852 appetitum
2375 822 2431 852 per
2446 822 2479 843 se

1422 851 1472 881 vel
1495 861 1550 891 per
1573 851 1674 882 aliud:
1698 851 1814 882 scilicet
1837 862 1873 882 ex
1896 853 2013 883 meritis
2033 854 2085 890 rei,
2110 862 2145 885 ut
2168 856 2290 886 bonum
2308 857 2479 887 honestum

1424 902 1454 925 et
1477 895 1610 925 amabile
1633 905 1689 935 per
1711 905 1753 931 se,
1779 903 1808 926 et
1832 895 1907 926 utile
1931 904 2059 936 propter
2078 898 2178 935 aliud;
2202 900 2251 930 vel
2271 910 2307 930 ex
2322 907 2408 939 parte
2425 911 2479 940 ap-

1424 939 1572 979 petentis,
1598 943 1628 969 et
1651 939 1694 969 sic
1717 939 1870 979 contingit
1897 940 2064 980 appetibile
2092 950 2220 982 propter
2241 953 2273 973 se
2296 944 2424 974 transire
2447 944 2479 974 in

1423 983 1594 1023 appetibile
1615 990 1745 1023 propter
1763 983 1859 1019 aliud,
1876 990 1907 1014 et
1921 993 1938 1013 e
1954 994 2116 1022 converso,
2133 993 2169 1016 ut
2183 994 2269 1026 patet
2283 987 2315 1017 in
2329 988 2480 1027 perversis

1424 1027 1615 1067 appetitibus
1638 1027 1799 1058 utentibus
1815 1027 1955 1058 fruendis
1979 1035 2009 1059 et
2032 1029 2207 1060 fruentibus
2224 1031 2357 1062 utendis.
2382 1033 2422 1062 Et
2437 1032 2481 1063 sic

1425 1071 1578 1111 contingit
1601 1081 1703 1102 unum
1727 1071 1896 1112 appetibile
1918 1072 2048 1103 transire
2070 1073 2103 1103 in
2126 1074 2263 1114 speciem
2287 1075 2413 1106 alterius
2428 1086 2481 1116 ap-

1425 1115 1570 1155 petibilis,
1584 1125 1649 1146 non
1665 1115 1840 1146 secundum
1857 1116 2067 1147 mutationem
2083 1117 2136 1154 rei,
2153 1119 2206 1148 sed
2222 1119 2396 1149 secundum
2413 1130 2482 1150 mu-

1424 1159 1577 1190 tationem
1605 1159 1735 1190 rationis
1759 1159 1934 1200 appetibilis
1956 1160 1989 1191 in
2013 1161 2123 1191 ordine
2146 1163 2185 1192 ad
2208 1169 2419 1203 appetentem.
2443 1164 2484 1194 Et

1426 1204 1468 1234 sic
1493 1211 1538 1234 est
1560 1204 1593 1233 in
1616 1203 1793 1243 proposito.
1817 1204 1900 1233 Nam
1923 1214 1996 1234 cum
2020 1205 2091 1245 quis
2114 1206 2206 1246 ponit
2231 1206 2328 1237 finem
2350 1207 2382 1237 in
2413 1218 2483 1248 pec-

1427 1255 1496 1279 cato
1519 1248 1644 1284 veniali,
1669 1254 1746 1288 puta
1769 1248 1801 1278 in
1823 1248 1926 1278 verbis
1947 1248 2074 1285 iocosis,
2098 1251 2192 1280 verba
2213 1251 2331 1287 iocosa,
2347 1261 2428 1292 quae
2448 1262 2484 1282 ex

1427 1292 1545 1322 meritis
1562 1292 1605 1322 rei
1628 1298 1702 1322 sunt
1724 1292 1756 1321 in
1780 1292 1883 1331 specie
1899 1293 2076 1332 appetibilis
2092 1301 2222 1334 propter
2238 1295 2332 1332 aliud,
2349 1306 2386 1326 ex
2402 1296 2485 1326 mala

1428 1336 1634 1376 dispositione
1650 1336 1824 1376 appetentis
1848 1343 2012 1367 mutantur
2034 1337 2066 1367 in
2090 1338 2258 1378 appetibile
2274 1350 2329 1379 per
2347 1350 2389 1375 se,
2407 1341 2485 1370 dum

1426 1380 1459 1410 in
1476 1380 1519 1410 eis
1534 1379 1603 1410 finis
1620 1379 1834 1410 constituitur:
1855 1387 1885 1410 et
1900 1380 1943 1411 sic
1959 1381 2125 1412 intervenit
2139 1382 2182 1412 ibi
2201 1383 2335 1414 mutatio
2355 1384 2484 1424 speciei.

1428 1435 1493 1455 non
1517 1424 1693 1454 secundum
1717 1433 1784 1454 rem
1808 1424 1990 1463 appetitam,
2014 1426 2068 1455 sed
2092 1426 2247 1457 rationem
2261 1428 2438 1467 appetibilis
2453 1428 2486 1458 in

1429 1469 1538 1498 ordine
1562 1469 1600 1498 ad
1623 1474 1834 1508 appetentem.

1484 1513 1535 1543 111.
1552 1513 1592 1543 Et
1613 1522 1668 1552 per
1690 1512 1752 1542 hoc
1775 1519 1861 1552 patet
1883 1512 2048 1552 responsio
2068 1513 2107 1542 ad
2126 1514 2338 1545 obiectionem
2353 1515 2380 1546 *.
2402 1516 2486 1546 Nam

1429 1567 1502 1587 cum
1521 1557 1582 1586 hoc
1601 1556 1689 1597 quod
1705 1562 1871 1596 peccatum
1889 1556 1968 1586 illud
1984 1557 2116 1587 mortale
2132 1564 2178 1588 est
2192 1558 2224 1588 in
2240 1558 2359 1589 illamet
2375 1566 2405 1590 et
2421 1560 2488 1590 sola

1429 1601 1531 1641 specie
1553 1601 1586 1630 in
1610 1610 1673 1641 qua
1697 1607 1743 1630 est
1764 1599 1895 1636 veniale,
1912 1601 2088 1631 secundum
2106 1602 2261 1632 rationem
2277 1603 2321 1633 rei
2337 1603 2487 1639 obiectae,

1429 1652 1490 1675 stat
1512 1645 1599 1685 quod
1623 1645 1662 1675 sit
1683 1644 1716 1674 in
1740 1643 1800 1674 alia
1823 1644 1926 1684 specie
1949 1645 2125 1675 secundum
2143 1646 2298 1677 rationem
2321 1646 2488 1678 formalem

1430 1689 1607 1729 appetibilis
1631 1696 1666 1719 ut
1689 1688 1742 1719 sic.
1766 1688 1807 1718 Et
1830 1695 1996 1728 propterea
2012 1696 2043 1719 et
2056 1689 2143 1729 prius
2167 1697 2197 1721 et
2217 1701 2302 1721 nunc
2319 1691 2399 1722 dicta
2416 1699 2490 1722 sunt

1431 1743 1511 1769 vera,
1528 1732 1736 1763 diversimode
1752 1732 1918 1763 intellecta.
1935 1733 2048 1763 Merito
2064 1740 2171 1764 autem
2186 1734 2229 1764 sic
2246 1735 2387 1766 dicimus.
2406 1736 2490 1773 Quia

1431 1777 1663 1808 circumstantia
1685 1775 1766 1812 finis,
1790 1786 1872 1817 quae
1895 1784 2026 1807 vocatur
2050 1777 2136 1815 Cur,
2161 1778 2241 1809 sicut
2256 1779 2422 1819 dupliciter
2436 1790 2489 1810 su-

1431 1821 1572 1861 pervenit
1593 1821 1707 1851 veniali
1731 1830 1767 1851 ex
1790 1830 1913 1860 genere,
1933 1820 2076 1852 faciendo
2093 1822 2131 1852 de
2147 1823 2260 1852 veniali
2274 1824 2423 1859 mortale;
2447 1824 2490 1854 ita

1432 1865 1597 1905 dupliciter
1609 1865 1708 1896 variat
1722 1864 1869 1905 speciem,
1887 1865 2180 1905 proportionalitate
2196 1874 2324 1898 servata.
2348 1868 2490 1898 Verbum

1433 1919 1570 1950 namque
1593 1909 1739 1940 iocosum
1763 1909 1930 1949 dupliciter
1952 1908 1987 1940 fit
2009 1918 2046 1939 ex
2068 1909 2130 1940 fine
2149 1911 2295 1941 mortale:
2320 1911 2434 1951 primo,
2455 1922 2491 1942 ex

1432 1960 1518 1994 parte
1544 1953 1667 1990 obiecti,
1687 1960 1765 1993 puta
1775 1953 1806 1991 ‚si
1822 1953 1984 1984 ordinatur
2000 1954 2039 1983 ad
2058 1954 2263 1991 adulterium;
2287 1956 2438 1992 secundo,
2455 1966 2491 1986 ex

1434 2005 1520 2038 parte
1549 1997 1681 2037 agentis,
1705 2004 1782 2038 puta
1812 1997 1838 2027 si
1867 1997 2076 2028 constituatur
2105 1998 2138 2028 in
2166 2008 2204 2029 eo
2233 1998 2313 2030 finis.
2343 2000 2384 2030 Et
2411 2000 2491 2031 sicut

1434 2052 1518 2072 nunc
1541 2041 1576 2072 fit
1599 2041 1731 2072 mortale
1755 2051 1791 2072 ex
1814 2048 1901 2081 parte
1924 2042 2053 2080 agentis,
2069 2042 2111 2072 ita
2127 2042 2245 2082 species
2265 2044 2436 2083 apponitur
2455 2054 2492 2074 ex

1400 2115 1404 2118 .
1435 2093 1522 2126 parte
1545 2085 1730 2126 appetentis,
1755 2086 1799 2117 Ita
1822 2086 1910 2126 quod
1930 2086 1968 2116 de
1986 2086 2099 2117 veniali
2114 2096 2150 2117 ex
2169 2097 2281 2127 genere
2303 2087 2338 2118 fit
2360 2088 2492 2119 mortale

1436 2140 1472 2160 ex
1485 2136 1570 2170 parte
1590 2129 1718 2169 agentis,
1735 2136 1766 2161 et
1780 2137 1882 2160 mutat
1898 2130 2035 2170 speciem
2050 2130 2082 2160 in
2098 2131 2208 2161 ordine
2225 2132 2263 2161 ad
2279 2141 2386 2171 agens:
2404 2132 2492 2173 quod

1435 2181 1481 2205 est
1504 2181 1626 2204 mutare
1649 2173 1785 2214 speciem
1809 2174 1986 2214 appetibilis
2008 2181 2043 2205 ut
2067 2174 2119 2205 sic.

1133 2321 1449 2370 ARTICULUS
1480 2327 1687 2369 SEXTUS
1881 2376 1884 2377 ⁷

825 2415 980 2446 UTRUM
1003 2414 1240 2446 PECCATUM
1263 2415 1474 2447 MORTALE
1498 2415 1644 2446 POSSIT
1668 2415 1778 2445 Fit-:m
1802 2415 1989 2446 VENIALE

941 2489 1032 2523 Supra,
1052 2495 1099 2515 art.
1119 2498 1148 2522 ²3
1168 2491 1210 2516 De
1228 2490 1313 2519 Malo,
1333 2499 1376 2524 qu.
1396 2498 1440 2521 vn,
1460 2496 1505 2515 art.
1530 2499 1550 2520 1,
1570 2491 1602 2515 ad
1626 2489 1668 2521 183
1688 2496 1734 2516 art.
1755 2490 1778 2519 3,
1798 2491 1829 2515 ad
1849 2498 1873 2523 9.

390 2602 419 2624 χι,
442 2604 509 2632 aa
534 2593 557 2617 D
581 2591 722 2617 sssxruM
745 2591 798 2616 stc
827 2589 1067 2615 moenum-ua.
1095 2578 1254 2616 Videtur
1281 2578 1386 2627 quod

391 2632 397 2639 ⁴
455 2634 498 2682 ᾖ
534 2639 733 2682 peccatum
761 2632 922 2668 mortale
950 2630 1070 2679 possit
1102 2631 1184 2668 fieri
1221 2631 1382 2669 veniale.

472 2642 504 2697 ’,9
517 2685 523 2689 “
535 2685 752 2734 Aequaliter
772 2684 872 2721 enim
893 2684 1003 2721 distat
1019 2691 1218 2733 peccatum
1237 2684 1386 2722 veniale

323 2790 473 2828 veniale
500 2790 544 2827 fit
571 2791 743 2837 mortale,
771 2797 814 2826 ut
842 2789 984 2826 dictum
1014 2797 1070 2826 est
1086 2790 1117 2827 *.
1147 2791 1249 2838 Ergo
1274 2790 1386 2828 etiam

323 2850 524 2893 peccatum
553 2844 713 2880 mortale
741 2850 866 2892 potest
892 2843 975 2880 fieri
1002 2843 1164 2880 veniale.

380 2908 415 2933 2.
436 2897 668 2943 PRAETEREA,
688 2903 889 2944 peccatum
907 2895 1056 2933 veniale
1084 2903 1120 2933 et
1139 2897 1298 2933 mortale
1317 2909 1386 2945 po-

326 2956 466 2987 nuntur
485 2949 635 2986 differre
654 2950 864 2986 secundum
880 2949 966 2996 hoc,
981 2948 1088 2997 quod
1106 2961 1270 2998 peccans
1285 2962 1387 2986 mor-

325 3002 447 3040 taliter
466 3002 582 3050 diligit
601 3009 813 3039 creaturam
829 3002 914 3051 plus
933 3013 1050 3051 quam
1066 3003 1206 3049 Deum,
1222 3014 1386 3051 peccans

327 3063 454 3092 autem
488 3054 686 3092 venialiter
722 3054 837 3102 diligit
870 3062 1083 3092 creaturam
1115 3055 1212 3092 infra
1244 3056 1385 3093 Deum.

327 3108 519 3156 Contingit
538 3116 667 3145 autern
687 3107 791 3156 quod
811 3107 945 3157 aliquis
965 3108 1205 3144 committens
1224 3107 1262 3145 id
1283 3109 1387 3157 quod

327 3169 383 3198 est
411 3173 455 3198 ex
474 3173 612 3209 genere
632 3173 703 3197 suo
722 3168 923 3209 peccatum
943 3161 1116 3207 mortale,
1138 3160 1265 3208 diligat
1285 3173 1387 3197 crea-

325 3223 452 3252 turam
473 3214 569 3251 infra
587 3215 730 3251 Deum:
756 3220 848 3262 puta
867 3213 898 3250 si
917 3212 1063 3262 aliquis,
1083 3213 1254 3250 nesciens
1274 3213 1388 3251 forni-

327 3268 518 3305 cationem
533 3267 743 3315 simplicem
760 3278 841 3303 esse
857 3273 1055 3314 peccatum
1072 3266 1232 3302 mortale
1249 3274 1284 3303 et
1299 3279 1388 3303 con-

326 3320 482 3358 trariam
512 3321 642 3357 divino
663 3319 798 3366 amori,
827 3317 1042 3365 fornicetur,
1063 3318 1114 3355 ita
1132 3326 1262 3356 tamen
1281 3319 1387 3367 quod

536 2750 559 2775 a
576 2737 737 2784 mortali,
759 2745 796 2774 et
812 2750 835 2774 e
856 2736 1057 2773 contrario.
1089 2737 1165 2774 Sed
1184 2745 1386 2786 peccatum
1434 2739 1437 2742 ⁴

1441 2590 1530 2614 nem
1550 2577 1862 2626 praetermittere,
1882 2576 1912 2613 si
1933 2577 2042 2613 sciret
2064 2577 2287 2614 fornicando
2307 2590 2346 2614 se
2367 2586 2497 2614 contra

1440 2630 1613 2668 divinum
1634 2642 1808 2666 amorem
1829 2642 1952 2677 agere.
1975 2631 2076 2677 Ergo
2094 2631 2267 2679 peccabit
2289 2631 2494 2667 venialiter.

1440 2685 1489 2720 Et
1515 2683 1567 2719 sic
1594 2690 1794 2731 peccatum
1824 2683 1984 2719 mortale
2003 2690 2127 2731 potest
2152 2683 2234 2720 fieri
2262 2684 2420 2720 veniale.

1440 2790 1587 2826 bonum
1603 2801 1626 2825 a
1645 2790 1748 2826 malo
1768 2801 1885 2838 quarn
1903 2789 2052 2825 veniale
2073 2801 2095 2825 a
2114 2789 2275 2826 mortali.
2298 2790 2372 2826 Sed
2393 2797 2497 2826 actus

1441 2843 1505 2892 qui
1535 2850 1590 2879 est
1618 2842 1666 2879 de
1694 2854 1734 2878 se
1755 2847 1772 2863 α
1801 2843 1940 2888 malus,
1969 2850 2093 2890 potest
2124 2842 2206 2878 ficri
2235 2843 2374 2878 bonus:
2404 2841 2499 2878 sicut

1440 2895 1690 2933 homicidium
1709 2902 1835 2943 potest
1861 2895 1942 2931 fieri
1971 2903 2075 2931 actus
2095 2894 2264 2940 iustitiae,
2285 2894 2378 2931 sicut
2396 2902 2499 2943 patet

1441 2949 1479 2985 in
1499 2949 1624 2985 iudice
1644 2948 1709 2996 qui
1729 2947 1866 2984 occidit
1891 2948 2089 2984 latronem.
2120 2948 2220 2995 Ergo
2239 2948 2358 2984 multo
2379 2947 2499 2995 magis

1441 3009 1640 3050 peccatum
1670 3001 1828 3038 mortale
1856 3000 2089 3049 potest-fieri
2116 3000 2278 3037 veniale.

1496 3055 1570 3091 SED
1599 3066 1744 3091 CONTRA
1764 3066 1829 3090 EST
1857 3053 1961 3102 quod
1989 3061 2185 3089 aeternum
2215 3065 2413 3101 nunquam
2431 3065 2500 3101 po-

1441 3115 1512 3144 test
1539 3107 1621 3144 fieri
1650 3107 1869 3155 temporale.
1901 3106 1978 3142 Sed
2005 3114 2204 3154 peccatum
2232 3107 2392 3142 mortale
2421 3117 2500 3142 me-

1442 3168 1543 3197 retur
1565 3171 1733 3208 poenam
1755 3166 1962 3205 aeternam,
1982 3166 2181 3207 peccatum
2202 3166 2330 3195 autem
2349 3158 2499 3195 veniale

1442 3225 1609 3262 poenam
1621 3211 1883 3260 temporalem.
1901 3212 2002 3259 Ergo
2018 3219 2217 3260 peccatum
2232 3212 2391 3248 mortale
2406 3224 2501 3248 nun-

1442 3278 1558 3315 quam
1586 3272 1711 3313 potest
1742 3264 1823 3301 fieri
1852 3264 2013 3301 veniale.

1495 3319 1719 3355 RESPONDEO
1752 3329 1936 3354 mCENDUM
1969 3317 2073 3366 quod
2100 3317 2248 3354 veniale
2277 3324 2315 3354 et
2341 3317 2500 3354 mortale

301 3383 304 3386 ·
326 3381 482 3423 propter
501 3373 671 3411 divinum
691 3384 864 3409 amorem
883 3379 1038 3420 paratus
1059 3379 1157 3408 esset
1175 3371 1388 3408 fornicatio-

382 3478 409 3511 α)
430 3479 462 3503 de
480 3486 521 3507 se.
533 3492 552 3498 -
571 3479 631 3503 Om.
652 3478 702 3503 EF.

1444 3371 1623 3408 differunt
1655 3370 1750 3407 sicut
1781 3370 1989 3418 perfectum
2020 3378 2056 3407 et
2083 3370 2346 3419 imperfectum
2374 3370 2412 3407 in
2440 3382 2502 3418 ge-

2501 297 2509 305 ·
2527 295 2574 322 Qu.
2589 301 2653 322 xvm,
2669 298 2711 316 art.

2500 327 2519 349 5,
2535 321 2563 342 ad
2576 329 2600 347 4.

2515 1524 2523 1532 ·
2539 1522 2575 1544 Cf.
2590 1528 2653 1544 num.
2670 1529 2686 1544 1.

2524 2779 2571 2800 arg.
2586 2780 2606 2802 3.

2597 358 2614 382 Υ

1495 2737 1528 2773 3.
1559 2737 1800 2782 PRAETEREA,
1831 2735 1927 2772 sicut
1954 2736 2096 2773 dictum
2126 2744 2181 2772 est
2199 2736 2234 2783 ²¹²,
2263 2737 2347 2784 plus
2376 2736 2499 2773 differt
2525 2746 2734 2774 ·An-prneced-‚

2620 2849 2636 2865 α
