2840 4010
1032 146 1298 193 QUAEs‘no
1328 147 1431 194 (ΗΧ,

350 222 609 254 concurrentibus
631 223 671 253 ad
694 223 762 254 eius
785 224 1021 264 perfectionem,
1043 232 1079 255 ut
1102 232 1188 265 patet
1210 225 1243 255 in
1261 225 1290 255 V
1305 225 1410 255 Meta·

112 275 322 297 ·s.Th.1eet.vu.
345 267 454 308 phys„
473 276 540 306 cap.
557 267 597 298 de
612 267 683 298 Uno
701 267 738 305 *‚·
756 274 786 298 et
802 268 945 308 singulos
964 268 1091 300 effectus
1111 268 1311 309 singulorum
1327 269 1410 298 male

113 313 124 318 -
133 301 186 324 Did.
197 301 238 323 lib.
250 300 290 328 IV,
302 306 323 322 c.

113 334 143 354 vr,
158 334 181 349 n.
197 333 239 356 1-3.

114 360 122 368 ·
138 358 175 380 cf.
189 364 253 379 num.
268 363 300 378 vr.

113 668 123 677 '
140 667 222 689 Psalm.
247 673 305 689 xvnt
318 684 323 694 ,

114 699 172 715 vers.
183 700 210 722 ¹3.

115 888 124 897 ·
139 885 211 908 Num.
225 892 283 908 xvn.

113 1018 122 1029 ¹
130 1017 143 1039 1
149 1017 187 1042 u
195 1016 261 1044 Gon,
271 1023 322 1045 etp.

113 1049 144 1070 iv,
158 1049 218 1066 vera.
232 1050 256 1070 4.

112 1104 123 1116 ⁸
138 1103 175 1126 Cf.
189 1109 254 1126 num.
269 1109 310 1126 vn.

109 2788 121 2800 '
134 2787 201 2811 Vm.
217 2788 248 2810 16.

307 335 318 345 .
350 319 417 340 esse
440 309 619 341 obiiciendo
644 318 836 349 numeratos,
861 318 897 343 ut
919 319 1004 352 patet
1024 322 1061 343 ex
1081 312 1180 342 dictis.

404 353 488 385 XIX.
516 355 567 385 Ad
595 362 818 395 argumentum
848 363 956 387 contra
984 355 1223 387 conclusionem
1238 354 1271 390 *,
1295 354 1412 384 scilicet

350 398 440 438 quod
463 406 647 439 sequeretur
669 399 759 440 quod
782 406 890 440 posset
912 400 983 440 quis
1007 399 1084 430 scire
1108 409 1141 429 se
1164 408 1231 428 esse
1253 398 1286 427 in
1301 398 1409 438 gratia,

350 448 482 481 negatur
506 442 643 483 sequela.
667 443 708 474 Et
730 453 806 474 cum
827 443 954 474 dicitur:
978 444 1086 474 Potest
1109 442 1185 472 scire
1209 451 1242 471 se
1266 441 1320 471 diu
1344 451 1410 471 non

351 485 537 517 deliberasse
553 487 586 517 in
602 494 769 527 peccatum
782 487 931 518 mortale:
948 504 970 510 -
985 486 1194 526 respondetur
1209 485 1308 525 quod,
1322 484 1412 524 quid-

350 529 429 570 quid
452 530 492 561 sit
514 531 552 561 de
576 530 711 571 peccatis
735 529 981 567 commissionis,
1000 529 1072 570 quis
1087 529 1145 559 scit
1161 538 1193 559 se
1209 528 1263 559 diu
1279 538 1345 559 non
1362 538 1411 559 ce-

351 573 462 604 cidisse
485 573 518 604 in
549 581 715 614 peccatum
742 574 876 604 mortale
902 572 1104 609 omissionis,
1136 582 1218 614 quae
1244 582 1311 602 non
1342 579 1412 612 eget

351 617 575 649 deliberatione
603 617 753 658 positiva,
777 617 833 647 sed
855 616 971 647 sufficit
993 626 1059 647 non
1086 616 1254 647 deliberare
1281 615 1411 657 quando

350 659 492 692 tenetur?
514 656 674 702 Scriptum
689 668 736 693 est
751 660 837 691 enim
851 660 883 691 *:
907 660 1034 691 Delicta
1052 662 1124 701 quis
1139 660 1318 701 intelligit?
1334 659 1412 690 deli-

351 711 439 736 ctum
462 705 548 736 enim
570 705 698 746 proprie
716 704 890 736 emittentis
915 710 970 734 est.
994 704 1036 735 Et
1058 711 1226 745 propterea
1248 703 1411 734 subditur:

350 749 400 780 Ab
421 749 554 780 occultis
576 750 654 780 meis
676 748 797 779 munda
820 757 881 785 me,
905 748 1052 779 Domine.

405 791 529 824 Dicitur
547 792 698 829 secundo,
714 792 803 834 quod
818 791 1007 832 impotentia
1022 792 1092 823 talis
1108 798 1154 822 est
1169 790 1296 822 effectus
1312 797 1411 821 status

351 836 470 876 peccati
493 836 635 866 mortalis
658 835 832 866 formaliter
854 842 885 866 et
907 846 964 875 per
986 846 1028 872 se,
1054 842 1084 866 et
1107 845 1173 866 non
1189 834 1245 875 per
1267 834 1412 865 accidens

350 886 475 910 tantum
487 879 558 910 solo
570 879 664 916 facto,
677 886 714 910 ut
726 879 846 910 dictum
859 886 905 910 est
915 879 944 910 ἦ
961 879 1002 910 Et
1015 886 1182 920 propterea
1197 888 1235 909 ex
1245 878 1308 909 hoc
1323 879 1412 919 quod

351 923 423 964 quis
446 923 500 954 diu
525 933 591 954 non
614 923 735 960 cecidit,
759 933 825 954 non
849 930 955 964 potest
970 923 1047 954 scire
1062 933 1095 954 se
1110 923 1153 954 de
1165 923 1248 953 facto
1262 931 1328 952 non
1345 932 1412 953 esse

349 967 384 998 in
405 967 546 1004 mortali;
570 967 627 998 sed
649 977 716 998 non
743 977 810 998 esse
834 967 867 997 in
892 967 1003 998 affectu
1031 967 1183 999 mortalis.
1207 966 1300 998 Unde
1324 969 1412 1006 Apo-

350 1011 452 1041 stolus
467 1011 500 1041 *:
524 1011 614 1042 Nihil
629 1011 707 1042 mihi
722 1013 867 1042 conscius
889 1021 971 1049 sum,
986 1011 1044 1042 sed
1058 1021 1121 1042 non
1138 1012 1170 1048 in
1186 1011 1245 1041 hoc
1259 1010 1412 1051 iustifica-

350 1059 402 1085 tus
423 1064 505 1086 sum.

402 1098 471 1129 XX.
494 1098 545 1128 Ad
565 1098 723 1129 rationem
742 1096 855 1130 Scoti*
877 1098 991 1129 dicitur
1005 1098 1095 1140 quod
1110 1097 1325 1139 multipliciter
1340 1107 1412 1138 pec—

350 1147 408 1172 cat.
432 1141 551 1179 Primo,
575 1142 608 1172 in
633 1143 835 1174 antecedente
858 1142 1029 1173 assumitur
1052 1142 1177 1178 falsum,
1194 1141 1318 1178 scilicet,
1335 1141 1410 1172 dum

349 1191 440 1217 cavet
461 1186 530 1224 hoc,
555 1191 646 1218 mitet
668 1195 781 1217 omne:
803 1187 879 1228 quia
899 1193 1003 1227 potest
1018 1186 1114 1217 simul
1129 1195 1235 1217 cavere
1251 1195 1364 1222 unum,
1381 1192 1411 1216 et

347 1230 521 1270 musgredi
537 1230 624 1262 aliud
639 1237 854 1271 praeceptum.
867 1248 887 1253 -
897 1230 1046 1262 Probatio
1061 1239 1192 1271 quoque
1208 1229 1340 1260 assumit
1355 1229 1412 1260 fal-

350 1283 432 1310 sum,
449 1273 567 1305 scilicet
581 1274 670 1315 quod
686 1275 834 1306 voluntas
850 1284 916 1305 non
931 1281 1037 1315 potest
1051 1274 1123 1306 illos
1138 1274 1220 1305 duos
1239 1283 1412 1304 consensus

344 1317 480 1350 habere:
503 1327 563 1359 pro
584 1325 705 1359 quanto
722 1319 900 1359 experimur
923 1318 1063 1359 aliquem
1085 1318 1180 1349 simul
1195 1317 1275 1348 velle
1289 1327 1410 1358 rapere,

349 1361 405 1392 sed
427 1365 494 1392 non
516 1371 565 1392 res
589 1371 704 1398 sacras;
729 1372 764 1392 ac
787 1372 844 1402 per
858 1362 930 1399 hoc,
947 1362 1044 1393 vitare
1065 1361 1263 1402 sacrilegium
1278 1367 1309 1392 et
1323 1371 1411 1392 com-

349 1405 473 1436 mittere
495 1405 653 1446 rapinam;
675 1412 706 1436 et
724 1406 866 1437 similiter
888 1406 920 1436 in
944 1405 1063 1437 multis.
1080 1405 1122 1437 Et
1142 1415 1260 1442 rursus,
1280 1405 1355 1446 quia
1371 1406 1411 1435 ad

349 1456 514 1490 peccatum
545 1450 727 1480 omissionis
758 1460 824 1480 non
852 1450 1020 1490 requiritur
1043 1456 1130 1481 actus
1152 1449 1281 1490 aliquis,
1306 1456 1411 1489 potest

349 1493 446 1524 simul
460 1493 592 1533 implere
609 1500 814 1534 praeceptum
835 1504 938 1524 unum
953 1501 984 1525 et
999 1494 1144 1525 omittere
1158 1493 1246 1525 aliud
1266 1493 1306 1523 ad
1322 1493 1411 1534 quod

348 1546 408 1577 pro
431 1544 508 1568 tunc
531 1543 664 1574 tenetur,
689 1538 807 1578 absque
830 1538 958 1568 duobus
982 1538 1078 1568 simul
1101 1537 1305 1568 consensibus
1325 1537 1408 1577 posi-

347 1579 429 1611 tivis.
454 1581 547 1611 Unde
565 1581 711 1621 probatio
732 1588 778 1612 est
797 1581 875 1612 falsa
896 1588 927 1612 et
941 1581 1043 1613 fallax.

403 1624 640 1666 Consequentia
657 1635 787 1666 quoque
802 1626 983 1666 principalis
1006 1631 1116 1666 peccat
1138 1625 1331 1665 sophismate
1354 1624 1410 1655 Di-

347 1668 478 1699 visionis
501 1675 532 1700 et
546 1668 810 1710 Compositionis.
836 1669 999 1707 Quoniam
1015 1679 1082 1700 non
1096 1669 1195 1700 valet:
1219 1669 1255 1700 In
1278 1668 1410 1708 singulis

347 1719 454 1752 potest
481 1713 684 1752 singillatim,
709 1723 784 1754 ergo
808 1723 943 1754 semper.
967 1713 1131 1751 Quoniam
1153 1713 1212 1744 alia
1231 1719 1261 1744 et
1285 1712 1345 1743 alia
1364 1719 1410 1742 est

348 1756 447 1787 ratio:
470 1756 514 1787 ibi
528 1757 676 1788 voluntas
691 1757 789 1788 libera
800 1781 807 1794 ,
831 1757 882 1788 hic
898 1757 1138 1799 praemeditatio
1157 1756 1281 1788 assidua
1300 1763 1408 1787 contra

1459 146 1755 184 ARTICULUS
1785 146 1837 182 IX

1463 225 1618 261 habitum,
1634 224 1824 264 implicatur.
1849 224 1938 255 Patet
1953 230 2061 255 autem
2084 223 2256 264 sophisma,
2281 224 2469 264 applicando
2485 225 2523 254 ad

1464 269 1641 299 cavendum
1663 268 1787 308 singula
1816 268 1968 304 venialia,
1993 275 2023 299 et
2045 268 2247 308 procedendo
2279 269 2318 297 ad
2349 269 2524 299 cavendum

1464 312 1572 342 omnia
1591 322 1724 352 semper,
1742 318 1777 342 ut
1792 311 1860 352 ipse
1877 311 1967 342 facit:
1992 318 2067 342 sunt
2082 311 2167 342 enim
2191 311 2313 351 singula
2337 311 2522 342 voluntaria.

1519 356 1602 386 XXI.
1615 356 1656 386 Et
1670 356 1703 386 in
1719 355 1768 386 his
1783 355 1932 386 omnibus
1949 356 2074 387 adverte
2090 356 2178 396 quod
2194 355 2227 385 in
2248 355 2378 386 materia
2400 356 2522 393 morali,

1464 405 1494 429 et
1509 399 1650 438 potentia
1672 399 1883 430 inclinationis
1905 409 1961 439 per
1975 399 2111 430 modum
2134 406 2273 436 naturae,
2291 406 2337 429 est
2352 408 2472 429 sermo:
2490 406 2524 429 ut

1463 442 1618 482 intelligas
1638 443 1816 473 doctrinam
1838 443 1919 474 hanc
1942 453 2049 474 veram
2072 453 2162 474 more
2185 443 2357 473 moralium
2380 450 2410 473 et
2434 450 2523 474 natu-

1464 486 1587 522 ralium,
1605 486 1722 517 scilicet
1745 494 1780 517 ut
1802 487 1835 517 in
1859 487 2013 527 pluribus,
2029 494 2060 518 et
2079 487 2256 518 secundum
2275 487 2337 518 tale
2350 497 2449 527 genus
2465 487 2523 517 im-

1464 530 1632 569 potentiae.
1658 530 1882 570 indisciplinati
1901 531 2020 572 quippe
2044 538 2090 562 est
2113 531 2226 561 eodem
2250 531 2349 561 modo
2372 531 2405 561 in
2421 531 2523 561 omni-

1464 573 1524 602 bus
1546 573 1646 613 loqui,
1670 580 1700 604 et
1723 574 1942 605 certitudinem
1966 572 2180 606 et'veritatem
2204 585 2362 615 quaerere.

1518 617 1616 647 XXII.
1628 617 1663 647 In
1684 618 1890 658 responsione
1905 618 1944 648 ad
1960 619 2101 658 primum
2118 619 2260 649 eiusdem
2271 618 2391 649 articuli
2410 619 2522 655 octavi,

1465 660 1600 691 dubium
1615 661 1750 691 occurrit
1762 671 1799 692 ex
1811 661 1918 698 Scoto‚
1935 662 1989 692 ubi
2006 672 2100 702 supra
2109 662 2136 698 *‚
2154 669 2302 702 arguente
2319 669 2427 693 contra
2443 662 2523 693 hanc

1465 704 1704 744 responsionem
1727 705 1779 735 sic.
1804 705 1896 736 Stans
1912 706 1944 735 in
1961 706 2055 746 culpa
2076 706 2201 737 mortali
2223 713 2254 737 et
2272 716 2338 736 non
2353 706 2524 746 disponens

1465 757 1497 777 se
1520 748 1560 778 ad
1583 748 1730 788 gratiam,
1755 759 1821 779 non
1851 756 1955 789 potest
1982 759 2041 790 pro
2072 757 2147 780 tunc
2178 760 2210 780 se
2234 760 2355 780 servare
2378 761 2395 781 a
2419 750 2522 790 culpa.

1465 791 1549 831 Ergo
1574 801 1631 832 pro
1656 799 1732 823 tunc
1755 799 1801 823 est
1823 793 1881 823 sibi
1904 793 2099 834 impossibile
2115 803 2236 824 servare
2250 804 2283 824 se
2297 804 2316 824 a
2331 794 2424 834 culpa
2440 804 2523 824 mor-

1466 835 1529 865 tali.
1554 835 1652 872 Quod
1678 842 1724 866 est
1747 835 1881 866 falsum:
1906 837 1980 877 quia
1996 837 2100 867 omnis
2124 837 2217 878 culpa
2232 845 2278 868 est
2300 837 2487 869 voluntaria.
2502 856 2523 861 -

1465 879 1662 910 Antecedens
1675 879 1807 910 habetur
1823 889 1859 910 ex
1873 881 2078 920 responsione
2094 881 2165 911 ista:
2183 881 2257 922 quia
2269 881 2382 912 dicitur
2397 882 2485 922 quod
2498 882 2522 912 si

1466 932 1531 953 non
1544 923 1684 963 disponit
1699 933 1732 953 se
1748 923 1787 953 ad
1799 924 1940 963 gratiam,
1954 924 2012 954 sibi
2022 924 2197 964 imputatur
2210 925 2396 965 impotentia
2406 925 2523 956 vitandi

1465 973 1632 1006 peccatum
1647 967 1790 997 mortale.
1807 984 1825 990 -
1843 967 2078 1008 Consequentia
2092 978 2167 998 vero
2187 978 2243 1008 per
2258 979 2290 999 se
2309 975 2384 999 nota
2401 975 2455 999 est.

1519 1011 1571 1040 Ad
1593 1010 1656 1041 hoc
1679 1010 1792 1041 dicitur
1819 1012 1908 1051 quod
1936 1011 2015 1041 nihil
2042 1011 2188 1051 prohibet
2218 1021 2284 1042 esse
2307 1013 2523 1043 voluntarium

1465 1053 1648 1094 simpliciter
1678 1055 1767 1094 quod
1798 1061 1904 1085 tamen
1935 1065 1972 1086 ex
2001 1055 2220 1096 suppositione
2253 1063 2299 1086 est
2328 1056 2523 1096 impossibile

1465 1097 1552 1128 aliter
1567 1108 1600 1128 se
1619 1098 1750 1129 habere:
1775 1098 1856 1129 sicut
1878 1099 2024 1140 navigare
2040 1107 2085 1131 est
2101 1099 2317 1130 voluntarium
2332 1100 2522 1140 simpliciter,

1465 1142 1529 1178 sed,
1547 1142 1715 1182 supposito
1739 1143 1828 1183 quod
1850 1143 1964 1184 aliquis
1987 1143 2098 1174 absens
2117 1143 2191 1174 velit
2210 1153 2276 1174 esse
2292 1143 2324 1174 in
2340 1144 2452 1180 insula,
2470 1154 2523 1174 ne-

1465 1186 1634 1216 cessarium
1657 1193 1703 1217 est
1727 1186 1880 1227 navigare.
1906 1187 1946 1218 Et
1968 1187 2106 1218 invidere
2129 1187 2344 1218 voluntarium
2365 1194 2420 1224 est,
2437 1188 2524 1218 aliter

2448 147 2521 194 307

1465 1236 1630 1269 peccatum
1654 1240 1719 1260 non
1743 1237 1838 1261 esset:
1863 1231 2029 1271 supposita
2052 1238 2157 1262 tamen
2181 1231 2336 1271 superbia,
2357 1238 2403 1262 est
2418 1241 2523 1262 neces-

1464 1273 1591 1304 sarium.
1609 1274 1701 1304 Unde
1716 1275 1914 1314 Augustinus
1931 1275 2014 1311 dicit,
2028 1275 2060 1305 in
2077 1275 2157 1306 libro
2171 1275 2212 1305 de
2225 1276 2305 1306 Vera
2320 1276 2489 1317 Religione
2496 1276 2522 1312 ¹⁸³,
2551 1279 2559 1286 '

1464 1318 1553 1358 quod
1577 1324 1687 1348 natura
1710 1319 1844 1358 superba
1869 1328 1994 1349 necesse
2017 1319 2110 1350 habet
2134 1319 2185 1349 alii
2209 1319 2356 1350 invidere.
2380 1320 2421 1350 Et
2443 1320 2522 1351 ratio

1464 1368 1510 1392 est
1533 1362 1659 1392 eadem:
1684 1362 1759 1402 quia
1782 1362 1950 1403 supposito
1974 1363 2062 1403 quod
2090 1363 2161 1403 quis
2190 1363 2523 1403 quaeratqinordinate

1463 1405 1626 1445 propriam
1649 1406 1873 1442 excellentiam,
1898 1413 2024 1447 oportet
2047 1407 2135 1447 quod
2159 1417 2196 1437 ex
2217 1407 2352 1437 aliorum
2374 1408 2523 1438 excellen-

1463 1449 1514 1485 tia,
1541 1456 1652 1489 utpote
1676 1450 1845 1490 derogante
1861 1450 2017 1491 propriae,
2043 1450 2244 1490 percutiatur.
2270 1450 2320 1481 Sic
2342 1451 2436 1490 igitur
2463 1451 2523 1482 exi-

1463 1500 1547 1524 stens
1570 1493 1602 1523 in
1626 1500 1755 1533 peccato
1779 1494 1904 1524 mortali
1932 1501 1962 1524 et
1985 1504 2050 1524 non
2074 1504 2106 1525 se
2130 1494 2300 1534 disponens
2326 1495 2366 1525 ad
2381 1495 2522 1534 gratiam,

1465 1546 1500 1567 ex
1524 1537 1582 1567 hac
1605 1538 1836 1578 suppositione,
1861 1538 1976 1568 scilicet
1999 1539 2088 1578 quod
2111 1538 2178 1568 vult
2193 1548 2375 1578 permanere
2391 1539 2421 1568 in
2439 1546 2521 1569 statu

1463 1581 1526 1617 tali,
1551 1591 1676 1612 necesse
1699 1581 1793 1612 habet
1815 1592 1943 1622 peccare
1959 1582 2141 1618 mortaliter,
2167 1589 2198 1612 et
2219 1582 2414 1622 impossibile
2431 1590 2477 1613 est
2495 1583 2523 1613 ei

1465 1635 1530 1655 non
1554 1635 1682 1665 peccare
1706 1626 1897 1657 mortaliter:
1922 1626 1977 1656 sed
2000 1625 2070 1656 talis
2093 1626 2258 1656 necessitas
2286 1633 2317 1656 et
2343 1626 2523 1667 impossibi-

1462 1669 1531 1699 litas
1546 1679 1583 1699 ex
1598 1669 1828 1709 suppositione,
1843 1680 1909 1700 non
1924 1676 2079 1710 repugnat
2093 1670 2283 1701 voluntario.
2302 1671 2343 1701 Et
2358 1678 2523 1710 propterea

1462 1713 1639 1743 voluntarie
1667 1714 1780 1750 simul,
1806 1721 1836 1744 et
1859 1714 2033 1744 necessario
2058 1724 2095 1744 ex
2122 1713 2360 1755 suppositione,
2385 1714 2524 1754 peccabit

1463 1756 1646 1788 mortaliter.

1165 1907 1482 1951 ARTICULUS
1513 1908 1713 1951 NONUS

390 2003 392 2006 ’
438 1998 594 2030 UTRUM
618 1998 714 2029 ILLE
738 1997 813 2036 QUI
842 1997 919 2028 IAM
943 1997 1228 2029 CONSECUTUS
1251 1997 1332 2028 EST
1356 1997 1564 2033 GRATIAM,
1589 1997 1671 2027 PER
1694 1996 1871 2028 SEIPSUM
1894 1996 2041 2028 POSSIT
2065 1997 2251 2028 OPERARI
2283 1998 2436 2029 BONUM

809 2041 867 2072 ET
890 2041 1052 2072 VITARE
1074 2041 1322 2078 PECCATUM,
1347 2041 1516 2079 ABSQUE
1540 2041 1643 2072 ALIO
1668 2041 1845 2072 AUXILIO
1870 2041 2062 2072 GRATIAE

615 2116 636 2141 11
656 2117 738 2147 Sunt„
759 2117 818 2143 dist.
837 2124 904 2148 mx,
923 2123 1012 2149 expos.
1030 2117 1081 2147 lit.;
1101 2117 1143 2141 De
1166 2116 1255 2147 Ver-it„
1274 2124 1320 2149 qu.
1337 2123 1403 2145 xxiv.
1423 2121 1469 2141 art.
1493 2115 1531 2145 13.
1555 2123 1586 2147 14
1593 2124 1600 2146 ς
1620 2123 1667 2148 qu.
1684 2123 1761 2145 xxvu,
1780 2121 1826 2141 art.
1848 2115 1870 2146 5,
1889 2116 1921 2140 ad
1942 2115 1970 2146 33
1990 2116 2020 2141 In
2041 2117 2139 2141 Psalm.
2157 2117 2263 2142 XXXI.

519 2217 537 2258 5«
561 2208 584 2233 n
612 2207 740 2233 Nouum
766 2207 821 2232 sm
848 2207 1088 2232 Paeonum-ua.
1116 2195 1276 2232 Videtur
1303 2195 1410 2244 quod

490 2246 538 2307 'jo
562 2249 622 2285 ille
645 2248 710 2298 qui
731 2248 808 2285 iam
829 2255 1056 2286 consecutus
1077 2254 1132 2285 est
1154 2248 1323 2296 gratiam,
1343 2260 1412 2297 per

385 2335 388 2345 ,
431 2347 439 2355 ,
463 2346 473 2354 χ
507 2295 528 2341 “6
543 2298 548 2302 ’
562 2301 731 2350 seipsum
755 2301 876 2350 possit
894 2301 1044 2350 operari
1067 2301 1213 2338 bonum
1238 2308 1275 2338 et
1291 2300 1411 2339 vitare

406 2367 414 2377 “
440 2354 492 2377 ””
517 2346 775 2404 peccatum,
809 2355 954 2402 absque
982 2353 1056 2390 alio
1084 2353 1220 2391 auxilio
1257 2354 1409 2402 gratiae.

347 2407 661 2456 Unumquodque
690 2407 794 2444 enim
822 2414 887 2443 aut
910 2407 1045 2443 frustra
1064 2413 1131 2453 est,
1151 2414 1216 2444 aut
1234 2406 1409 2455 imperfe-

347 2466 470 2506 ctum,
499 2459 528 2496 si
558 2472 636 2497 non
669 2460 801 2508 implet
833 2459 925 2496 illud
957 2459 1006 2496 ad
1039 2460 1144 2506 quod
1176 2459 1296 2496 datur.
1332 2460 1409 2497 Sed

347 2512 464 2560 gratia
493 2513 541 2549 ad
569 2513 645 2549 hoc
678 2513 788 2550 datur
820 2512 931 2549 nobis
966 2518 1008 2548 ut
1038 2511 1230 2561 possimus
1262 2513 1409 2550 bonurn

387 2227 396 2237 Ι
419 2213 525 2245 *„13(“

347 2565 471 2602 facere
501 2573 537 2602 et
563 2565 683 2602 vitare
710 2572 924 2615 peccatum.
955 2564 995 2601 Si
1023 2564 1132 2613 igitur
1157 2577 1227 2614 per
1249 2565 1408 2613 gratiam

346 2618 422 2655 hoc
448 2619 570 2655 homo
598 2631 676 2655 non
700 2625 836 2667 potest,
857 2617 1007 2655 videtur
1025 2617 1130 2667 quod
1147 2618 1208 2654 vel
1227 2618 1345 2666 gratia
1364 2618 1410 2655 sit

348 2671 485 2707 frustra
513 2672 612 2718 data,
640 2671 703 2708 vel
732 2671 779 2708 sit
805 2671 1035 2719 imperfecta.

402 2735 438 2760 2.
467 2724 706 2770 ΡΒΑΕΤΕΚΕΑ,
735 2735 804 2771 per
830 2723 988 2771 gratiam
1016 2723 1096 2771 ipse
1126 2723 1286 2771 Spiritus
1315 2724 1409 2761 San-

347 2783 429 2813 ctus
443 2775 482 2812 in
497 2776 607 2813 nobis
622 2775 780 2822 habitat3
797 2775 1010 2812 secundum
1023 2775 1113 2813 illud
1130 2777 1143 2812 Ι
1158 2776 1210 2813 ad
1227 2777 1313 2813 Cor.
1326 2789 1361 2813 111
1371 2776 1407 2813 *τ

345 2822 509 2867 Nescius
536 2829 624 2877 quia
652 2829 829 2877 templum
861 2829 937 2865 Dei
961 2829 1059 2875 estis,
1089 2834 1126 2865 et
1151 2829 1308 2877 Spiritus
1334 2830 1411 2866 Dei

346 2882 491 2919 habitat
516 2881 552 2918 in
581 2880 716 2918 vohis?
744 2881 820 2919 Sed
850 2881 1008 2930 Spiritus
1037 2881 1215 2929 Sanctus,
1244 2894 1333 2919 cum
1362 2882 1408 2919 sit

347 2934 603 2982 omnipotens,
633 2933 823 2971 sufficiens
845 2941 901 2971 est
918 2941 960 2971 ut
978 2946 1049 2971 nos
1067 2934 1222 2972 inducat
1240 2935 1288 2972 ad
1307 2935 1406 2972 bene

347 2987 600 3035 operandum,
628 2994 664 3023 et
690 2993 732 3023 ut
759 2998 831 3023 nos
850 2999 873 3023 a
890 2994 1048 3036 peccato
1077 2988 1278 3024 custodiat..
1303 2988 1405 3036 Ergo

346 3039 466 3076 homo
485 3039 644 3087 gratiam
674 3046 898 3076 consecutus
926 3046 1050 3088 potest
1076 3047 1280 3088 utrumque
1298 3052 1407 3088 prae-

347 3091 537 3129 dictorum
565 3092 709 3141 absque
737 3092 810 3129 alio
840 3091 977 3128 auxilio
1005 3091 1156 3139 gratiae.

403 3145 438 3182 3.
458 3145 691 3192 Pinarum,
717 3144 748 3181 si
766 3145 886 3182 homo
912 3151 1138 3181 consecutus
1156 3144 1314 3192 gratiam
1341 3145 1406 3182 ad-

345 3198 421 3235 huc
441 3198 514 3235 alio
543 3197 680 3235 auxilio
701 3197 842 3245 gratiae
861 3196 1004 3245 Indiget
1021 3196 1071 3234 ad
1089 3197 1165 3234 hoc
1181 3198 1287 3246 quod
1306 3205 1405 3234 recte

345 3251 452 3288 vivat
471 3258 506 3287 et
520 3263 542 3287 a
561 3258 718 3299 peccato
739 3250 935 3297 abstineat,
951 3249 1032 3298 pari
1048 3249 1192 3286 ratione
1212 3257 1249 3286 et
1263 3250 1294 3286 si
1313 3250 1405 3287 illud

346 3303 447 3341 aliud
476 3303 656 3340 auxilium
692 3302 830 3351 gratiae
866 3309 1091 3339 consecutus
1123 3302 1250 3349 fuerit,
1281 3303 1406 3339 adhuc

345 3356 419 3394 alio
439 3356 576 3394 auxilio
597 3361 614 3378 ‘²
642 3355 833 3404 indigebit.
862 3355 1097 3392 Procedetur
1117 3366 1205 3402 ergo
1228 3354 1266 3391 in
1284 3354 1407 3392 infini-

400 3471 426 3503 οι)
445 3471 559 3496 auxilio.
577 3485 595 3491 -
613 3471 720 3503 gratiae
738 3470 835 3495 addunt
854 3469 900 3494 Pa.

1465 2202 1567 2231 tum:
1597 2194 1703 2242 quod
1723 2202 1778 2232 est
1805 2194 2090 2232 inconveniens.
2122 2196 2223 2243 Ergo
2248 2195 2308 2232 ille
2328 2196 2391 2244 qui
2412 2204 2467 2233 est
2486 2197 2524 2233 in

1465 2247 1592 2295 gratia,
1609 2259 1688 2284 non
1706 2247 1848 2296 indiget
1862 2247 1935 2284 alio
1955 2247 2092 2284 auxilio
2112 2248 2251 2296 gratiae
2266 2248 2316 2285 ad
2330 2249 2405 2286 hoc
2419 2250 2524 2298 quod

1466 2301 1563 2337 bene
1592 2307 1770 2348 operetur
1798 2307 1835 2337 et
1862 2312 1884 2337 a
1911 2308 2069 2349 peccato
2098 2301 2291 2338 abstineat.

1519 2354 1593 2390 SED
1614 2364 1760 2390 CONTRA
1780 2365 1846 2390 Es‘r
1865 2353 1970 2401 quod
1989 2353 2222 2401 Augustinus
2251 2353 2350 2402 dicit,
2369 2354 2408 2391 in
2427 2354 2522 2391 libro

1464 2407 1509 2443 de
1527 2406 1681 2443 Natura
1701 2412 1737 2443 et
1757 2406 1890 2443 Gratia
1908 2406 1940 2452 ²⁸,
1970 2408 2074 2455 quod
2091 2406 2186 2443 sicut
2208 2407 2337 2443 oculus
2355 2408 2523 2455 corporis

1458 2459 1674 2506 plenissime
1699 2470 1826 2504 sanus,
1856 2459 1928 2495 nisi
1953 2459 2118 2496 candore
2144 2459 2237 2496 lucis
2263 2460 2421 2506 adiutus,
2447 2472 2521 2496 non

1457 2517 1580 2560 potest
1609 2523 1764 2548 cernere
1776 2525 1790 2555 ;
1819 2512 1873 2548 sic
1900 2517 1937 2548 et
1966 2513 2079 2548 homo
2110 2512 2380 2560 perfectissime
2411 2513 2522 2549 etiam

1464 2565 1691 2612 iustificatus,
1708 2565 1780 2601 nisi
1792 2570 1945 2602 aeterna
1961 2564 2042 2601 luce
2056 2565 2213 2601 iustitiae
2231 2565 2404 2601 divinitus
2418 2565 2523 2602 adiu-

1462 2623 1581 2663 vetur,
1610 2623 1708 2654 recte
1735 2629 1810 2654 non
1833 2623 1954 2665 potest
1979 2618 2117 2654 vivere.
2148 2617 2225 2654 Sed
2248 2617 2461 2654 iustificatio
2480 2618 2523 2654 fit

1463 2683 1532 2719 per
1550 2670 1725 2717 gratiam;
1747 2670 1959 2707 secundum
1979 2670 2069 2706 illud
2087 2671 2199 2707 Rom.
2217 2682 2251 2706 111
2271 2669 2308 2706 *z
2328 2670 2525 2718 Iustificati

1461 2724 1582 2772 gratis
1603 2734 1676 2771 per
1701 2723 1868 2772 gratiam
1889 2723 2013 2771 ipsius.
2045 2723 2145 2770 Ergo
2167 2723 2280 2759 etiam'
2305 2723 2424 2759 homo
2443 2723 2519 2760 iam

1462 2776 1607 2812 habens
1627 2775 1784 2823 gratiam
1805 2775 1946 2823 indiget
1965 2776 2039 2812 alio
2060 2775 2196 2812 auxilio
2216 2775 2355 2823 gratiae
2380 2776 2428 2812 ad
2447 2776 2522 2812 hoc

1462 2828 1566 2877 quod
1594 2835 1694 2865 recte
1721 2828 1838 2864 vivat.

1515 2882 1740 2918 RssspoNnEo
1758 2892 1941 2918 chaNDuM
1961 2881 2077 2929 quod,
2098 2880 2190 2916 sicut
2208 2892 2322 2928 supra
2340 2880 2360 2902 ’¹‘
2379 2880 2520 2917 dictum

1462 2942 1538 2980 est,
1566 2934 1685 2971 homo
1715 2934 1763 2971 ad
1791 2941 1891 2970 recte
1919 2933 2130 2970 vivendum
2160 2932 2356 2981 dupliciter
2383 2931 2520 2970 auxilio

1461 2987 1534 3024 Dei
1561 2986 1712 3034 indiget.
1743 2986 1830 3023 Uno
1854 2985 2011 3033 quidem
2031 2985 2162 3031 modo,
2183 2992 2369 3032 quantum
2389 2986 2437 3022 ad
2457 2985 2521 3022 ali-

1461 3039 1567 3088 quod
1594 3039 1783 3075 habituale
1810 3039 1971 3084 donum,
2001 3049 2069 3086 per
2096 3037 2200 3086 quod
2228 3045 2360 3075 natura
2386 3038 2522 3074 huma-

1461 3104 1510 3129 na
1539 3099 1716 3139 corrupta
1744 3098 1912 3136 sanetur;
1943 3097 1978 3126 et
1997 3089 2110 3127 etiam
2135 3097 2265 3127 sanata
2285 3090 2454 3127 elevetur
2472 3091 2521 3128 ad

1461 3143 1699 3193 operandum
1725 3154 1843 3191 opera
1869 3142 2060 3179 meritoria
2087 3142 2187 3179 vitae
2207 3150 2395 3192 aeternae,
2421 3155 2520 3191 quae

1462 3196 1647 3234 excedunt
1669 3195 1956 3244 proportionem
1986 3202 2153 3232 naturae.
2181 3195 2266 3232 Alio
2287 3196 2405 3234 modo
2425 3195 2520 3233 indi-

1461 3257 1521 3297 get
1548 3249 1667 3285 homo
1696 3247 1833 3285 auxilio
1862 3247 2003 3295 gratiae
2035 3255 2077 3284 ut
2096 3259 2118 3284 a
2137 3248 2222 3284 Deo
2250 3235 2452 3286 moxkatur
2471 3249 2519 3286 ad

1461 3301 1664 3349 agendum.
1695 3301 1892 3347 Quantum
1912 3300 2021 3348 igitur
2039 3300 2087 3337 ad
2105 3300 2272 3349 primurn
2292 3300 2417 3338 auxilii
2437 3313 2518 3338 mo-

1462 3356 1575 3401 dum,
1605 3355 1724 3390 horno
1758 3353 1796 3390 in
1824 3353 1939 3401 gratia
1968 3353 2128 3390 existens
2155 3365 2234 3390 non
2271 3353 2411 3402 indiget
2446 3354 2518 3391 alio

2551 672 2559 680 '
2576 671 2610 693 Cf.
2628 677 2691 693 num.
2706 678 2747 693 vu.

2551 2421 2559 2428 ¹
2575 2419 2631 2446 Cap.
2647 2425 2710 2441 xxvr.

2549 2682 2559 2692 ⁸
2575 2681 2640 2703 Vers.
2655 2688 2691 2709 24.

2548 2894 2559 2903 ⁰
2573 2894 2623 2914 Art.
2638 2899 2658 2920 2,
2673 2899 2692 2921 3,
2711 2893 2734 2914 6.
