2840 4010
908 186 1171 232 QUAESTIO
1201 188 1374 234 LXXVI,
1403 188 1695 225 ARTICULUS
1724 189 1776 225 IV
2371 188 2416 234 57

261 268 348 302 patet
369 271 407 292 ex
428 261 499 302 ipso
524 269 722 302 argumento,
747 264 797 294 cui
821 274 876 304 per
898 265 975 295 haec
991 265 1058 295 sola
1069 266 1162 296 verba
1179 265 1317 296 satisfieri

261 306 339 336 vult.

317 348 370 379 XI.
394 348 445 378 Ad
467 349 530 379 hoc
553 349 667 380 dicitur
689 351 777 391 quod
799 352 892 382 verba
915 351 1034 382 litterae
1052 358 1186 391 possunt
1201 351 1317 391 suscipi

261 391 295 422 in
318 391 437 432 duplici
461 402 564 423 sensu.
589 394 712 424 Primus
737 401 791 430 est,
816 394 905 435 quod
927 395 1081 435 quidquid
1105 401 1150 424 est
1173 395 1317 424 volunta-

261 435 355 471 rium,
380 442 427 466 est
449 435 608 466 obiectum
631 437 824 482 intentionis.
842 438 882 468 Et
897 438 948 468 hic
963 448 1073 468 sensus
1090 443 1135 467 est
1151 437 1264 467 falsus:
1282 445 1317 468 ut

262 485 348 519 patet
362 488 399 509 ex
413 479 585 510 rationibus
596 481 764 512 voluntarii
779 488 809 511 et
824 481 1015 511 intentionis.
1032 480 1167 510 Intentio
1180 490 1318 520 namque

263 529 310 553 est
331 521 412 558 finis,
435 523 652 554 voluntarium
675 531 782 555 autem
805 531 852 554 est
866 523 994 554 effectus
1012 533 1031 553 a
1048 523 1227 554 voluntate:
1252 533 1316 554 non

263 572 390 606 oportet
406 573 512 597 autem
527 568 617 607 quod
632 568 787 608 quidquid
803 574 849 598 est
863 577 882 597 a
896 567 1067 603 voluntate,
1085 567 1124 597 sit
1145 566 1216 597 finis
1240 567 1316 597 eius.

261 609 394 649 Propter
408 611 496 650 quod
512 611 656 651 superius
672 611 792 641 dictum
810 617 865 652 est,
883 617 913 640 et
928 611 1016 646 bene,
1033 611 1122 651 quod
1141 620 1206 641 non
1222 620 1318 640 omne

262 653 478 684 voluntarium
501 653 666 694 specificat,
683 661 741 684 etc.
756 671 778 677 -
794 653 956 684 Secundus
971 660 1026 690 est,
1051 655 1140 694 quod
1163 654 1319 695 quidquid

263 702 310 727 est
331 697 557 733 voluntarium,
582 698 664 728 cadit
686 698 745 727 sub
768 696 872 738 aliqua
895 697 1078 728 intentione.
1102 698 1143 728 Et
1166 698 1227 728 hoc
1243 708 1318 738 sup-

263 740 394 780 ponitur
408 741 441 771 in
455 741 567 777 littera,
583 748 615 771 et
629 747 751 771 constat
770 750 836 771 esse
850 740 1064 772 verissimum:
1090 747 1215 782 oportet
1230 751 1318 771 nam-

263 793 326 824 que
350 793 446 814 omne
469 795 487 814 a
509 784 671 814 voluntate
702 793 867 820 emanans,
891 785 931 814 ad
953 784 1050 815 finem
1073 785 1212 826 aliquem
1234 784 1318 821 fieri;

264 836 338 858 cum
360 826 431 858 finis
454 827 493 858 sit
515 827 677 858 obiectum
694 828 876 858 voluntatis.

317 871 378 902 Sed
390 871 452 901 hoc
466 881 533 901 non
549 871 696 902 satisfacit
710 871 838 902 litterae.
854 872 937 909 Quia
950 882 1091 912 expresse
1103 871 1216 902 dicitur
1231 872 1319 912 quod

263 921 419 955 quantum
434 921 574 945 remanet
595 915 633 944 de
649 915 839 951 voluntario,
856 922 979 946 tantum
1002 917 1039 946 de
1054 916 1228 946 intentione
1243 925 1318 955 pec-

263 957 338 993 cati,
364 964 394 988 et
415 957 488 988 ideo
512 968 578 988 non
602 965 648 988 est
670 968 726 998 per
748 959 900 990 accidens.
925 959 1032 990 Refert
1055 970 1128 999 ergo
1156 959 1257 990 littera
1279 960 1319 989 ad

261 1000 358 1039 idem,
382 1000 498 1032 scilicet
521 1002 560 1031 ad
583 999 757 1042 peccatum,
781 1003 997 1034 voluntarium
1020 1010 1050 1034 et
1071 1003 1239 1034 intentum.

1426 267 1475 296 Ad
1491 267 1551 297 hoc
1567 267 1679 298 dicitur
1690 267 1779 307 quod
1793 267 1894 298 littera
1906 277 1971 298 non
1989 268 2061 298 dicit
2072 273 2225 308 quantum
2239 274 2268 298 et
2280 273 2420 299 tantum:

1371 310 1425 339 sed
1443 312 1629 350 inquantum
1646 318 1676 341 et
1691 312 1859 342 intantum.
1879 312 1960 342 Inter
1973 321 2054 352 quae
2074 319 2119 343 est
2134 318 2219 342 tanta
2239 312 2418 348 differentia,

1371 354 1458 392 quod
1473 354 1573 393 prima
1588 355 1682 384 verba
1697 355 1870 394 important
1883 355 2023 395 primum
2039 365 2176 391 sensum,
2189 356 2325 386 secunda
2338 362 2420 386 stant

1372 405 1445 425 cum
1473 398 1623 428 secundo.
1655 398 1751 434 Quod
1780 405 1886 429 autem
1913 399 2086 430 reserantur
2113 400 2152 429 ad
2174 399 2276 435 idem,
2305 399 2420 429 scilicet

1372 447 1549 478 peccatum,
1573 441 1772 471 verissimum
1800 449 1860 472 est:
1889 442 1963 482 quia
1986 442 2011 472 si
2033 442 2066 472 in
2089 443 2252 482 ignorante
2281 449 2420 473 remanet

1371 482 1585 513 voluntarium
1601 485 1729 523 peccati,
1739 492 1864 525 oportet
1878 486 2052 516 voluntarie
2066 486 2166 516 inesse
2182 486 2420 517 conversionem

1372 525 1411 554 ad
1428 526 1557 565 aliquod
1581 527 1743 558 dissonans
1767 529 1828 568 legi
1851 536 2004 566 aeternae;
2022 530 2109 570 quod
2125 537 2171 560 est
2193 530 2306 560 habere
2320 530 2419 560 inten-

1372 568 1492 598 tionem
1507 571 1636 608 peccati.
1656 571 1716 601 Sed
1736 581 1771 601 ex
1791 582 1828 602 eo
1845 573 1933 612 quod
1952 573 1983 603 in
1999 573 2051 604 tali
2066 573 2202 609 materia,
2220 573 2334 604 scilicet
2348 583 2420 613 pec-

1373 611 1442 647 cati,
1467 613 1555 651 quod
1578 621 1668 644 sonat
1691 615 1902 653 specificatum
1924 617 1962 647 ab
1985 617 2117 653 intento,
2137 617 2292 657 sequitur,
2316 617 2352 647 Si
2375 622 2421 648 est

1373 655 1599 693 voluntarium,
1624 662 1670 687 est
1693 659 1856 695 intentum,
1881 670 1946 690 non
1969 661 2110 701 sequitur
2124 661 2315 700 simpliciter,
2330 661 2358 690 A
2374 666 2421 691 est

1373 698 1599 735 voluntarium,
1624 710 1702 740 ergo
1726 702 1888 733 intentum.
1913 703 1992 734 Sunt
2015 705 2100 734 enim
2123 705 2223 735 multa
2244 704 2276 734 in
2300 714 2366 735 uno
2390 711 2420 735 et

1373 741 1486 772 eodem
1498 749 1626 782 peccato
1637 744 1812 774 voluntaria
1823 746 1914 781 mala,
1927 757 2027 777 unum
2040 754 2144 778 tamen
2156 748 2321 784 intentum,
2336 748 2420 778 unde

1373 791 1419 815 est
1434 787 1565 825 species:
1582 793 1618 816 ut
1632 794 1717 826 patet
1732 788 1764 817 in
1781 790 1977 827 procurando
1991 791 2132 821 adulterii
2149 801 2348 822 consensum.
2364 792 2421 821 Est

1373 829 1457 858 enim
1481 829 1523 859 ibi
1543 829 1576 859 in
1595 830 1704 869 primis
1720 831 1838 861 aversio
1854 842 1872 862 a
1886 833 1954 872 lege
1976 834 2034 863 Dei
2057 841 2087 864 et
2109 835 2238 871 ratione,
2262 841 2292 865 et
2315 835 2418 865 suasio

1373 872 1541 912 spiritualis
1558 874 1682 910 mortis,
1699 881 1729 905 et
1744 883 1933 906 nocumenta
1949 886 2123 916 poenarum
2138 878 2259 914 inferni,
2281 885 2311 908 et
2326 888 2420 918 appe-

1372 916 1447 946 titus
1463 917 1652 947 delectabilis
1673 918 1779 948 alieni:
1805 926 1834 948 et
1854 920 1997 959 quamvis
2020 921 2127 951 omnia
2150 922 2211 952 sint
2233 922 2418 957 voluntaria,

1373 960 1411 989 ab
1428 959 1541 990 ultimo
1565 967 1698 997 tantum,
1715 962 1802 1001 quod
1819 970 1864 992 est
1879 973 1934 1002 per
1948 973 1980 993 se
2002 963 2168 1000 intentum,
2193 972 2279 995 actus
2302 965 2420 1005 specifi-

1372 1010 1490 1039 cantur,
1514 1003 1557 1034 ita
1580 1005 1669 1044 quod
1691 1005 1811 1045 reliqua
1830 1007 1887 1036 sub
1908 1006 1965 1036 hac
1986 1007 2156 1038 intentione
2181 1009 2420 1039 concluduntur.

1043 1155 1357 1197 ARTICULUS
1387 1157 1657 1206 QUARTUS

871 1246 1027 1279 UTRUM
1049 1247 1320 1278 IGNORANTm
1343 1248 1557 1279 DIMINUAT
1580 1249 1815 1280 PECCATUM

480 1325 571 1358 Supra,
591 1333 636 1358 qu.
648 1333 736 1356 unu,
757 1331 805 1352 art.
819 1325 848 1357 6;
868 1327 900 1351 11·
919 1326 1035 1359 11¹·,·qu.
1047 1334 1097 1355 ux,
1117 1330 1164 1351 art.
1177 1334 1203 1358 4,
1223 1326 1254 1350 ad
1277 1333 1302 1356 ις
1322 1327 1341 1351 11
1361 1327 1442 1355 Sent„
1463 1327 1520 1352 dist.
1533 1335 1596 1358 xm,
1616 1335 1660 1360 qu.
1678 1336 1710 1359 11,
1730 1334 1776 1354 art.
1792 1336 1820 1360 23
1841 1328 1882 1354 De
1900 1329 1982 1358 Malo,
2002 1337 2045 1362 qu.
2059 1338 2100 1360 111,
2119 1335 2166 1356 art.
2180 1330 2208 1362 8;

934 1360 976 1387 De
994 1361 1057 1387 Div.
1070 1362 1157 1391 Nom„
1178 1369 1233 1393 cap.
1249 1369 1283 1390 w,
1302 1362 1360 1387 lect.
1373 1369 1437 1392 xxm
1457 1363 1479 1385 V
1499 1363 1593 1392 Ethic„
1612 1364 1670 1388 lect.
1682 1371 1735 1388 τω.

312 1463 359 1491 ,,,;
382 1463 447 1494 »m
474 1459 497 1484 n
517 1459 689 1489 QUARTUM
707 1460 760 1485 sm
780 1461 1018 1494 Paocamrua.
1038 1448 1197 1486 Videtur
1215 1450 1318 1496 quod

311 1496 381 1548 '1⁵'353
400 1496 449 1555 ‘³⁴53'
475 1499 683 1547 ignorantia
697 1513 775 1538 non
791 1501 975 1538 diminuat
992 1509 1203 1550 peccatum.
1225 1502 1319 1538 Illud

325 1574 327 1577 f
347 1566 404 1603 s.
426 1542 447 1589 ζ
477 1551 579 1589 enirn
607 1553 711 1601 quod
740 1561 795 1590 est
822 1566 1026 1592 commune
1049 1554 1089 1591 in
1107 1553 1214 1591 omni
1231 1566 1319 1602 pec-

402 1616 419 1627 '1
446 1613 468 1637 a
498 1613 571 1652 ato,
593 1617 670 1642 non
691 1606 862 1643 diminuit
878 1614 1089 1656 peccatum.
1120 1606 1196 1644 Sed
1216 1606 1320 1654 igno-

263 1655 383 1707 rantia
410 1664 466 1694 est
484 1658 700 1695 communis
719 1658 757 1695 in
777 1660 882 1696 omni
901 1666 1079 1709 peccato:
1110 1659 1198 1696 dicit
1216 1659 1317 1696 enim

215 1721 236 1760 ζ
262 1702 535 1760 Philosophus,
565 1710 604 1748 in
631 1711 681 1747 III
707 1712 826 1748 Ethic.
851 1711 886 1758 *,
916 1713 1021 1760 quod
1049 1713 1170 1749 omnis
1197 1712 1319 1749 malus

263 1767 319 1798 est
342 1761 535 1811 ignorans.
565 1763 667 1811 Ergo
696 1763 903 1812 ignorantia
931 1777 1009 1802 non
1039 1764 1212 1802 diminuit
1232 1777 1319 1814 pec-

267 1820 406 1852 catum.
1295 1831 1304 1837 Χ

317 1875 353 1909 2,
375 1865 606 1915 PRAETEREA,
631 1877 830 1917 peccatum
851 1868 1021 1907 additum
1047 1877 1205 1919 peccato
1234 1870 1320 1906 facit

263 1919 387 1971 maius
414 1927 626 1969 peccatum.
658 1921 734 1958 Sed
762 1921 843 1970 ipsa
871 1921 1079 1970 ignorantia
1107 1930 1162 1960 est
1183 1935 1317 1971 pecca-

262 1974 364 2020 tu'm,
392 1981 434 2010 ut
466 1973 609 2010 dictum
643 1982 698 2010 est
720 1973 751 2011 ³¹⁸.
781 1975 884 2022 Ergo
916 1987 995 2013 non
1027 1975 1201 2013 diminuit
1231 1987 1318 2024 pec-

264 2031 403 2066 catum.

319 2078 354 2115 3.
383 2078 623 2125 PRAETEREA,
654 2091 732 2115 non
761 2087 816 2116 est
848 2079 1019 2116 eiusdem
1052 2092 1255 2128 aggravare
1285 2088 1321 2117 et

265 2129 477 2168 diminuere
491 2138 704 2180 peccatum.
727 2132 801 2169 Sed
818 2131 1027 2180 ignorantia
1041 2141 1219 2181 aggravat
1232 2144 1319 2182 pec-

229 2202 235 2208 -
264 2189 412 2220 catum:
442 2183 623 2232 quoniam
651 2196 765 2233 super
792 2184 882 2222 illud
904 2185 1077 2234 Apostoli
1095 2185 1127 2232 *,
1155 2187 1321 2236 Ignoras

263 2235 442 2285 quoniam
470 2237 680 2286 benignitas
705 2237 789 2283 Dei,
816 2245 900 2284 etc„
929 2237 1018 2275 dicit
1035 2238 1261 2275 Ambrosius
1282 2240 1318 2276 *z

268 2288 498 2326 Gravsssime
524 2301 682 2337 peccas,
709 2291 743 2326 si
772 2290 940 2339 ignoras.
975 2291 1077 2338 Ergo
1111 2291 1320 2339 ignorantia

263 2346 349 2378 non
371 2341 545 2378 diminuit
570 2349 783 2390 peccatum.

283 2434 286 2437 ,
315 2404 354 2440 4.
374 2395 606 2440 PRAETEREA,
623 2395 654 2431 si
669 2394 794 2443 aliqua
811 2394 1019 2442 ignorantia
1039 2395 1214 2434 diminuit
1232 2410 1320 2446 pec-

265 2453 402 2494 catum,
430 2447 506 2483 hoc
533 2447 699 2484 maxime
725 2447 876 2485 videtur
896 2448 943 2484 de
962 2447 1023 2485 illa
1044 2460 1141 2497 quae
1161 2450 1322 2488 totaliter

264 2498 359 2536 tollit
392 2511 507 2536 usum
543 2500 709 2537 rationis.
750 2500 827 2537 Sed
861 2500 1080 2551 huiusmodi
1111 2502 1320 2549 ignorantia

264 2563 344 2589 non
379 2552 517 2589 minuit
551 2560 772 2601 peccatum,
806 2553 874 2590 sed
907 2553 1026 2601 magis
1063 2562 1195 2602 auget:
1234 2555 1322 2593 dicit

103 2627 111 2635 -
139 2627 147 2640 .
168 2627 184 2660 .-
210 2620 240 2660 ‘.'
266 2604 368 2642 enim
399 2605 675 2653 Philosophus,
705 2605 743 2642 in
772 2607 821 2642 111
849 2606 968 2642 Ethic.
994 2606 1030 2653 ²¹⁸,
1059 2608 1162 2655 quod
1197 2608 1342 2645 ebrius·

265 2663 430 2694 meretur
460 2658 622 2706 duplices
653 2658 939 2695 maledictiones.
978 2659 1080 2707 Ergo
1112 2659 1321 2707 ignorantia

265 2721 344 2746 non
372 2709 507 2747 minuit
533 2717 743 2759 peccatum.

321 2762 395 2799 San
414 2774 571 2810 CONTRA,
592 2763 774 2812 quidquid
795 2771 850 2800 est
868 2763 961 2800 ratio
985 2764 1215 2802 remissionis
1235 2778 1322 2815 pec-

267 2814 349 2861 cati,
380 2815 529 2853 alleviat
555 2823 767 2864 peccatum.
798 2817 874 2853 Sed
893 2816 1101 2864 ignorantia
1121 2825 1176 2854 est
1194 2819 1321 2856 huius-

266 2866 389 2904 modi:
413 2875 455 2904 ut
472 2875 575 2916 patet
593 2870 607 2904 Ι
627 2869 679 2905 ad
698 2869 793 2905 Tim.
814 2881 825 2905 1
843 2868 879 2906 *z
908 2869 1213 2908 Misericordiam
1235 2883 1320 2909 con-

264 2926 410 2957 secutus
426 2931 522 2966 sum,
551 2921 639 2969 quia
667 2921 850 2971 ignorans
871 2922 958 2970 feci.
989 2922 1090 2970 Ergo
1113 2923 1322 2971 ignorantia

266 2971 449 3020 diminuit,
477 2974 540 3010 vel
568 2973 717 3011 alleviat
741 2982 953 3023 peccatum.

318 3026 543 3063 Responnzo
571 3037 756 3064 DICENDUM
783 3028 900 3076 quod,
929 3027 1017 3076 quia
1045 3040 1160 3065 omne
1188 3040 1321 3078 pecca-

267 3085 349 3116 tum
378 3086 434 3115 est
459 3078 728 3126 voluntarium,
757 3079 942 3117 intantum
971 3081 1180 3128 ignorantia
1198 3088 1323 3130 potest

267 3131 477 3168 diminuere
505 3138 716 3179 peccatum,
744 3132 970 3180 inquantum
996 3133 1170 3170 diminuit
1185 3134 1322 3171 volun-

265 3184 424 3221 tarium:
445 3184 475 3221 si
490 3191 617 3220 autem
631 3184 887 3221 voluntarium
905 3197 985 3222 non
1003 3185 1196 3233 diminuat,
1217 3186 1320 3223 nullo

266 3236 386 3274 modo
411 3237 593 3274 diminuet
615 3243 825 3285 peccatum.
854 3237 1099 3275 Manifestum
1120 3246 1175 3276 est
1193 3245 1320 3276 autem

266 3290 372 3337 quod
399 3290 610 3338 ignorantia
637 3301 736 3337 quae
755 3289 914 3326 totaliter
931 3301 954 3326 a
971 3297 1128 3338 peccato
1158 3298 1321 3338 excusat,

1375 1449 1519 1497 minuit,
1541 1450 1607 1487 sed
1636 1451 1794 1487 omnino
1809 1452 1951 1487 aufert.
1983 1452 2193 1499 Ignorantia
2211 1465 2304 1490 vero
2325 1466 2422 1501 quae

1374 1513 1451 1538 non
1472 1510 1526 1538 est
1549 1515 1662 1539 causa
1680 1503 1834 1551 peccati,
1856 1503 1923 1540 sed
1943 1505 2238 1542 concomitanter
2257 1518 2296 1542 se
2310 1507 2424 1542 habet

1373 1555 1420 1591 ad
1448 1563 1668 1603 peccatum,
1698 1568 1769 1592 nec
1801 1556 1935 1592 minuit
1966 1564 2164 1605 peccatum
2200 1570 2269 1594 nec
2301 1566 2421 1606 auget.

1374 1607 1437 1643 Illa
1473 1607 1580 1655 igitur
1612 1608 1692 1644 sola
1726 1608 1934 1655 ignorantia
1970 1617 2093 1658 potest
2127 1618 2325 1658 peccatum
2355 1611 2423 1647 mi-

1373 1672 1500 1706 nuere,
1531 1672 1629 1707 quae
1659 1668 1714 1696 est
1741 1673 1853 1697 causa
1880 1662 2035 1709 peccati,
2057 1670 2093 1698 et
2116 1670 2245 1699 tamen
2264 1663 2423 1700 totaliter

1373 1724 1394 1748 a
1421 1721 1578 1760 peccato
1606 1725 1683 1749 non
1713 1721 1876 1750 excusat.

1426 1765 1616 1812 Contingit
1649 1773 1775 1802 autem
1811 1767 2039 1815 quandoque
2072 1768 2174 1816 quod
2207 1768 2288 1804 talis
2319 1768 2424 1815 igno-

1374 1817 1498 1854 rantia.
1512 1818 1648 1854 directe
1678 1825 1714 1854 et
1739 1830 1807 1867 per
1826 1831 1866 1855 se
1886 1826 1940 1855 est
1957 1819 2189 1856 voluntaria:
2219 1820 2312 1856 sicut
2336 1833 2422 1857 cum

1373 1869 1503 1918 aliquis
1524 1883 1592 1907 sua
1611 1879 1745 1918 sponte
1773 1871 1891 1907 nescit
1918 1871 2067 1920 aliquid,
2097 1880 2137 1908 ut
2165 1872 2314 1909 liberius
2337 1885 2423 1921 pec-

1373 1930 1441 1959 cet.
1462 1924 1511 1959 Et
1529 1923 1609 1959 talis
1628 1923 1837 1971 ignorantia
1849 1923 1999 1961 videtur
2017 1937 2154 1972 augere
2167 1925 2423 1962 voluntarium

1374 1983 1409 2011 et
1427 1983 1646 2023 peccatum:
1677 1988 1723 2012 ex
1742 1976 1950 2013 intensione
1972 1982 1988 1998 ‘²
2017 1977 2117 2014 enim
2144 1978 2347 2014 voluntatis
2375 1978 2423 2014 ad

1372 2028 1609 2076 peccandum
1627 2029 1802 2077 provenit
1817 2029 1920 2077 quod
1935 2029 2067 2077 aliquis
2081 2031 2162 2066 vult
2177 2030 2300 2066 subire
2319 2031 2423 2078 igno-

1374 2081 1513 2117 rantiae
1544 2080 1739 2128 damnum,
1767 2089 1922 2130 propter
1949 2082 2156 2119 libertatem
2183 2083 2376 2131 peccandi.
2398 2104 2421 2110 -

1375 2133 1614 2181 Quandoque
1633 2146 1726 2170 vero
1752 2134 1960 2181 ignorantia
1988 2147 2086 2182 quae
2115 2142 2169 2171 est
2197 2147 2309 2172 causa
2335 2148 2423 2184 pec-

1374 2186 1455 2231 cati,
1485 2198 1563 2222 non
1591 2194 1647 2222 est
1670 2186 1808 2223 directe
1827 2187 2050 2234 voluntaria,
2071 2187 2138 2224 sed
2165 2187 2343 2224 indirecte
2362 2189 2424 2224 vel

1373 2251 1441 2287 per
1454 2239 1645 2275 accidens:
1664 2246 1756 2287 puta
1776 2251 1862 2275 cum
1883 2239 2015 2288 aliquis
2034 2252 2112 2276 non
2125 2241 2207 2276 vult
2221 2239 2236 2269 β
2254 2241 2424 2277 laborare

1373 2291 1411 2328 in
1431 2291 1565 2338 studio,
1588 2303 1632 2328 ex
1652 2303 1728 2340 quo
1748 2291 1916 2340 sequitur
1944 2304 2031 2328 eum
2060 2304 2142 2328 esse
2170 2292 2423 2340 ignorantem3

1373 2345 1435 2381 vel
1455 2356 1542 2380 cum
1562 2344 1695 2393 aliquis
1714 2344 1795 2381 vult
1817 2344 1946 2381 bibere
1965 2349 1981 2372 Υ
2008 2343 2141 2398 vinum
2161 2345 2422 2391 immoderate,

1375 2409 1419 2433 ex
1447 2409 1523 2445 quo
1551 2396 1719 2445 sequitur
1747 2409 1834 2433 eum
1862 2396 2038 2434 inebriari
2066 2405 2102 2433 et
2125 2397 2346 2434 discretione
2367 2410 2425 2434 ca-

1374 2462 1466 2486 rere.
1496 2450 1545 2485 Et
1569 2449 1650 2486 talis
1668 2449 1878 2496 ignorantia
1897 2449 2068 2486 diminuit
2093 2450 2360 2497 voluntarium,
2391 2458 2426 2486 et

1373 2515 1442 2551 per
1461 2504 1697 2549 consequens
1715 2509 1926 2550 peccatum.
1949 2503 2049 2538 Cum
2069 2502 2170 2538 enim
2189 2502 2327 2551 aliquid
2341 2514 2423 2539 non

1375 2555 1612 2602 cognoscitur
1639 2566 1721 2590 esse
1747 2562 1959 2602 peccatum,
1989 2567 2066 2591 non
2089 2562 2212 2603 potest
2231 2555 2302 2591 dici
2322 2555 2426 2602 quod

1373 2608 1547 2644 voluntas
1567 2607 1704 2644 directe
1726 2614 1761 2643 et
1778 2619 1847 2655 per
1861 2619 1900 2644 se
1919 2607 2057 2644 feratur
2075 2607 2113 2644 in
2130 2614 2341 2655 peccatum,
2358 2607 2425 2643 sed

1374 2673 1442 2708 per
1461 2659 1656 2696 accidens:
1685 2660 1787 2696 unde
1817 2667 1872 2696 est
1898 2659 1948 2696 ibi
1976 2659 2100 2696 minor
2124 2667 2372 2707 contemptus,
2390 2666 2426 2695 et

1375 2725 1442 2761 per
1470 2724 1707 2760 consequens
1735 2712 1860 2748 minus
1886 2719 2097 2760 peccatum.

1427 2767 1485 2802 An
1510 2776 1646 2801 PRIMUM
1673 2776 1771 2801 ano
1795 2776 1978 2802 mCENDUM
2005 2764 2109 2812 quod
2137 2763 2342 2811 ignorantia
2368 2775 2425 2799 se-

1377 2818 1542 2854 cundum
1569 2829 1684 2865 quam
1708 2817 1832 2854 omnis
1852 2818 1974 2854 malus
1994 2825 2049 2854 est
2067 2817 2253 2864 ignorans,
2274 2827 2351 2852 non
2371 2822 2425 2851 est

1376 2882 1488 2907 causa
1506 2869 1667 2918 peccati;
1692 2869 1758 2906 sed
1778 2869 1918 2918 aliquid
1939 2881 2173 2916 consequens
2193 2868 2240 2905 ad
2261 2879 2423 2915 causam,

1375 2923 1512 2960 scilicet
1540 2923 1587 2960 ad
1615 2921 1832 2971 passionem
1851 2923 1914 2959 vel
1930 2922 2101 2958 habitum
2129 2921 2367 2957 inclinantem
2386 2920 2425 2958 in

1374 2983 1573 3024 peccatum
1592 2974 1623 3011 ³¹².

1427 3030 1487 3065 AD
1515 3039 1703 3064 SECUNDUM
1726 3038 1907 3063 memnon
1927 3026 2031 3074 quod
2050 3032 2247 3074 peecatum
2266 3031 2423 3073 peccato

1376 3081 1546 3118 additum
1566 3079 1653 3116 facit
1670 3080 1777 3128 plura
1795 3086 1960 3128 peccata,
1981 3090 2059 3115 non
2077 3085 2204 3114 tamen
2223 3077 2309 3114 facit
2328 3089 2425 3114 sem-

1375 3146 1444 3182 per
1462 3132 1584 3169 maius
1602 3138 1819 3180 peccatum:
1840 3131 1927 3180 quia
1945 3131 2038 3167 forte
2058 3142 2136 3167 non
2155 3129 2369 3167 coincidunt
2386 3129 2426 3166 in

1376 3186 1476 3223 idem
1497 3191 1708 3234 peccatum,
1729 3183 1796 3220 sed
1815 3190 1900 3220 sunt
1926 3184 2045 3232 plura.
2074 3183 2123 3219 Et
2139 3189 2264 3231 potest
2283 3181 2426 3219 contin-

1375 3250 1476 3286 gere,
1496 3237 1526 3274 si
1545 3236 1712 3285 primum
1737 3235 1919 3272 diminuat
1942 3235 2164 3282 secundum,
2186 3235 2290 3283 quod
2309 3235 2424 3271 ambo

1376 3290 1488 3327 simul
1515 3301 1593 3326 non
1620 3289 1784 3325 habeant
1811 3294 1952 3325 tantam
1973 3287 2193 3336 gravitatem
2213 3295 2393 3336 quantam
2411 3285 2425 3308 δ

267 3341 356 3390 quia
386 3342 547 3379 totaliter
572 3342 830 3379 voluntarium
862 3341 974 3389 tollit,
1007 3349 1205 3391 peccatum
1243 3352 1321 3380 non
1346 3342 1350 3393 Ι
1375 3354 1495 3379 unum
1524 3342 1647 3378 solum
1675 3341 1841 3378 haberet.
1872 3340 1975 3377 Sicut
2000 3339 2248 3377 homicidium
2275 3339 2425 3387 gravius

320 3455 348 3489 α)
368 3455 521 3481 intensione.
540 3470 560 3475 -
579 3456 724 3481 intentione
743 3455 938 3488 PCEFGIKpH.

320 3489 346 3524 β)
365 3497 416 3516 non
435 3492 502 3516 vult.
518 3504 538 3511 -—
556 3492 612 3516 vult
630 3498 681 3516 non
700 3490 982 3523 ABEFGIKLpl-lsCD.

408 3545 516 3569 Susiana
535 3544 635 3568 TrmoL.
654 3544 686 3568 D.
699 3543 812 3567 ΤΗοΜΛΕ
825 3543 856 3567 Τ.
876 3544 917 3568 lv.

1428 3455 1454 3487 γ)
1474 3454 1568 3479 bibere.
1583 3467 1601 3473 -
1620 3454 1715 3479 habere
1727 3453 1930 3486 ACFGpBDHh
1949 3460 2004 3479 ease
2023 3453 2190 3486 ignorantem
2201 3470 2237 3479 ...
2251 3461 2309 3478 eum
2328 3461 2380 3478 om.
2395 3454 2425 3478 L.

1428 3488 1452 3522 ὃ)
1473 3493 1574 3514 tantam
1593 3489 1754 3522 gravitatem
1773 3491 1908 3521 quantam.
1926 3503 1945 3508 —
1963 3491 2046 3514 totam
2064 3488 2223 3522 gravitatem
2242 3496 2320 3521 quam
2339 3488 2390 3512 EF.

2270 3541 2286 3566 8

2451 2974 2462 2984 ⁸
2476 2974 2503 2995 D.
2519 2974 2565 3000 7¹8·
