2840 4010
965 187 1229 234 QUAESTIO
1259 189 1434 236 LXXVI,
1462 187 1757 225 ARTICULUS
1788 188 1818 224 11
2399 184 2443 221 53

941 309 1271 342 Commentaria
1294 308 1542 341 Garamans
1564 309 1763 342 Caietam'

280 405 397 468 Iud
347 394 478 425 articulo
499 395 602 435 primo
622 395 819 446 quaestionis
830 396 1190 436 septuagesimaesextae,
1210 395 1334 425 adverte
1389 395 1487 431 sitiva‚
1512 396 1674 427 manifeste
1697 396 1792 426 habes
1811 406 1907 437 quare
1930 395 2105 435 ignorantia
2127 395 2257 435 ponitur
2280 404 2372 424 causa
2387 404 2443 434 per

308 438 397 479 quod
408 461 415 474 ‚
441 448 514 469 cum
542 438 574 469 in
597 439 690 470 titulo
714 439 883 480 quaeritur,
907 447 938 470 et
960 439 1168 479 postmodum
1191 438 1334 468 determi-
1389 439 1530 469 accidens
1554 440 1637 470 eius:
1663 450 1728 470 non
1751 450 1806 470 ens
1830 440 1914 470 enim
1942 449 2008 469 non
2032 446 2079 470 est
2100 448 2156 479 per
2178 448 2210 469 se
2234 448 2328 469 causa
2351 438 2440 469 entis.

277 481 370 513 natur
391 483 481 523 quod
504 483 680 522 ignorantia
703 490 749 514 est
772 493 865 514 causa
879 482 1014 532 peccati,
1031 491 1098 512 non
1114 481 1249 511 sumitur
1263 491 1335 520 pec-
1389 482 1430 512 Et
1452 483 1581 521 ponitur
1600 493 1692 514 causa
1707 490 1743 514 ut
1763 493 1928 514 removens
1943 483 2122 523 prohibens,
2139 492 2194 513 seu
2217 482 2352 512 remotio
2369 492 2442 522 pro-

277 533 384 557 catum
406 536 465 566 pro
488 526 733 565 inordinatione,
757 536 815 557 nec
834 535 893 566 pro
909 533 980 556 actu
1003 526 1036 555 in
1059 535 1171 565 genere
1195 531 1333 560 naturae,
1389 525 1536 556 bibentis:
1562 526 1637 566 quia
1659 527 1739 557 sicut
1761 527 1860 567 gravi,
1884 527 2035 558 inclinato
2065 527 2104 557 ad
2131 533 2258 556 motum
2281 526 2440 562 deorsum,

186 591 192 601 ‚
244 589 250 595 ·
278 570 333 600 sed
357 569 530 601 formaliter
552 581 610 611 pro
634 570 704 610 ipso
728 577 799 601 actu
829 569 960 610 peccati.
985 569 1051 598 lam
1074 568 1159 598 enim
1175 568 1192 587 *
1215 568 1335 598 dictum
1390 569 1504 599 ablatio
1520 569 1714 608 prohibentis
1730 571 1896 601 columnae
1912 571 1965 601 dat
1978 580 2034 611 per
2049 570 2193 601 accidens
2209 577 2334 600 motum
2350 569 2441 600 deor-

244 616 250 622 '
277 620 324 644 est
339 614 428 654 quod
442 621 607 654 peccatum
626 624 692 644 non
706 621 752 645 est
766 612 972 648 deordinatio,
986 622 1043 642 nec
1055 618 1156 642 actus:
1177 611 1232 642 sed
1247 619 1334 643 actus
1390 620 1474 647 surn;
1499 612 1541 642 ita
1563 613 1718 643 voluntati
1741 614 1904 644 inclinatae
1924 614 1958 644 in
1973 621 2079 645 actum
2097 613 2226 654 peccati,
2250 613 2314 643 sive
2337 613 2442 653 impu-

278 658 452 688 contrarius
474 658 590 689 virtuti.
614 658 680 688 Nec
699 663 746 687 est
767 666 858 687 curae
881 656 914 686 in
937 656 1102 696 proposito
1126 662 1234 686 utrum
1257 655 1335 685 illud
1389 654 1522 685 tabiliter
1544 655 1608 686 sive
1632 666 1707 692 non,
1731 657 1855 696 negatio
1875 658 2018 688 scientiae
2042 667 2122 698 quae
2146 657 2324 697 prohiberet
2346 657 2441 687 talem

277 708 443 742 peccatum
457 702 548 732 cuius
567 711 660 732 causa
682 700 796 731 dicitur
814 699 999 739 ignorantia,
1020 699 1059 730 sit
1080 698 1265 740 imputabile
1281 705 1336 729 aut
1389 706 1495 729 actum
1518 699 1543 728 si
1567 700 1696 735 adesset,
1721 700 1792 730 dare
1816 701 1928 731 dicitur
1950 702 2044 731 talem
2067 708 2182 732 actum.

278 755 344 776 non
367 745 537 776 incurrenti
565 746 688 785 ipsum:
712 750 760 774 sat
782 743 867 774 enim
891 750 937 774 est
959 743 1124 783 proposito
1153 743 1242 783 quod
1264 752 1335 782 pec·
1445 743 1482 772 11.
1507 742 1669 773 Secundus
1698 743 1846 774 articulus
1868 744 1901 774 in
1924 745 2066 775 Secunda
2093 745 2255 775 Secundae
2269 744 2300 780 *‚
2325 743 2379 774 ubi
2402 744 2441 774 de
2467 751 2590 779 ·Qu.uv,
2605 755 2678 781 πῃ.

279 795 385 820 catum
400 789 508 829 ipsum
529 789 569 819 ab
590 787 768 828 ignorantia
781 794 935 823 causetur,
953 787 1017 818 sive
1032 786 1257 827 imputabiliter
1271 786 1335 816 sive
1389 786 1577 826 negligentia
1599 787 1788 823 tractabitur,
1812 788 1911 817 clarus
1931 788 1987 818 erit
2009 789 2041 818 in
2065 788 2206 828 speciali:
2230 788 2359 829 quando
2383 787 2442 818 sci-

277 842 344 864 non
365 832 609 873 imputabiliter;
632 831 694 862 hoc
717 831 803 862 enim
817 832 857 861 ad
880 831 1042 872 sequentia
1058 830 1076 849 ³
1100 837 1218 871 spectat
1239 839 1335 870 quae·
1388 829 1460 860 licet
1483 837 1529 860 est
1552 830 1684 860 mortale
1706 831 1755 860 vel
1777 831 1907 861 veniale.
1931 832 2068 868 Quando
2091 841 2165 862 vero
2189 831 2347 862 actualiter
2366 841 2440 871 pec-

277 886 344 907 rere
366 883 398 907 et
420 875 570 906 decidere.
1390 880 1489 909 catur,
1514 883 1587 903 cum
1611 874 1649 904 de
1672 881 1814 914 tempore
1838 874 2012 906 affirmativi
2036 875 2192 915 praecepti
2214 875 2270 906 erit
2292 884 2396 906 sermo
2412 874 2439 911 ¹⁸,
2469 877 2679 907 ·‹:f.11--n··,qu.

335 919 382 950 Ex
403 919 466 950 hoc
488 925 596 950 autem
619 919 707 960 quod
731 922 957 960 peccatum'est
980 925 1067 949 actus
1090 924 1120 949 et
1145 917 1263 958 species
1278 926 1335 957 po·
1390 917 1559 947 dicendum
1582 924 1636 948 est.
2467 919 2502 940 ¹¹¹»
2517 917 2558 935 “¹-
2573 919 2594 935 ²·

1041 1069 1357 1112 ARTICULUS
1387 1069 1682 1111 SECUNDUS

964 1162 1120 1194 UTRUM
1143 1161 1412 1193 1GNORANT1A
1435 1162 1501 1192 SIT
1524 1162 1760 1193 PECCATUM

350 1243 440 1276 Supra,
455 1248 594 1275 qam,
609 1241 784 1271 art-1,ad2;
799 1240 889 1272 art.5;
909 1240 940 1265 11·
956 1240 1066 1273 11⁵·,q.u
1080 1247 1139 1270 un,
1154 1244 1200 1264 art.
1217 1246 1240 1270 2,
1254 1239 1285 1263 ad
1306 1246 1334 1270 2;
1354 1240 1374 1263 Il
1388 1240 1470 1268 Sent„
1485 1240 1544 1265 dist.
1560 1248 1624 1269 xxu,
1645 1248 1689 1273 qu.
1703 1248 1734 1270 ιι,
1749 1246 1795 1266 art.
1813 1248 1839 1271 13
1859 1242 1916 1265 dist.
1928 1249 1986 1271 xm,
2002 1249 2047 1274 qu.
2059 1249 2086 1272 n,
2101 1246 2148 1266 art.
2163 1248 2185 1271 2,
2201 1242 2246 1274 qu·
2262 1240 2284 1270 3,
2299 1241 2330 1265 ad
2344 1241 2371 1271 3;

247 1282 322 1293 *ν’
585 1276 628 1307 Ν,
647 1259 761 1308 disin,
781 1275 866 1307 art-3,
885 1277 933 1309 qu·
953 1282 978 1305 η,
996 1258 1076 1306 iid13
1095 1274 1238 1304 DeMalo,
1258 1282 1302 1307 qu.
1316 1258 1359 1305 tir,
1378 1280 1424 1300 art.
1439 1282 1469 1307 7,
1490 1275 1587 1305 Quod!
1605 1276 1629 1304 1
1648 1283 1741 1308 qu.,1x
1761 1281 1808 1301 art.
1823 1260 1851 1306 3’;
1870 1276 1901 1300 111
1921 1276 2016 1305 Ethic
2035 1277 2093 1302 lect.
2106 1283 2141 1302 ιι.

368 1388 377 1410 ;
403 1398 466 1429 ,Ἢ
493 1377 517 1402 1>
535 1375 725 1402 SECUNDUM
739 1375 792 1400 stc
807 1374 1045 1400 Paocnnrrun.
1059 1361 1219 1398 Videtur
1237 1362 1341 1410 quod
1395 1362 1571 1399 scientiae
1599 1363 1858 1412 negationem.
1887 1363 1988 1400 unde
2011 1364 2237 1412 cuicumque
2257 1365 2361 1401 deest
2379 1364 2443 1401 ali-

416 1420 464 1480 ἐξῆ
493 1417 703 1466 ignorantia
721 1429 800 1453 non
814 1416 860 1453 sit
877 1423 1075 1466 peccatum
1091 1416 1112 1436 *
1115 1415 1340 1452 ‚Peccatum
1396 1427 1557 1463 quarum
1577 1414 1593 1445 β
1620 1427 1747 1452 rerum
1767 1416 1931 1463 scientia,
1951 1424 2074 1464 potest
2089 1416 2161 1453 dici
2180 1417 2323 1453 nescire
2343 1417 2441 1462 illas;
2567 1409 2581 1443 β

73 1501 81 1510 ,-
455 1494 462 1518 1,
479 1470 596 1507 enim
623 1474 677 1506 est
702 1470 839 1506 dictum
867 1469 926 1505 vel
946 1469 1093 1516 factum
1120 1466 1180 1504 vel
1206 1479 1340 1504 concu-
1395 1468 1604 1505 secundum
1641 1480 1758 1516 quem
1794 1468 1954 1505 modurn
1992 1468 2197 1516 Dionysius
2233 1469 2270 1505 in
2304 1469 2442 1516 angelis

63 1564 88 1575 .->
105 1528 254 1558 vauant-⁶·
295 1516 437 1566 *⁴1⁴¹*
454 1518 485 1559 *s
504 1541 513 1554 ι
526 1523 611 1560 tum
630 1528 760 1559 contra
783 1522 906 1571 legem
923 1521 1013 1567 Dei,
1036 1527 1079 1558 ut
1105 1519 1252 1568 supra*
1274 1520 1340 1556 ha·
1394 1521 1637 1558 nescientiam
1655 1521 1773 1569 ponit,
1788 1533 1837 1558 vn
1852 1533 1934 1570 cap.
1959 1521 2058 1558 Cael.
2075 1521 2215 1558 Hier.*
2231 1518 2443 1569 Ignorantia
2469 1526 2540 1574 ‘Higf
2556 1525 2652 1574 5⁶⁶2ss-

281 1577 403 1617 bitum
428 1583 494 1613 est.
525 1575 602 1613 Sed
629 1575 838 1623 ignorantia
865 1586 944 1611 non
969 1574 1147 1622 importat
1173 1572 1338 1621 aliquem
1393 1585 1486 1610 vero
1506 1574 1684 1622 importat
1702 1573 1879 1610 scientiae
1898 1573 2168 1622 privationem:
2194 1574 2286 1610 dum
2306 1573 2443 1610 scilicet
2530 1568 2544 1579 '²
2584 1558 2606 1579 β’
2645 1567 2652 1573 ’

280 1637 422 1676 aetum,
443 1631 569 1676 neque
597 1627 814 1665 interiorem
834 1639 958 1676 neque
978 1626 1214 1664 exteriorem.
1236 1625 1338 1673 Ergo
1394 1626 1503 1662 alicui
1532 1627 1637 1663 deest
1655 1626 1809 1663 scientia
1837 1638 1969 1662 eorum
2003 1638 2100 1674 quae
2123 1633 2231 1674 aptus
2259 1634 2368 1662 natus
2389 1633 2444 1663 est

282 1680 494 1732 ignorantia
522 1693 600 1718 non
629 1687 684 1718 est
710 1687 922 1733 peccatum.
1393 1678 1498 1715 scire.
1520 1680 1670 1716 Horum
1691 1687 1818 1715 autem
1848 1679 2036 1727 quaedam
2057 1679 2190 1728 aliquis
2218 1678 2311 1715 scire
2339 1686 2442 1715 tene-

336 1747 373 1773 2.
407 1735 653 1778 PRAErEREA,
685 1740 885 1782 peccatum
923 1730 1098 1769 directius
1132 1730 1338 1789 opponitur
1392 1739 1470 1768 tur:
1499 1731 1726 1769 illascilicet
1743 1731 1823 1768 sine
1851 1743 2015 1779 quorum
2037 1731 2188 1768 scientia
2216 1744 2293 1768 non
2320 1738 2444 1779 potest

281 1787 421 1837 gratiae
441 1799 558 1836 quam
581 1786 771 1824 scientiae.
802 1785 880 1822 Sed
904 1784 1067 1834 privatio
1091 1783 1230 1832 gratiae
1259 1795 1337 1820 non
1393 1784 1560 1821 debitum
1581 1792 1707 1821 actum
1727 1791 1827 1821 recte
1845 1789 1860 1812 Ὺ
1889 1796 2073 1820 exercere.
2102 1784 2211 1821 Unde
2231 1796 2365 1820 omnes
2392 1791 2444 1820 te·
2566 1785 2582 1810 Υ

282 1848 340 1881 est
365 1847 580 1890 peccatum,
590 1837 666 1876 sed
694 1838 814 1886 magis
841 1850 968 1897 poena
995 1836 1186 1886 quaedam
1205 1848 1338 1872 conse·
1392 1845 1528 1873 nentur
1564 1837 1657 1874 scire
1691 1837 1944 1873 communiter
1972 1849 2016 1873 ea
2043 1849 2140 1885 quae
2169 1844 2254 1873 sunt
2285 1836 2375 1873 fidei
2402 1836 2442 1883 ²¹⁸,
2469 1843 2479 1853 “
2495 1841 2587 1869 D-⁴¹9-

282 1905 413 1955 quens
429 1899 641 1952 peccatum.
661 1892 762 1939 Ergo
781 1890 1000 1939 ignorantia,
1021 1901 1120 1939 quae
1139 1896 1195 1925 est
1212 1888 1337 1937 priva·
1393 1897 1429 1926 et
1454 1889 1681 1927 universalia
1712 1889 1801 1926 iuris
1828 1897 2047 1938 praecepta:
2077 1889 2208 1936 singuli
2243 1897 2369 1926 autern
2399 1900 2442 1925 ea

281 1946 335 1984 tio
363 1945 554 1992 scientiae,
574 1957 653 1982 non
683 1952 738 1981 est
763 1951 975 1993 peccatum.
1358 1965 1361 1970 =
1393 1954 1490 1990 quae
1519 1943 1566 1979 ad
1596 1954 1728 1979 eorum
1757 1949 1895 1979 statum
1922 1943 1984 1978 vel
2022 1941 2189 1978 officium
2228 1948 2397 1990 spectant
2415 1939 2441 1977 ⁶.

338 1999 373 2037 3.
394 1999 627 2045 Pia-emm,
647 1997 679 2034 si
706 1997 918 2045 ignorantia
945 2002 1001 2033 est
1026 2002 1241 2044 peccatum,
1263 1994 1337 2030 hoc
1393 1996 1593 2054 Quaedam
1620 2007 1714 2032 vero
1742 2002 1829 2031 sunt
1856 2007 1953 2053 quae
1983 1994 2051 2031 etsi
2079 1994 2210 2042 aliquis
2245 2002 2354 2031 natus
2383 2001 2438 2030 est

281 2063 362 2090 non
399 2058 456 2088 est
491 2050 563 2088 nisi
598 2050 824 2109 inquantum
853 2057 908 2086 est
943 2047 1166 2086 voluntaria.
1202 2046 1279 2084 Sed
1307 2046 1338 2083 si
1392 2048 1498 2095 scire,
1519 2060 1598 2084 non
1625 2055 1754 2084 tamen
1781 2059 1827 2084 ea
1854 2047 1948 2084 scire
1976 2055 2136 2084 tenetur:
2167 2047 2262 2084 sicut
2295 2047 2443 2083 theore-

280 2103 492 2153 ignorantia
509 2103 556 2141 sit
573 2111 773 2162 peccatum
795 2103 1020 2150 inquantum
1039 2108 1096 2138 est
1112 2099 1337 2159 voluntaria,
1393 2108 1495 2137 mata
1513 2100 1753 2170 geometriae,
1776 2107 1811 2136 et
1830 2100 2081 2148 contingentia
2104 2099 2351 2148 particularia,
2372 2098 2442 2135 nisi

279 2157 433 2195 videtur
458 2163 659 2205 peccatum
686 2155 725 2192 in
753 2155 837 2203 ipso
869 2162 956 2191 actu
981 2153 1185 2191 voluntatis
1218 2152 1339 2189 consi·
1391 2153 1430 2190 in
1459 2166 1558 2190 casu.

2565 1932 2579 1957 δ

139 2213 160 2232 “
281 2216 377 2247 stere
396 2209 516 2268 magis
535 2220 652 2257 quam
671 2207 710 2245 in
729 2207 949 2256 ignorantia.
976 2207 1078 2255 Ergo
1097 2205 1306 2254 ignorantia
1321 2210 1338 2227 ²
1446 2206 1690 2243 Manifestum
1711 2213 1766 2242 est
1784 2213 1911 2242 autem
1940 2205 2044 2253 quod
2072 2204 2303 2254 quicumque
2328 2203 2440 2252 negli-

59 2270 62 2281 ’
281 2274 362 2306 ιιοιι
381 2262 449 2299 erit
473 2268 687 2317 peccatum,
708 2261 776 2298 sed
795 2261 915 2308 magis
943 2258 1082 2308 aliquid
1101 2269 1338 2308 consequens
1393 2258 1444 2307 git
1469 2259 1610 2295 habere
1629 2259 1691 2295 vel
1709 2258 1833 2295 facere
1860 2258 1898 2295 id
1927 2259 2030 2306 quod
2059 2265 2206 2294 tenetur
2223 2258 2363 2293 habere
2382 2257 2443 2293 vel

283 2315 332 2353 ad
359 2321 571 2364 peccatum.
1393 2312 1527 2359 facere,
1556 2319 1688 2359 peccat
1714 2318 1871 2359 peccato
1900 2310 2126 2348 omissionis.
2153 2310 2263 2347 Unde
2291 2317 2445 2358 propter

315 2379 373 2415 ..4
393 2368 626 2412 Palmam,
642 2377 758 2403 omne
773 2373 971 2414 peccatum
985 2377 1054 2414 per
1066 2363 1339 2414 poenitentiam
1394 2364 1668 2412 negligentiam,
1688 2363 1897 2411 ignorantia
1917 2375 2048 2400 eorum
2069 2375 2167 2410 quae
2197 2362 2329 2410 aliquis
2349 2362 2443 2399 scire

282 2421 442 2466 tollitur3
480 2431 552 2456 nec
589 2419 742 2477 aliquod
778 2425 978 2467 peccatum
1014 2417 1198 2455 transiens
1234 2425 1340 2453 reatu
1393 2425 1550 2464 tenetur,
1572 2423 1627 2453 est
1644 2424 1853 2466 peccatum.
1884 2417 1975 2452 Non
2003 2423 2129 2452 autem
2149 2415 2354 2464 imputatur
2377 2415 2445 2451 ho-

281 2480 455 2511 remanet
485 2480 590 2518 actu,
628 2471 698 2508 nisi
735 2473 860 2508 solum
898 2470 1088 2518 originale.
1127 2469 1340 2517 Ignorantia
1395 2469 1486 2506 mini
1513 2471 1562 2507 ad
1599 2469 1881 2517 negligentiam,
1912 2469 1942 2505 si
1971 2468 2112 2505 nesciat
2140 2480 2183 2504 ea
2220 2480 2317 2516 quae
2351 2467 2443 2503 scire

283 2533 412 2564 autem
440 2537 518 2562 non
545 2524 685 2561 tollitur
711 2536 780 2573 per
806 2523 1090 2572 poenitentiam,
1120 2523 1188 2560 sed
1215 2522 1340 2559 adhuc
1394 2535 1472 2559 non
1499 2530 1634 2571 potest.
1664 2522 1774 2559 Unde
1812 2523 1949 2558 horum
1977 2521 2186 2568 ignorantia
2221 2520 2443 2557 invincibilis
2479 2517 2484 2522 “

283 2585 456 2617 remanet
490 2585 587 2624 actu,
609 2577 714 2614 omni
751 2584 856 2613 reatu
882 2588 951 2624 per
977 2575 1249 2624 poenitentiam
1282 2587 1338 2612 re·
1394 2575 1546 2613 dicitur:
1576 2574 1664 2623 quia
1688 2574 1827 2611 scilicet
1844 2579 1856 2595 ⁸
1885 2573 2008 2610 studio
2029 2573 2195 2622 superari
2214 2585 2290 2610 non
2309 2580 2442 2621 potest.
2565 2575 2575 2591 ε

283 2638 404 2670 moto.
434 2631 537 2679 Ergo
574 2629 783 2677 ignorantia
819 2641 898 2666 non
934 2636 989 2665 est
1020 2635 1240 2677 peccatum,
1269 2628 1339 2665 nisi
1394 2629 1443 2665 Et
1469 2635 1623 2677 propter
1650 2628 1724 2664 hoc
1751 2627 1832 2663 talis
1860 2626 2077 2674 ignorantia,
2099 2638 2185 2662 curn
2210 2638 2286 2662 non
2305 2625 2351 2661 sit
2376 2637 2444 2661 vo-

282 2684 380 2722 forte
407 2683 453 2720 sit
481 2682 672 2730 originale.
1393 2681 1564 2727 luntaria,
1586 2692 1631 2716 eo
1652 2680 1755 2728 quod
1783 2692 1861 2716 non
1880 2686 1935 2715 est
1953 2678 1991 2716 in
2010 2686 2192 2727 potestate
2212 2686 2337 2714 nostra
2357 2689 2441 2713 eam

341 2737 375 2774 5.
394 2737 628 2782 Pam-rem,
648 2734 679 2772 si
706 2734 788 2783 ipsa
815 2733 1027 2782 ignorantia
1054 2733 1100 2770 sit
1126 2741 1338 2782 peccatum,
1394 2735 1586 2782 repellere,
1607 2745 1685 2769 non
1714 2740 1769 2769 est
1795 2739 2006 2780 peccatum.
2036 2732 2093 2767 Ex
2116 2743 2192 2779 quo
2213 2738 2313 2779 patet
2341 2729 2443 2777 quod

286 2788 456 2838 quandiu
482 2787 693 2835 ignorantia
720 2794 932 2824 remaneret
958 2787 997 2823 in
1021 2786 1189 2834 homine,
1209 2786 1338 2823 tandiu
1394 2787 1496 2823 nulla
1523 2784 1731 2833 ignorantia
1758 2784 1981 2822 invincibilis
2014 2791 2070 2820 est
2095 2791 2311 2831 peccatum:
2341 2782 2445 2829 igno-

286 2849 372 2879 actu
399 2847 584 2890 peccaret.
607 2839 684 2877 Sed
713 2839 889 2877 continue
918 2846 1047 2876 manet
1074 2838 1283 2887 ignorantia
1302 2838 1340 2876 in
1395 2839 1514 2876 rantia
1541 2845 1668 2875 autem
1687 2837 1872 2874 vincibilis
1896 2844 1952 2873 est
1969 2844 2178 2885 peccatum,
2199 2835 2229 2872 si
2248 2835 2293 2871 sit
2312 2846 2444 2870 eorum

285 2894 495 2942 ignorante.
516 2892 642 2940 Ergo
634 2904 810 2940 ignorans
827 2892 1003 2929 continue
1018 2899 1202 2940 peccaret.
1224 2892 1341 2938 Quod
1395 2904 1492 2940 quae
1513 2891 1643 2950 aliquis
1663 2890 1757 2927 scire
1776 2898 1937 2934 tenetur3
1959 2901 2036 2925 non
2052 2896 2178 2925 autem
2198 2888 2228 2924 si
2247 2888 2292 2924 sit
2311 2899 2444 2923 eorum

286 2954 389 2996 patet
418 2957 500 2983 esse
528 2945 680 2982 falsum:
709 2945 799 2994 quia
827 2945 880 2982 sic
907 2945 1117 3004 ignorantia
1145 2952 1244 2982 esset
1260 2956 1342 2992 gra·
1395 2956 1492 2994 quae
1521 2943 1604 2991 quis
1633 2942 1728 2979 scire
1756 2955 1832 2979 non
1861 2949 2018 2978 tenetur.

285 2999 500 3037 vissimum.
519 2999 612 3035 Non
640 3009 728 3046 ergo
756 2998 965 3046 ignorantia
994 3005 1050 3035 est
1076 3005 1301 3057 peccatum.
1447 2999 1505 3033 An
1534 3008 1670 3033 PRIMUM
1698 3007 1795 3032 ERGO
1822 3006 2006 3031 memnon
2033 2993 2152 3041 quod,
2182 2992 2276 3029 sicut
2294 3003 2408 3042 supra
2425 2991 2446 3014 ‘⁸
2472 2996 2545 3050 EQ,
2526 3022 2540 3044 a
2554 3001 2625 3044 [1¹¹1
2640 3000 2683 3018 m.

341 3053 418 3089 SED
436 3062 593 3097 CONTRA,
613 3050 704 3088 nihil
731 3058 899 3088 meretur
924 3062 1093 3099 poenam
1112 3050 1183 3087 nisi
1209 3061 1342 3099 pecca·
1397 3049 1538 3087 dictum
1567 3056 1641 3094 est,
1670 3048 1707 3084 in
1740 3049 1815 3084 hoc
1842 3047 1945 3095 quod
1979 3046 2110 3083 dicitur
2140 3045 2276 3082 dictum
2303 3045 2364 3082 vel
2383 3045 2447 3092 fa-

287 3112 379 3142 tum.
410 3103 488 3141 Sed
506 3103 716 3151 ignorantia
738 3110 904 3140 meretur
922 3115 1106 3152 poenam:
1130 3103 1342 3140 secundum
1395 3108 1494 3139 ctum
1521 3101 1582 3138 vel
1603 3101 1849 3148 concupitum,
1870 3107 1956 3135 sunt
1974 3098 2231 3145 intelligendae
2251 3096 2363 3134 etiarn
2382 3109 2448 3134 ne-

45 3156 141 3205 JV*-
154 3157 191 3187 ³⁸·
287 3157 379 3195 illud
408 3158 422 3194 I
451 3156 503 3193 ad
533 3156 620 3192 Cor.
639 3167 700 3192 xlv
717 3155 756 3192 *z
785 3156 835 3192 Si*
853 3156 934 3203 quis
961 3156 1124 3205 ignorat,
1151 3155 1344 3205 ignor-abi·
1396 3155 1564 3202 gationes
1584 3153 1792 3202 oppositae,
1808 3152 2017 3188 secundum
2038 3151 2141 3198 quod
2161 3150 2313 3187 omissio
2332 3151 2448 3187 habet

80 3214 81 3217 ’
288 3216 360 3248 tur.
382 3210 484 3257 Ergo
512 3207 723 3256 ignorantia
751 3215 807 3245 est
831 3215 1043 3256 peccatum.
1397 3207 1580 3244 rationem
1612 3205 1768 3253 peccati.
1801 3205 1850 3240 Et
1880 3204 1930 3240 ita
1962 3202 2205 3251 negligentia,
2238 3203 2448 3240 secundum

341 3264 567 3300 Responnsso
594 3272 779 3298 DICENDUM
801 3259 907 3309 quod
933 3259 1143 3307 ignorantia
1160 3260 1199 3296 in
1227 3260 1302 3297 hoc
1321 3272 1344 3296 a
1397 3271 1512 3308 quam
1550 3257 1757 3305 ignorantia
1794 3264 1848 3293 est
1881 3264 2099 3304 peccatum,
2134 3255 2343 3292 continetur
2378 3256 2448 3293 sub

289 3315 493 3354 nescientia
520 3314 656 3360 differt,
676 3313 781 3362 quod
799 3312 1001 3349 nescientia
1022 3312 1110 3349 dicit
1133 3312 1342 3361 simplicem
1396 3311 1587 3360 praedicta
1615 3309 1833 3346 definitione
1861 3308 2015 3358 peccati,
2034 3308 2258 3356 inquantum
2285 3316 2451 3357 praeter-

342 3430 370 3462 α)
390 3429 552 3463 ignorantia.
569 3442 589 3447 —
607 3428 633 3453 in
653 3427 808 3461 ignorantia
826 3427 854 3451 P.
1453 3423 1478 3455 ὃ)
1497 3426 1624 3455 spectant.
1643 3436 1661 3442 -
1679 3422 1854 3454 unusquisque
1874 3429 1936 3446 vero
1961 3424 2066 3446 tenetur
2087 3421 2155 3446 scire
2177 3428 2208 3445 ea
2232 3428 2299 3453 quae
2321 3421 2358 3445 ad
2375 3428 2449 3446 suum

344 3464 370 3498 β)
388 3465 549 3497 aliquarum.
567 3477 586 3482 -
603 3463 693 3495 aliqua
711 3463 751 3487 ed.
764 3469 791 3487 a.
803 3462 884 3487 -Pro
899 3461 1027 3490 illas,1'11a
1042 3460 1152 3491 codices,
1172 3460 1244 3484 illam
1263 3460 1304 3485 ed.
1319 3466 1345 3484 a.
1400 3459 1514 3493 officium
1534 3461 1654 3490 spectant
1671 3458 1767 3482 addunt
1785 3458 1884 3482 codices
1908 3462 1934 3482 et
1951 3457 1991 3481 ed.
2009 3463 2035 3481 α.

342 3501 369 3534 γ)
388 3503 466 3526 recte.
483 3512 503 3519 -
520 3499 582 3524 Otn.
600 3498 688 3523 EFGl.
1453 3495 1475 3526 ε)
1493 3493 1600 3518 scilicet.
1617 3506 1636 3512 —
1654 3493 1715 3518 Om.
1733 3492 1799 3517 PFa.
