2840 4010
78 1006 86 1015 ·
98 1005 145 1032 Qu.
156 1010 208 1031 cxx,
220 1008 261 1028 art.
272 1011 286 1032 1,

75 1031 104 1052 ad
119 1037 139 1059 3.

325 173 395 209 188

990 171 1255 218 QUAESTIO
1286 171 1423 217 XCVI,
1453 169 1743 208 ARTICULUS
1771 172 1821 209 VI

991 292 1321 326 Commentario,
1345 291 1594 325 Cardinalis
1617 293 1831 326 Caietam-

349 394 368 413 N
392 383 524 414 articulo
548 389 634 413 sexto
659 383 799 412 eiusdem
824 381 1152 421 nonagesimaesextae
1175 380 1379 420 quaestionis,

322 395 424 458 Inota
448 427 536 467 quod
560 426 806 467 quadrupliciter
829 435 992 456 occurrere
1023 431 1130 465 potest
1153 434 1243 455 casus
1267 424 1382 464 agendi

319 478 427 502 contra
455 470 532 510 legis
559 471 668 506 verba,
693 479 751 510 pro
780 469 931 499 servanda
959 468 1026 499 eius
1049 468 1233 499 intentione.
1253 468 1378 505 Primo,

319 515 495 554 ambiguus,
509 521 539 544 et
558 514 726 553 impatiens
742 523 861 543 morae.
879 513 919 544 Et
935 520 1011 544 tunc
1027 514 1179 544 servanda
1195 519 1269 543 sunt
1283 513 1380 543 verba

313 559 412 598 legis,
436 565 471 588 ut
495 558 607 588 dicitur
630 558 663 587 in
686 557 892 597 responsione
921 557 961 587 ad
984 557 1170 588 secundum.
1185 573 1203 580 -
1220 557 1378 593 Secundo,

318 602 501 642 ambiguus,
529 608 559 631 et
582 601 738 631 sustinens
762 611 897 632 moram.
921 601 962 632 Et
981 608 1057 632 tunc
1088 601 1302 632 consulendus
1333 607 1380 631 est

318 646 469 685 superior,
487 645 542 685 qui
566 652 694 685 propter
717 645 904 676 huiusmodi
928 655 1018 676 casus
1040 645 1134 676 habet
1160 645 1376 676 auctoritatem

316 689 539 729 interpretandi
562 689 675 729 legem.
693 689 733 719 Et
756 690 818 720 hoc
848 689 982 720 intendit
995 690 1097 721 littera
1119 690 1152 720 in
1176 699 1308 728 corpore
1332 699 1378 718 ar-

316 733 412 765 ticuli.
421 751 440 755 -
449 733 567 768 Tertio,
585 733 779 769 manifestus,
793 740 824 764 et
838 734 1007 773 impatiens
1024 744 1143 765 morae.
1156 733 1196 764 Et
1210 740 1286 763 tunc
1303 743 1377 763 con-

316 784 375 808 stat
398 777 486 817 quod
504 777 596 807 debet
611 787 676 807 non
693 787 814 807 servare
833 778 928 808 verba
943 778 1030 818 legis,
1049 779 1103 809 sed
1122 777 1340 808 intentionem.
1357 794 1377 799 -

317 822 453 859 Quarto,
476 821 678 858 manifestus,
703 822 757 852 sed
781 821 938 852 sustinens
961 832 1096 853 moram.
1119 822 1159 853 Et
1187 828 1272 857 tunc,
1298 821 1377 851 duce

315 875 432 905 gnome
457 871 487 895 et
510 865 670 905 epieikeia.
691 865 758 896 sine
782 865 951 906 superioris
977 866 1224 902 consultatione,
1244 871 1378 905 praeter-

315 909 484 939 mittuntur
516 910 610 940 verba
632 910 728 949 legis,
753 917 783 941 et
811 917 952 941 servatur
979 910 1112 941 intentio
1138 909 1221 940 eius:
1246 908 1322 950 quia
1345 910 1376 939 in

315 953 494 994 manifestis
526 963 588 984 non
613 959 661 984 est
687 963 766 994 opus
789 955 1068 995 interpretatione,
1089 963 1171 995 quae
1193 958 1314 994 spectat
1335 953 1379 984 ad

313 998 524 1038 superiorem,
537 998 593 1028 sed
609 999 805 1036 executione,
819 1005 855 1029 ut
871 999 902 1028 in
919 999 959 1028 ΙΙ·
976 999 1038 1035 11⁸0,
1053 1008 1106 1039 qu.
1124 999 1163 1029 de
1174 997 1338 1038 Epieikeia
1350 997 1376 1034 *,

313 1044 436 1073 Auctor
450 1041 534 1073 dicit.
551 1042 650 1079 Quod
672 1052 746 1082 ergo
770 1042 803 1072 in
822 1043 924 1073 littera
948 1042 1062 1073 dicitur
1081 1042 1170 1083 quod
1191 1048 1276 1072 extra
1294 1041 1377 1072 subi-

314 1093 384 1117 tum
408 1086 596 1126 periculum,
619 1096 684 1116 non
708 1086 842 1126 pertinet
864 1087 903 1116 ad
927 1087 1102 1127 quemlibet
1123 1085 1328 1126 interpretari,
1345 1085 1376 1115 in

315 1140 388 1161 casu
412 1130 510 1160 dubio
535 1137 580 1160 est
603 1139 722 1161 sermo:
747 1130 1003 1169 interpretatione
1027 1130 1112 1161 enim
1135 1140 1200 1161 non
1225 1136 1272 1160 est
1295 1139 1378 1169 opus

314 1174 346 1204 in
370 1174 554 1205 manifestis.

371 1218 407 1248 II.
433 1218 494 1248 Sed
517 1225 593 1248 tunc
621 1217 754 1257 insurgit
781 1218 924 1258 quaestio
948 1228 1015 1259 quo
1038 1225 1132 1258 pacto
1157 1218 1294 1248 salvatur
1317 1218 1378 1248 dis-

313 1262 422 1292 tinctio
448 1261 527 1293 facta
554 1261 587 1292 in
619 1272 751 1302 corpore
775 1262 914 1299 articuli,
937 1262 1018 1293 inter
1046 1272 1155 1293 casum
1186 1261 1378 1292 necessitatis

314 1305 457 1336 habentis
482 1305 750 1346 dispensationem
774 1315 943 1342 annexam;
970 1314 1001 1337 et
1029 1317 1139 1337 casum
1162 1306 1378 1337 non-necessi-

314 1349 395 1386 tatis,
419 1360 485 1391 quo
509 1351 735 1381 recurrendum
754 1357 801 1381 est
824 1351 863 1380 ad
882 1351 1175 1391 interpretationem
1196 1350 1377 1390 superioris.

314 1393 346 1424 Si
369 1404 508 1435 namque
532 1395 570 1425 de
594 1395 750 1435 ambiguis
775 1395 897 1426 casibus
921 1402 968 1426 est
991 1405 1106 1432 sermo,
1123 1394 1309 1426 contradicit
1332 1395 1378 1425 di-

314 1438 370 1468 ctis
395 1449 431 1469 ex
453 1439 660 1479 responsione
684 1439 723 1470 ad
748 1440 934 1476 secundum,
953 1439 1070 1470 scilicet
1092 1440 1180 1480 quod
1201 1439 1378 1471 secundum

312 1483 406 1513 verba
425 1484 583 1523 agendum
601 1490 647 1514 est
670 1483 702 1513 in
720 1484 910 1515 necessitatis
928 1494 1002 1514 casu
1028 1484 1190 1524 ambiguo.
1208 1483 1240 1514 Si
1257 1483 1295 1513 de
1312 1493 1378 1514 ma-

314 1526 450 1564 nifestis,
477 1527 662 1559 contradicit
686 1527 774 1558 dictis
799 1538 835 1558 ex
862 1529 904 1559 11⁸
928 1528 998 1563 11⁸⁶.
1024 1529 1113 1569 quod
1136 1528 1168 1558 in
1193 1527 1376 1564 manifestis,

313 1577 396 1602 extra
420 1582 528 1603 casum
551 1571 752 1608 necessitatis,
769 1582 834 1603 non
859 1579 905 1603 est
929 1583 1012 1613 opus
1036 1571 1300 1613 interpretatione,
1323 1572 1378 1602 sed

1435 381 1534 411 virtus
1551 382 1719 422 epieikeiae
1743 383 1866 415 sufficit.
1884 383 1916 414 Si
1932 384 1964 414 in
1981 384 2085 424 primo
2102 387 2247 417 membro
2269 387 2308 418 de
2326 388 2491 430 ambiguis,

1436 431 1467 455 et
1488 425 1522 455 in
1546 427 1686 456 secundo
1710 427 1748 457 de
1772 427 1945 458 manifestis
1969 435 2015 459 est
2038 438 2153 466 sermo,
2174 429 2331 462 distinctio
2354 438 2402 464 est
2424 432 2494 464 inu-

1433 469 1495 499 tilis
1519 475 1550 500 et
1573 477 1656 501 extra
1680 478 1790 510 artem,
1806 478 1912 503 tacens
1935 472 2108 512 principale
2126 473 2159 503 in
2183 473 2363 512 differentia,
2379 476 2495 508 scilicet

1433 523 1500 543 esse
1523 514 1728 545 manifestum
1751 516 1803 546 vel
1825 516 2023 556 ambiguum.
2163 524 2165 526 ’

1489 557 1608 588 Verum
1625 560 1769 599 quaestio
1790 560 1866 591 haec
1890 560 1982 597 citius
2003 561 2153 597 solvetur,
2171 561 2196 591 si
2219 561 2391 593 viderimus
2404 565 2495 604 'quod

1432 601 1465 630 in
1489 601 1645 641 ambiguis
1675 604 1768 634 datur
1789 604 1935 636 latitudo.
1955 606 2038 636 Nam
2068 605 2226 646 quaedam
2253 605 2297 636 sic
2324 614 2495 639 occurrunt

1433 645 1591 684 ambigua,
1609 653 1644 676 ut
1667 647 1700 677 in
1723 657 1780 678 sua
1795 649 1998 688 ambiguitate
2021 656 2219 680 remaneant:
2238 650 2395 690 quaedam
2417 661 2492 683 vero

1432 688 1475 718 sic
1499 695 1573 719 sunt
1595 690 1752 730 ambigua,
1770 698 1806 722 ut
1828 693 2012 724 rationabile
2036 693 2075 724 sit
2090 694 2188 734 quod,
2210 693 2235 723 si
2259 693 2418 734 legislator
2440 695 2494 726 ad-

1432 739 1521 768 esset,
1535 732 1616 764 hanc
1631 734 1744 774 procul
1756 735 1854 766 dubio
1869 744 1991 776 partem
2005 738 2225 768 determinaret
2241 747 2336 774 nunc,
2354 738 2414 775 hic,
2431 749 2493 770 ser-

1430 776 1578 807 vandam.
1595 777 1706 808 Sermo
1722 788 1796 818 ergo
1812 779 1931 811 litterae
1947 788 1994 812 est
2009 782 2047 812 de
2063 782 2228 822 ambiguis.
2246 782 2287 813 Et
2310 783 2348 812 de
2363 782 2407 812 eis
2423 783 2493 813 uni-

1430 821 1589 851 versaliter
1612 822 1705 853 docet
1721 823 1811 863 quod
1838 823 2053 865 interpretatio
2083 833 2202 866 spectat
2225 827 2264 856 ad
2297 826 2491 866 superiores,

1431 865 1560 905 quando
1594 873 1699 906 potest
1722 866 1761 896 ad
1791 876 1846 897 eos
1874 868 1999 900 recurri.
2025 866 2163 907 Quando
2187 880 2262 900 vero
2293 880 2359 900 non
2388 877 2493 911 potest

1430 909 1558 945 recurri,
1581 910 1607 940 si
1631 917 1705 941 sunt
1727 910 1876 951 ambigua
1899 914 2038 944 secundo
2069 915 2184 950 modo,
2207 915 2374 945 necessitas
2397 915 2493 946 habet

1432 953 1700 993 dispensationem
1713 964 1877 986 annexam.
1889 956 1921 986 Si
1932 966 2008 987 vero
2021 965 2095 988 sunt
2106 958 2253 998 ambigua
2263 958 2368 998 primo
2381 959 2490 996 modo,

1430 1003 1506 1027 tunc
1530 999 1706 1029 secundum
1736 999 1830 1029 verba
1852 999 1929 1039 legis
1957 1002 2116 1041 agendum
2139 1009 2194 1033 est.
2214 1003 2256 1033 Et
2283 1003 2372 1044 quod
2401 1013 2491 1034 mens

1432 1042 1578 1072 Auctoris
1595 1042 1635 1073 sit
1657 1043 1724 1079 ista,
1741 1049 1827 1083 patet
1846 1052 1882 1074 ex
1906 1043 1968 1075 hoc
1991 1045 2080 1085 quod
2095 1045 2178 1082 dicit,
2196 1046 2312 1078 scilicet
2335 1047 2424 1088 quod
2439 1057 2491 1079 ne-

1431 1086 1562 1117 cessitas
1576 1087 1668 1117 habet
1682 1087 1948 1127 dispensationem
1963 1098 2134 1120 annexam.
2152 1089 2288 1121 Constat
2302 1090 2388 1122 enim
2398 1092 2492 1133 'quod

1432 1129 1623 1169 dispensatio
1648 1141 1684 1162 ex
1716 1131 1973 1171 interpretatione
1999 1133 2078 1172 legis
2101 1134 2253 1173 procedit.
2275 1134 2492 1176 interpretatio

1432 1181 1540 1204 autem
1561 1175 1672 1205 locum
1695 1185 1762 1206 non
1780 1175 1875 1207 habet
1897 1176 1929 1207 in
1948 1177 2131 1208 manifestis.
2152 1178 2200 1208 De
2218 1178 2379 1219 ambiguis
2397 1179 2493 1220 igitur

1431 1219 1571 1249 secundo
1595 1220 1704 1256 modo,
1729 1219 1872 1251 intendit.
2183 1255 2186 1259 ,

1489 1262 1541 1293 III.
1558 1263 1593 1293 In
1608 1263 1814 1304 responsione
1830 1264 1870 1294 ad
1887 1264 2025 1301 tertium,
2043 1265 2156 1306 collige
2172 1275 2281 1296 causas
2297 1276 2394 1307 quare
2408 1266 2493 1308 leges

1433 1305 1592 1338 humanae
1615 1307 1696 1339 fiunt
1720 1309 1897 1339 secundum
1912 1308 1944 1338 id
1960 1310 2049 1350 quod
2072 1309 2156 1340 utin
2172 1309 2316 1350 pluribus
2335 1311 2495 1351 agendum

1431 1357 1496 1387 est,
1521 1358 1552 1382 et
1574 1362 1640 1382 non
1665 1352 1911 1384 dearticulantur
1933 1353 2042 1384 omnia
2065 1354 2098 1384 in
2126 1354 2216 1384 omni
2240 1361 2365 1386 eventu.
2383 1353 2494 1386 ‘Prima

1432 1402 1479 1426 est
1502 1405 1539 1426 ex
1561 1395 1685 1427 defectu
1709 1396 1842 1427 humani
1857 1397 1985 1437 ingenii.
1999 1414 2020 1421 —
2032 1398 2177 1429 Secunda
2193 1405 2239 1429 est
2254 1408 2292 1429 ex
2315 1404 2402 1439 parte
2418 1408 2493 1430 con-

1433 1439 1568 1470 fusionis
1590 1440 1745 1471 vitandae.
1762 1459 1783 1465 -
1795 1440 1911 1478 Tertia,
1928 1451 2010 1482 quae
2033 1442 2067 1472 in
2089 1442 2191 1473 littera
2214 1448 2343 1480 tacetur,
2363 1443 2494 1483 ponitur

1433 1490 1541 1515 tamen
1560 1485 1588 1515 V
1611 1484 1743 1515 Euticu*
1767 1495 1834 1516 esse
1850 1495 1887 1516 ex
1901 1485 2106 1517 variabilitate
2128 1497 2235 1518 rerum
2259 1487 2297 1517 de
2319 1487 2436 1528 quibus
2458 1486 2495 1519 fit

1434 1528 1484 1559 lex
1499 1528 1649 1559 humana.
1665 1529 1706 1560 Et
1721 1529 1798 1560 haec
1812 1529 2000 1561 variabilitas
2019 1530 2167 1561 materiae
2182 1530 2408 1572 inculpabilem
2424 1530 2495 1562 red-

1435 1572 1480 1603 dit
1502 1573 1681 1603 humanum
1697 1573 1891 1605 intellectum
1906 1573 1939 1604 in
1955 1574 2121 1605 statuendo
2138 1575 2222 1615 leges
2237 1581 2275 1606 ut
2289 1574 2321 1606 in
2338 1575 2491 1616 pluribus.

2519 1491 2595 1541 §.cii

2625 1497 2732 1542 ἐοέὶῒῐ.

2830 2755 2831 2758 ⁴
2833 2665 2840 2724 ..m
2831 2131 2840 2659 ..z-..ffl—-Qffl--i-m-...t
