2840 4010
949 179 1214 224 QUAESTIO
1244 182 1453 221 LXXXIV.
1482 183 1775 220 ARTICULUS
1805 185 1818 219 I

2394 189 2461 225 105

736 357 1144 433 QUAESTIO
1184 359 2038 440 OCTOGESIMAQUARTA

505 482 588 521 DE
623 482 825 522 CAUSA
859 483 1115 523 PECCATI
1150 483 1484 526 SECUNDUM
1518 487 1688 538 QUOD
1723 490 1899 531 UNUM
1931 491 2260 534 PECCATUM
2289 530 2292 534 .

899 544 1201 584 ALTERIUS
1234 545 1491 586 PECCATI
1525 548 1727 590 CAUSA
1761 551 1874 592 EST

1081 658 1115 682 IN
1145 658 1317 688 QUATUOR
1344 659 1543 685 ARTICULOS
1572 662 1685 687 DIVlSA

384 760 491 786 ElNDE
519 749 837 785 considerandum
859 756 912 785 est
932 750 978 786 de
999 762 1112 787 causa
1139 751 1284 799 peccati
1303 762 1359 787 se-

303 757 552 840 Dcundum
581 802 684 849 quod
711 813 832 838 unum
865 810 1064 850 peccatum
1095 811 1149 840 est
1177 815 1290 840 causa
1309 805 1359 840 al-

300 852 415 891 terius
433 853 464 891 *.

301 905 350 942 Et
378 905 475 947 circa
501 905 577 941 hoc
605 914 838 953 quaeruntur
866 915 1037 956 quatuor.

353 958 499 995 Primo:
527 965 655 995 utrum
685 959 868 1008 cupiditas
888 961 933 997 sit
957 961 1060 997 radix
1080 960 1253 997 omnium
1272 973 1360 1008 pec-

407 1017 590 1047 catorum.

1468 753 1661 812 Secundo:
1682 762 1806 791 utrum
1826 758 2000 805 superbia
2015 759 2058 795 sit
2077 760 2222 796 initium
2241 762 2363 798 omnis
2377 775 2463 811 pec-

1521 813 1602 844 cati.

1467 857 1615 894 Tertio:
1644 866 1770 896 utrum
1798 868 1947 907 praeter
1965 863 2180 910 superbiam
2201 873 2236 901 et
2254 866 2462 914 avaritiam,

1517 910 1684 956 ,debeant
1712 911 1785 948 dici
1820 913 1988 960 capitalia
2021 915 2111 951 vitia
2139 917 2263 965 aliqua
2290 919 2463 966 specialia

1520 970 1685 1010 peccata.

1469 1014 1632 1060 Quarto:
1663 1023 1755 1064 quot
1784 1024 1819 1052 et
1846 1029 1943 1066 quae
1972 1018 2043 1055 sint
2072 1020 2239 1068 capitalia
2266 1022 2365 1059 vitia.

1108 1128 1423 1171 ARTICULUS
1455 1131 1656 1172 PRIMUS

799 1229 955 1260 UTRUM
979 1229 1204 1260 cummi-As
1228 1229 1294 1259 Str
1318 1230 1449 1260 RAmx
1474 1231 1647 1263 OMNIUM
1670 1233 1966 1267 PECCATORUM

573 1318 630 1342 Art.
649 1324 720 1349 seq.;
739 1317 770 1341 11·
786 1317 838 1347 11⁴⁴,
857 1324 901 1349 qu.
919 1323 991 1347 eux,
1009 1321 1056 1341 art.
1071 1323 1100 1344 2.
1119 1316 1151 1341 ad
1167 1323 1192 1346 x;
1212 1316 1231 1340 11
1251 1316 1333 1345 Sem„
1354 1317 1410 1341 dist.
1424 1325 1448 1347 v,
1469 1325 1512 1349 qu.
1526 1326 1548 1347 ι,
1567 1324 1614 1343 art.
1629 1319 1652 1349 3,
1672 1321 1704 1344 ad
1722 1328 1747 1351 r;
1767 1321 1825 1346 dist.
1838 1329 1897 1353 xxn,
1917 1330 1961 1354 qu.
1975 1331 1993 1353 1,
2012 1329 2058 1348 art.
2078 1332 2098 1353 ι,
2113 1325 2145 1349 ad
2160 1332 2188 1357 7;

654 1352 712 1376 dist.
731 1359 790 1383 nn,
810 1360 855 1384 qu.
868 1359 896 1382 11,
915 1357 961 1377 art.
979 1359 1005 1383 ¹3
1024 1356 1070 1376 art.
1087 1350 1114 1381 3,
1133 1351 1166 1375 ad
1184 1359 1209 1382 1;
1229 1351 1272 1376 De
1290 1351 1372 1380 Malo,
1392 1360 1436 1384 qu.
1449 1360 1503 1383 vm,
1523 1359 1568 1378 art.
1587 1362 1607 1384 1,
1621 1355 1652 1379 ad
1671 1363 1696 1385 13
1715 1355 1781 1380 lAd
1798 1356 1872 1386 nm„
1887 1365 1940 1389 cap.
1955 1366 1989 1388 vr,
2008 1359 2064 1383 lect.
2078 1366 2106 1384 11.

354 1474 392 1488 q,
416 1459 487 1501 faa<
509 1452 532 1476 D
556 1451 693 1476 PRIMUM
721 1451 774 1476 sm
802 1451 1040 1476 PROCEDITUR.
1064 1438 1223 1476 Videtur
1250 1440 1356 1486 quod

344 1491 415 1541 1³³2.
433 1492 481 1551 ξ’ξσ
510 1493 694 1542 cupiditas
722 1504 801 1529 non
829 1493 875 1529 sit
903 1491 1198 1529 radix'omnium
1223 1503 1355 1540 pecca-

317 1543 327 1587 ᾖ
368 1562 438 1589 ρ’,
461 1551 480 1585 (1
509 1554 648 1583 torum.
675 1544 870 1594 Cupiditas
891 1545 1005 1592 enim,
1026 1557 1124 1593 quae
1145 1551 1200 1581 est
1218 1544 1355 1581 immo-

356 1592 454 1626 ffi‘ffl»
470 1590 662 1636 &deratus
690 1597 878 1646 appetitus
898 1597 1126 1645 divitiarum,
1151 1598 1356 1647 opponitur

83 1629 93 1643 λ
113 1631 161 1646 m
180 1632 189 1642 Ἰ
226 1635 241 1643 ἢ
297 1652 424 1691 virtuti
452 1650 692 1690 liberalitatis.
723 1651 800 1688 Sed
828 1650 1025 1688 liberalitas
1056 1663 1135 1688 non
1169 1658 1224 1688 est
1251 1651 1354 1688 radix

298 1705 472 1743 omnium
499 1705 693 1742 virtutum.
724 1704 825 1751 Ergo
855 1703 1038 1752 cupiditas
1065 1716 1144 1740 non
1172 1711 1228 1740 est
1250 1704 1355 1740 radix

298 1758 471 1796 omnium
499 1764 757 1807 peccatorum.

352 1823 387 1849 2.
416 1812 657 1856 PRAETEREA,
687 1809 871 1858 appetitus
901 1821 1034 1845 eorum
1067 1821 1164 1858 quae
1193 1817 1279 1846 sunt
1307 1811 1355 1847 ad

296 1865 436 1910 finem,
466 1862 638 1912 procedit
670 1874 716 1898 ex
743 1861 911 1910 appetitu
943 1861 1041 1898 finis.
1078 1862 1155 1899 Sed
1188 1862 1352 1909 divitiae,

297 1929 459 1967 quarum
488 1915 674 1965 appetitus
703 1922 759 1951 est
786 1914 986 1962 cupiditas,
1020 1927 1098 1951 non
1127 1923 1355 1964 appetuntur

296 1969 368 2007 nisi
394 1977 437 2006 ut
462 1969 571 2006 utiles
599 1967 648 2004 ad
667 1967 832 2016 aliquem
861 1967 992 2014 finem,
1014 1967 1109 2004 sicut
1128 1967 1262 2005 dicitur
1280 1968 1318 2005 in
1338 1971 1352 2005 Ι

169 2043 176 2054 =
208 2043 215 2050 ·
240 2038 266 2050 ··
294 2023 414 2059 Ethic.
430 2022 450 2043 ’¹‘
474 2023 575 2069 Ergo
606 2020 789 2068 cupiditas
818 2032 896 2056 non
917 2027 972 2056 est
990 2019 1095 2057 radix
1123 2020 1248 2058 omnis
1267 2034 1353 2070 pec-

198 2069 204 2076 ’
235 2070 241 2076 ’
295 2075 378 2122 cati,
407 2075 476 2111 sed
502 2072 674 2123 procedit
702 2085 746 2109 ex
775 2073 845 2109 alia
872 2072 989 2122 priori
1015 2073 1152 2110 radice.

350 2129 384 2165 3.
413 2128 650 2172 PRAETEREA,
681 2126 893 2174 frequenter
919 2125 1108 2162 invenitur
1130 2127 1235 2174 quod
1265 2139 1352 2163 ava-

293 2180 387 2227 ritia,
404 2192 503 2228 quae
519 2178 703 2227 cupiditas
722 2178 951 2226 nominatur,
967 2178 1085 2215 oritur
1103 2191 1148 2215 ex
1168 2179 1247 2215 aliis
1265 2191 1352 2228 pec—

294 2233 404 2270 catis:
433 2239 524 2281 puta
557 2244 644 2268 cum
674 2231 758 2279 quis
791 2231 933 2279 appetit
963 2231 1166 2279 pecuniam
1198 2240 1353 2280 propter

293 2285 556 2333 ambitionem,
576 2284 638 2321 vel
656 2291 697 2320 ut
716 2283 917 2321 satisfaciat
935 2284 1056 2331 gulae.
1077 2285 1169 2321 Non
1190 2297 1277 2332 ergo
1299 2293 1354 2322 est

293 2338 397 2376 radix
425 2338 597 2375 omnium
625 2343 883 2386 peccatorum.

346 2391 421 2428 SED
441 2402 587 2428 CONTRA
605 2401 670 2426 EST
690 2389 795 2437 quod
815 2388 902 2426 dicit
920 2389 1138 2438 Apostolus,
1159 2391 1173 2426 I
1189 2391 1240 2427 ad
1257 2391 1349 2427 Tim.

290 2445 355 2481 ult.
371 2444 406 2480 *ε
436 2443 566 2480 Radix
592 2443 760 2479 omnium
788 2442 976 2478 malorum
1000 2447 1054 2478 est
1079 2442 1269 2491 cupiditas.

345 2497 571 2534 REsposnsso
590 2507 773 2532 mcx-:NDUM
792 2495 897 2543 quod
917 2495 1127 2532 secundum
1148 2496 1349 2544 quosdam,

293 2549 476 2600 cupiditas
495 2548 747 2597 multipliciter
766 2552 783 2568 ‘²
803 2547 944 2584 dicitur.
971 2547 1058 2584 Uno
1078 2549 1210 2596 modo,
1238 2557 1353 2597 prout

292 2609 348 2639 est
362 2602 548 2651 appetitus
567 2601 802 2638 inordinatus
823 2600 1050 2637 divitiarum.
1066 2601 1116 2637 Et
1130 2601 1183 2638 sic
1199 2610 1254 2638 est
1268 2615 1352 2650 spe-

292 2654 383 2692 ciale
410 2661 621 2704 peccatum.
638 2675 662 2681 -
682 2653 766 2690 Alio
787 2653 922 2699 modo,
948 2653 1160 2690 secundum
1180 2655 1285 2703 quod
1306 2655 1351 2691 si-

291 2707 444 2755 gnificat
462 2707 718 2744 inordinatum
739 2706 949 2755 appetitum,
968 2706 1240 2756 cuiuscumque
1259 2707 1351 2744 boni

290 2759 522 2809 temporalis.
552 2760 601 2796 Et
629 2759 681 2796 sic
701 2766 756 2795 est
783 2771 901 2806 genus
922 2758 1047 2795 omnis
1065 2760 1229 2808 peccati:
1259 2772 1348 2797 nam

289 2813 328 2850 in
348 2813 454 2850 omni
473 2820 629 2862 peccato
651 2819 706 2848 est
724 2811 936 2848 inordinata
956 2812 1157 2849 conversio
1178 2813 1226 2850 ad
1247 2825 1350 2849 com-

290 2865 469 2903 mutabile
498 2866 659 2910 bonum,
689 2871 731 2901 ut
750 2864 892 2901 dictum
914 2871 969 2901 est
986 2863 1016 2900 *.
1033 2886 1056 2892 -
1078 2865 1208 2902 Tertio
1229 2865 1348 2902 modo

290 2918 450 2956 sumitur
481 2926 593 2967 prout
625 2917 810 2966 significat
842 2917 1034 2966 quandam
1067 2917 1348 2955 inclinationem

289 2979 446 3008 naturae
466 2978 665 3020 corruptae
681 2970 730 3007 ad
743 2970 845 3007 bona
865 2969 1120 3019 corruptibilia
1139 2970 1348 3008 inordinate

289 3024 514 3073 appetenda.
535 3024 584 3060 Et
603 3023 656 3060 sic
672 3023 798 3060 dicunt
817 3023 1059 3071 cupiditatem
1080 3035 1160 3060 esse
1181 3022 1349 3061 radicem

289 3076 463 3114 omnium
490 3084 747 3126 peccatorum,
768 3075 816 3113 ad
836 3075 1119 3112 similitudinem
1140 3076 1273 3112 radicis
1293 3089 1350 3113 ar-

288 3129 403 3177 boris,
433 3141 530 3178 quae
560 3141 605 3165 ex
632 3136 731 3166 terra
757 3128 868 3165 trahit
896 3128 1136 3164 alimentum:
1166 3128 1218 3164 sic
1247 3128 1348 3166 enim

289 3193 334 3218 ex
372 3194 503 3219 amore
537 3194 664 3219 rerum
698 3180 966 3230 temporalium
1001 3192 1116 3217 omne
1147 3189 1347 3229 peccatum

315 3235 468 3272 rocedit.

286 3247 312 3284 p
340 3287 390 3324 Et
407 3287 503 3324 haec
522 3287 679 3336 quidem
700 3285 877 3336 quamvis
895 3297 988 3321 vera
1007 3284 1089 3330 sint,
1112 3296 1188 3321 non
1218 3292 1345 3322 tamen

340 3417 367 3451 α)
388 3418 578 3450 multipliciter.
595 3431 614 3436 -
633 3417 773 3449 tripliciter
791 3417 836 3440 Pa.
1157 3432 1161 3436 .

339 3451 364 3490 β)
384 3453 556 3484 adimplendi.
574 3466 592 3471 -
611 3452 754 3476 adhibendi
773 3449 1050 3481 PACDFGHIKLpBE
1071 3455 1095 3473 et
1113 3457 1138 3473 a.

427 3541 536 3566 Summa
555 3541 654 3565 ΤΗι-ῑοι.
675 3540 705 3563 D.
721 3539 833 3563 ’rueme
853 3538 883 3562 Τ.
903 3538 944 3562 lv.

1410 1440 1586 1477 videntur
1606 1454 1687 1478 esse
1707 1445 1916 1481 secundum
1937 1445 2181 1483 intentionem
2196 1450 2378 1496 Apostoli,
2399 1452 2462 1498 qui

1411 1492 1500 1529 dixit
1527 1493 1769 1542 cupiditatem
1790 1508 1871 1532 esse
1896 1497 2062 1534 radicem
2090 1499 2263 1536 omnium
2290 1511 2462 1549 peccato-

1411 1556 1506 1582 rum.
1537 1547 1737 1584 Manifeste
1767 1548 1868 1586 enim
1887 1549 1939 1586 ibi
1959 1550 2123 1598 loquitur
2149 1560 2278 1590 contra
2299 1566 2364 1591 eos
2384 1556 2459 1603 qui,

1411 1609 1495 1634 cum
1519 1599 1633 1635 velint
1657 1600 1786 1637 divites
1802 1602 1906 1649 fieri,
1936 1602 2102 1639 incidunt
2127 1604 2164 1640 in
2188 1607 2402 1644 tentationes
2429 1614 2465 1644 et

1411 1650 1446 1686 in
1476 1651 1649 1699 laqueum
1677 1653 1826 1696 diaboli,
1856 1666 1899 1691 eo
1923 1656 2024 1702 quod
2049 1656 2162 1692 radix
2188 1659 2354 1695 omnium
2383 1672 2461 1696 ma-

1408 1702 1529 1740 lorum
1549 1710 1603 1740 est
1618 1706 1797 1752 cupiditas
1819 1707 1858 1743 ³¹⁸:
1888 1708 1990 1744 unde
2018 1708 2257 1747 manifestum
2277 1718 2333 1747 est
2359 1714 2462 1759 quod
2490 1718 2499 1727 ¹
2520 1718 2555 1740 Cf·
2577 1719 2621 1740 ¹⁰⁰·
2643 1719 2681 1741 cit·

1408 1756 1570 1804 loquitur
1599 1757 1646 1794 de
1676 1758 1875 1806 cupiditate
1904 1760 2113 1797 secundum
2143 1762 2246 1810 quod
2266 1771 2320 1800 est
2348 1777 2462 1813 appe·
2488 1750 2629 1772 vm'9'm'

1409 1808 1494 1845 titus
1530 1809 1763 1848 inordinatus
1798 1811 2023 1849 divitiarum.
2053 1814 2101 1850 Et
2128 1815 2338 1853 secundum
2366 1818 2460 1865 hoc,

1411 1861 1613 1899 dicendum
1635 1871 1690 1900 est
1709 1865 1812 1912 quod
1832 1865 2031 1913 cupiditaS,
2052 1867 2262 1904 secundum
2282 1870 2386 1916 quod
2406 1879 2461 1906 est

1409 1915 1569 1962 speciale
1588 1923 1798 1963 peccatum,
1820 1917 1953 1954 dicitur
1971 1918 2075 1955 radix
2099 1920 2271 1957 omnium
2289 1930 2461 1969 peccato-

1409 1980 1494 2004 rum
1508 1968 1539 2015 ²⁸,
1562 1969 1609 2004 ad
1629 1968 1907 2006 similitudinem
1928 1971 2061 2007 radicis
2090 1972 2244 2018 arboris,
2274 1985 2371 2021 quae
2395 1975 2460 2011 ali-
2486 1978 2694 2032 333523354113291

1409 2028 1578 2057 mentum
1606 2029 1770 2069 praestat
1787 2022 1854 2058 toti
1873 2023 2008 2059 arbori.
2030 2023 2213 2061 Videmus
2233 2025 2334 2062 enim
2355 2028 2459 2074 quod
2535 2021 2540 2032 ’
2598 2013 2622 2034 7’
2655 2014 2694 2033 ⁴⁴*

1407 2085 1475 2120 per
1495 2073 1641 2110 divitias
1659 2075 1778 2111 homo
1799 2075 1956 2124 acquirit
1979 2076 2192 2113 facultatem
2220 2080 2458 2126 perpetrandi

1407 2126 1675 2175 quodcumque
1689 2134 1900 2175 peccatum,
1914 2135 1950 2164 et
1963 2127 2217 2176 adimplendip
2232 2130 2457 2169 desiderium
2581 2133 2595 2166 β
2625 2154 2627 2159 ,

1409 2179 1679 2226 cuiuscumque
1707 2180 1868 2227 peccati:
1890 2192 1935 2216 eo
1957 2181 2059 2228 quod
2080 2181 2127 2218 ad
2146 2183 2321 2220 habenda
2344 2196 2457 2231 quae-

1407 2243 1569 2279 cumque
1597 2232 1819 2280 temporalia
1837 2233 1950 2279 bona,
1979 2241 2103 2281 potest
2120 2234 2239 2271 homo
2258 2247 2327 2283 per
2343 2248 2457 2284 pecu-

1408 2284 1506 2321 niam
1537 2284 1672 2329 iuvari3
1704 2285 1914 2322 secundum
1943 2286 2046 2334 quod
2076 2286 2207 2323 dicitur
2233 2288 2354 2324 Eccle.
2373 2302 2397 2325 x
2415 2289 2454 2326 *ε
2483 2302 2573 2324 ‘Ver-s.
2587 2309 2617 2330 19.

1406 2337 1589 2373 Pecuniae
1607 2337 1781 2374 obediunt
1797 2338 1935 2374 omnia.
1957 2338 2005 2374 Et
2024 2339 2233 2376 secundum
2252 2341 2337 2388 hoc,
2356 2349 2457 2390 patet

1407 2390 1509 2438 quod
1538 2389 1720 2438 cupiditas
1749 2390 1964 2427 divitiarum
1985 2397 2039 2427 est
2057 2391 2160 2428 rddix
2181 2392 2352 2429 omnium
2370 2406 2457 2442 pec-

1407 2450 1586 2479 catorum.

1459 2497 1516 2531 AD
1536 2506 1671 2531 PRiMUM
1690 2506 1785 2531 ERGO
1814 2507 1997 2532 DICENDUM
2025 2496 2128 2544 quod
2153 2508 2232 2533 non
2251 2497 2298 2533 ab
2319 2498 2454 2534 eodem

1406 2548 1520 2584 oritur
1547 2547 1662 2584 virtus
1683 2554 1719 2583 et
1736 2555 1947 2596 peccatum.
1979 2547 2108 2584 Oritur
2131 2548 2231 2585 enirn
2258 2557 2455 2597 peccatum

1407 2613 1451 2637 ex
1479 2600 1644 2649 appetitu
1669 2600 1946 2636 commutabilis
1971 2601 2061 2636 boni
2080 2600 2114 2636 *z
2141 2607 2176 2637 et
2203 2600 2287 2637 ideo
2316 2603 2455 2650 appeti·
2483 2614 2600 2643 ·D·998-

1405 2662 1464 2690 tus
1484 2653 1578 2689 illius
1607 2652 1696 2689 boni
1723 2652 1827 2700 quod
1846 2652 1949 2689 iuvat
1968 2650 2016 2689 ad
2036 2653 2303 2701 consequenda
2327 2654 2455 2691 omnia

1405 2706 1625 2755 temporalia
1649 2706 1762 2752 bona,
1783 2705 1885 2741 radix
1903 2712 2146 2754 peccatorum
2167 2705 2308 2742 dicitur.
2329 2706 2454 2744 Virtus

1405 2766 1531 2796 autem
1560 2758 1676 2794 oritur
1695 2769 1739 2793 ex
1758 2757 1923 2806 appetitu
1952 2757 2268 2794 incommutabilis
2288 2758 2393 2795 boni:
2418 2767 2455 2796 et

1404 2812 1489 2849 ideo
1520 2811 1667 2857 caritas,
1702 2822 1799 2858 quae
1829 2818 1883 2846 est
1914 2822 2022 2846 amor
2050 2809 2138 2857 Dei,
2171 2810 2323 2858 ponitur
2351 2811 2453 2848 radix

1403 2865 1582 2901 virtutum
1597 2863 1631 2908 *;
1662 2862 1871 2899 secundum
1899 2862 1989 2898 illud
2011 2863 2143 2910 Ephes.
2157 2875 2191 2898 111
2206 2861 2266 2898 ἠε
2291 2864 2336 2899 In
2357 2865 2453 2900 cari·
2479 2880 2489 2889 ·

1404 2924 1475 2954 tate
1502 2916 1659 2953 radicati
1685 2921 1720 2951 et
1734 2916 1899 2963 fundati.

1457 2972 1514 3006 AD
1544 2980 1730 3006 SECUNDUM
1749 2980 1930 3004 DICENDUM
1950 2967 2054 3015 quod
2073 2966 2257 3015 appetitus
2276 2968 2453 3015 pecunia-

1405 3035 1488 3060 rum
1519 3022 1651 3058 dicitur
1679 3033 1760 3057 esse
1789 3020 1891 3057 radix
1923 3027 2184 3068 peccatorum,
2214 3031 2293 3056 non
2321 3019 2409 3067 quia
2436 3025 2452 3048 Υ
2576 3030 2591 3054 γ

1406 3075 1555 3112 divitiae
1582 3081 1738 3123 propter
1764 3086 1804 3109 se
1833 3080 2070 3121 quaerantur,
2095 3079 2275 3119 tanquam
2299 3071 2452 3109 ultimus

1402 3127 1509 3165 finis:
1539 3126 1605 3163 sed
1634 3125 1720 3174 quia
1748 3126 1908 3161 multum
1938 3132 2168 3173 quaeruntur
2199 3131 2241 3160 ut
2267 3124 2375 3160 utiles
2404 3125 2452 3162 ad

1403 3191 1558 3216 omnem
1587 3177 1834 3226 temporalem
1871 3177 2000 3213 finem.
2036 3177 2084 3212 Et
2116 3175 2204 3226 quia
2236 3176 2449 3214 universale

1402 3233 1546 3268 bonum
1566 3238 1620 3267 est
1643 3229 1877 3278 appetibilius
1906 3241 2021 3278 quarn
2051 3229 2203 3278 aliquod
2230 3229 2451 3278 particulare

1403 3285 1563 3329 bonum,
1598 3282 1683 3319 ideo
1716 3281 1833 3329 magis
1867 3289 2023 3319 movent
2051 3279 2064 3302 δ
2098 3281 2306 3331 appetitum
2336 3294 2451 3330 quam
2575 3286 2588 3311 ὃ

1452 3413 1478 3446 γ)
1494 3413 1564 3445 quia.
1577 3426 1594 3431 -
1606 3413 1709 3444 quidem
1725 3413 1786 3444 quia
1801 3412 1852 3441 Pa;
1865 3414 1944 3437 altero
1960 3414 2017 3438 loco
2028 3421 2079 3437 om.
2091 3413 2274 3442 ABCDEGIL;
2290 3416 2415 3444 tanquam

1399 3451 1564 3480 quaeruntur
1582 3455 1634 3471 om.
1654 3447 1681 3471 F.

1452 3482 1475 3516 ὃ)
1497 3486 1608 3507 movent.
1626 3496 1644 3501 —
1663 3486 1748 3507 movet
1767 3483 1812 3507 Pa.

2260 3544 2289 3566 14
