2840 4010
361 150 434 185 258

1061 143 1325 191 QUAESTIO
1356 143 1457 189 CIV,
1487 143 1782 180 ARTICULUS
1811 145 1825 180 1

815 315 1227 395 QUAESTIO
1267 315 2081 393 CENTESIMAQUARTA

987 444 1070 484 DE
1103 443 1474 485 PRAECEPTIS
1507 443 1913 485 IUDICIALIBUS

1142 568 1175 592 IN
1205 567 1378 598 QUATUOR
1405 567 1605 594 ARTICULOS
1633 568 1749 593 DIVISA

438 683 700 715 ONSEQUENTER
724 669 1046 708 considerandum
1064 678 1119 707 est
1139 671 1185 708 de
1205 670 1417 719 praeceptis

359 683 709 771 Ciudicialibus*.
731 724 780 760 Et
798 723 936 772 primo,
955 723 1274 760 considerandum
1297 732 1352 760 est
1369 724 1418 761 de

118 792 126 800 ·
142 790 178 811 cf.
193 796 231 817 qu·
248 795 273 815 c,
289 788 327 810 1n-
355 779 444 827 ipsis
459 778 498 815 in
513 777 725 823 communi;
746 776 928 824 secundo,
946 777 992 814 de
1013 776 1221 827 rationibus
1237 788 1371 813 eorum
1385 776 1416 813 ²¹⁸.

118 816 177 838 trod.

118 845 125 853 ·
142 843 189 870 Qu.
205 849 242 864 cv.

150 2801 174 2855 ορ

176 2807 197 2849 F?

357 832 466 869 Circa
493 831 658 880 primurn
688 837 922 879 quaeruntur
950 837 1124 878 quatuor.

1525 670 1674 707 Primo:
1704 683 1804 718 quae
1832 671 1904 709 sint
1931 671 2117 709 iudicialia
2143 680 2356 722 praecepta.

1527 723 1726 761 Secundo:
1756 731 1882 761 utrum
1911 725 1984 762 sint
2010 725 2192 774 figuralia.

1526 777 1677 815 Tertio:
1709 776 1756 813 de
1786 777 1982 815 duratione
2011 791 2157 816 eorum.

1529 834 1694 880 Quarto:
1726 831 1773 868 de
1803 830 2039 869 distinctione
2069 844 2215 869 eorum.

1168 945 1484 988 ARTICULUS
1515 944 1719 987 PRIMUS

724 1039 880 1070 UTRUM
905 1038 1039 1070 RATIO
1064 1038 1419 1070 PRAECEPTORUM
1443 1037 1714 1068 IUDICIALIUM
1739 1035 1979 1066 CONSISTAT
2005 1035 2047 1067 ΙΝ
2071 1035 2163 1068 HOC

998 1083 1121 1121 QUOD
1147 1083 1260 1125 SUNT
1284 1082 1555 1113 ORDINANTIA
1579 1081 1636 1111 AD
1660 1079 1890 1111 PROXIMUM

1271 1161 1362 1193 Supra,
1382 1168 1426 1193 qu.
1445 1167 1511 1190 παυς,
1530 1165 1576 1185 art.
1595 1167 1622 1191 4.

380 1267 445 1315 22⁴&
472 1271 541 1314 ,Ἀ
568 1262 590 1287 D
619 1261 755 1309 ιζκιΜυΜ
784 1261 837 1286 sxc
866 1260 1105 1308 ramum-rua:
1132 1248 1292 1308 Videtur
1315 1248 1419 1297 quod

371 1292 554 1402 {JAZZ
569 1311 663 1340 ratio
677 1310 972 1352 praeceptorum
989 1302 1222 1346 1ud1c1alium
1238 1313 1318 1338 non
1332 1314 1420 1339 con-

431 1372 485 1391 ’,ΠΧ
524 1375 541 1397 5,

371 1387 395 1417 ρ
411 1385 509 1443 (ᾗῇ)
523 1401 797 1459 Xprmimum.
828 1408 1020 1446 Iudicialia
1049 1407 1151 1444 enim
1171 1411 1377 1457 praecepta
1398 1420 1420 1444 a

356 1461 496 1499 iudicio
527 1462 712 1500 dicuntur.
743 1462 821 1499 Sed
850 1462 968 1498 multa
988 1468 1075 1498 sunt
1098 1460 1169 1498 alia
1190 1461 1329 1508 quibus
1351 1461 1420 1498 ho-

357 1528 422 1552 mo
444 1515 491 1552 ad
515 1516 733 1564 proximum
763 1515 969 1561 ordinatur,
1000 1526 1097 1563 quae
1127 1526 1205 1551 non
1233 1513 1420 1563 pertinent

357 1569 405 1606 ad
425 1569 600 1606 ordinem
620 1574 637 1590 α
656 1568 894 1605 iudiciorum.
920 1568 1012 1604 Non
1032 1579 1122 1614 ergo
1141 1575 1344 1615 praecepta
1364 1567 1418 1603 iu-

358 1622 503 1659 dicialia
532 1622 707 1659 dicuntur
736 1621 873 1670 quibus
897 1622 1017 1658 homo
1039 1620 1233 1658 ordinatur
1261 1620 1308 1657 ad
1333 1632 1419 1669 pro-

356 1687 514 1712 ximum.

411 1740 445 1765 2.
467 1729 704 1774 PRAETEREA,
733 1734 936 1776 praecepta
964 1725 1150 1762 iudicialia
1170 1738 1192 1762 a
1211 1725 1418 1763 moralibus

208 1794 262 1810 ¹0¹
286 1794 311 1810 υ
357 1781 647 1829 distinguuntur,
677 1788 719 1817 ut
746 1793 861 1828 supra
882 1781 901 1801 *
931 1779 1074 1816 dictum
1103 1786 1168 1815 est.
1199 1779 1275 1816 Sed
1300 1780 1419 1816 multa

355 1842 559 1884 praecepta
591 1833 750 1871 moralia
783 1841 870 1870 sunt
902 1832 1040 1881 quibus
1073 1832 1194 1868 homo
1223 1832 1419 1870 ordinatur

357 1889 406 1925 ad
433 1888 670 1936 proximum:
701 1887 797 1923 sicut
828 1893 931 1935 patet
959 1885 998 1922 in
1026 1892 1173 1934 septem
1206 1885 1419 1935 praeceptis

357 1941 548 1978 secundae
577 1940 740 1978 tabulae.
772 1940 863 1976 Non
893 1951 981 1987 ergo
1010 1945 1213 1987 praecepta
1233 1938 1419 1976 iudicialia

358 1994 533 2031 dicuntur
561 2006 607 2030 ex
634 1994 709 2030 hoc
737 1993 844 2041 quod
873 1991 921 2029 ad
949 1991 1167 2040 proximum
1197 1991 1383 2030 ordinant.

413 2048 446 2084 3.
476 2048 715 2094 PRAETEREA,
745 2046 839 2082 sicut
867 2057 908 2082 se
936 2045 1078 2082 habent
1105 2053 1308 2094 praecepta
1336 2057 1418 2083 cae-

358 2100 581 2137 remonialia
595 2100 644 2137 ad
660 2100 801 2147 Deum,
818 2099 868 2135 ita
884 2110 923 2135 se
943 2095 1086 2136 habent
1106 2097 1292 2136 iudicialia
1310 2111 1419 2148 prae-

299 2169 329 2190 σι,
359 2161 466 2202 cepta
495 2153 545 2190 ad
571 2153 803 2202 proximum,
824 2159 865 2188 ut
885 2163 999 2200 supra
1019 2152 1039 2172 *
1069 2150 1213 2188 dictum
1242 2158 1309 2189 est.
1340 2151 1418 2189 Sed

358 2207 453 2244 inter
472 2213 675 2255 praecepta
694 2204 986 2242 caeremonialia
1006 2211 1093 2241 sunt
1107 2203 1300 2252 quaedam
1319 2209 1418 2255 quae

357 2260 544 2310 pertinent
572 2259 622 2296 ad
641 2258 822 2308 seipsum,
844 2257 939 2295 sicut
958 2257 1223 2294 observantiae
1245 2257 1418 2296 ciborum

254 2328 279 2344 ar
324 2338 329 2349 ‚
359 2321 396 2350 et
422 2313 752 2359 vestimentorum,
774 2312 821 2349 de
842 2310 981 2359 quibus
1007 2322 1121 2360 supra
1139 2310 1160 2332 *
1188 2310 1331 2349 dictum
1351 2319 1416 2349 est.

212 2807 241 2850 gb(

230 2807 269 2849 :3³

358 2367 460 2414 Ergo
490 2372 692 2416 praecepta
728 2363 916 2402 iudicialia
950 2376 1028 2400 non
1058 2375 1102 2400 ex
1133 2363 1209 2400 hoc
1244 2363 1419 2403 dicuntur

358 2419 464 2468 quod
492 2419 670 2456 ordinent
696 2417 894 2455 hominem
924 2417 971 2454 ad
1000 2415 1230 2466 proximum.

413 2473 487 2510 SED
521 2483 666 2509 CONTRA
698 2482 765 2508 EST
796 2470 902 2518 quod
935 2469 1070 2507 dicitur
1098 2470 1236 2506 Ezech.
1266 2481 1350 2509 xvm
1378 2470 1417 2519 *,

358 2525 454 2567 inter
486 2533 610 2562 cetera
643 2525 746 2561 bona
778 2535 896 2572 opera
927 2522 999 2559 viri
1032 2522 1138 2559 iusti:
1172 2523 1215 2559 Si
1240 2522 1418 2561 iudicium

357 2591 490 2616 verum
498 2578 641 2627 fecerit
657 2578 753 2614 inter
769 2577 894 2614 virum
915 2581 951 2612 et
967 2576 1103 2613 virum.
1135 2575 1211 2613 Sed
1231 2575 1419 2614 iudicialia

358 2639 561 2681 praecepta
589 2643 611 2668 a
638 2630 778 2668 iudicio
803 2629 990 2667 dicuntur.
1021 2629 1123 2676 Ergo
1142 2637 1346 2679 praecepta
1363 2629 1419 2667 iu-

359 2685 505 2722 dicialia
531 2683 711 2722 videntur
744 2682 816 2720 dici
853 2681 914 2718 illa
943 2693 1041 2729 quae
1069 2681 1258 2730 pertinent
1285 2682 1334 2720 ad
1359 2695 1420 2720 or-

360 2738 592 2776 dinationem
621 2736 824 2774 hominum
852 2734 901 2772 ad
930 2734 1107 2771 invicem.

412 2793 638 2828 REsponnsso
653 2800 838 2827 mCENDUM
857 2787 975 2837 quod,
992 2787 1086 2824 sicut
1103 2799 1146 2823 ex
1163 2787 1387 2837 supradictis
1399 2788 1421 2811 ‘⁸‘

360 2852 473 2893 patet,
501 2850 794 2893 praeceptorum
824 2841 1099 2889 cuiuscumque
1118 2840 1209 2888 legis
1229 2841 1420 2890 quaedam

361 2898 502 2935 habent
528 2897 610 2934 vim
639 2894 831 2944 obligandi
855 2906 901 2930 ex
925 2893 1008 2942 ipso
1029 2893 1235 2930 dictamine
1255 2894 1420 2942 rationis,

361 2950 449 2998 quia
477 2949 658 2987 naturalis
686 2948 780 2986 ratio
811 2947 925 2984 dictat
944 2947 1019 2982 hoc
1044 2958 1126 2983 esse
1147 2945 1318 2984 debitum
1338 2948 1420 2985 fieri

360 3003 422 3040 vel
449 3003 569 3040 vitari.
601 3003 649 3039 Et
676 2999 897 3039 huiusmodi
915 3006 1118 3048 praecepta
1144 2998 1318 3037 dicuntur
1341 3012 1421 3038 mo-

362 3056 477 3093 ralia:
499 3068 544 3092 eo
569 3056 672 3104 quod
693 3067 715 3091 a
734 3053 880 3091 ratione
906 3052 1081 3089 dicuntur
1101 3064 1228 3089 mores
1248 3053 1417 3091 humani.

362 3129 385 3136 -
401 3108 485 3145 Alia
503 3121 597 3146 vero
617 3114 820 3157 praecepta
839 3113 926 3143 sunt
954 3117 1052 3154 quae
1081 3117 1159 3142 non
1178 3106 1322 3144 habent
1339 3106 1420 3144 vim

363 3161 552 3208 obligandi
573 3173 618 3198 ex
637 3161 720 3210 ipso
750 3158 953 3198 dictamine
983 3157 1147 3204 rationis,
1174 3158 1263 3207 quia
1282 3159 1422 3197 scilicet

363 3213 402 3249 in
429 3226 470 3250 se
499 3214 735 3251 considerata
763 3224 842 3250 non
870 3211 1012 3248 habent
1041 3211 1211 3248 absolute
1232 3212 1419 3251 rationem

365 3265 478 3302 debiti
500 3267 563 3303 vel
590 3266 762 3312 indebiti,
792 3264 860 3302 sed
887 3264 1029 3301 habent
1051 3263 1131 3300 vim
1163 3264 1354 3313 obligandi
1375 3278 1420 3303 ex

365 3317 489 3366 aliqua
517 3318 746 3355 institutione
775 3317 904 3355 divina
922 3316 983 3353 vel
1012 3316 1193 3354 humana.
1224 3318 1273 3356 Et
1291 3318 1420 3356 huius-

417 3430 444 3465 α)
464 3431 594 3456 ordinem.
611 3444 630 3450 -
647 3432 842 3457 ordinationem
861 3434 906 3458 Pa.

417 3466 442 3500 β)
454 3467 537 3499 fiunt.
555 3480 573 3485 —
590 3470 651 3491 sunt
670 3467 780 3491 codices.

568 1356 672 1393 sistat
699 1356 737 1393 in
765 1357 840 1393 hoc
868 1355 974 1404 quod
1011 1362 1098 1391 sunt
1130 1350 1343 1392 ordinantia
1371 1354 1435 1392 ad*

1475 1249 1581 1286 modi
1619 1255 1706 1285 sunt
1737 1247 2071 1285 determinationes
2105 1248 2298 1297 quaedam
2326 1249 2530 1293 moralium

1472 1308 1775 1351 praeceptorum.
1815 1300 1855 1337 Si
1892 1300 2002 1348 igitur
2039 1300 2337 1338 determinentur
2371 1303 2531 1343 moralia

1472 1363 1675 1404 praecepta
1702 1367 1770 1403 per
1802 1353 2074 1391 institutionem
2108 1354 2277 1392 divinam
2306 1354 2345 1392 in
2372 1355 2431 1392 his
2462 1350 2531 1409 per

1474 1420 1572 1456 quae
1609 1407 1804 1445 ordinatur
1835 1407 1956 1444 horno
1989 1407 2038 1445 ad
2070 1408 2215 1456 Deum,
2243 1408 2331 1446 talia
2359 1406 2532 1461 dicentur

1471 1468 1674 1511 praecepta
1703 1459 2004 1497 caeremonialia.
2025 1481 2048 1488 —
2069 1460 2109 1498 Si
2129 1467 2258 1499 autem
2286 1461 2326 1499 in
2351 1461 2410 1500 his
2430 1474 2530 1511 quae

1472 1514 1658 1563 pertinent
1686 1513 1733 1550 ad
1763 1513 2041 1551 ordinationem
2061 1514 2262 1552 hominum
2282 1515 2332 1552 ad
2351 1515 2528 1564 invicem,

1472 1567 1559 1604 talia
1575 1567 1744 1604 dicentur
1761 1573 1965 1615 praecepta
1983 1566 2184 1605 iudicialia.
2205 1569 2248 1605 In
2268 1568 2419 1606 duobus
2439 1581 2529 1618 ergo

1473 1620 1640 1657 consistit
1673 1620 1766 1656 ratio
1794 1618 2025 1657 iudicialium
2051 1628 2363 1670 praeceptorum:
2393 1621 2532 1660 scilicet

1472 1681 1513 1710 ut
1539 1673 1751 1722 pertineant
1778 1672 1827 1709 ad
1856 1671 2135 1710 ordinationem
2167 1674 2371 1712 hominum
2399 1674 2449 1712 ad
2474 1674 2530 1713 in-

1471 1727 1619 1773 vicem3
1649 1733 1685 1763 et
1711 1734 1753 1762 ut
1779 1738 1858 1762 non
1886 1726 2052 1763 habeant
2069 1726 2150 1764 vim
2175 1727 2366 1776 obligandi
2386 1739 2432 1765 ex
2449 1728 2531 1766 sola

1473 1780 1629 1827 ratione,
1659 1779 1726 1816 sed
1755 1791 1800 1816 ex
1827 1778 2069 1817 institutione.

1525 1835 1584 1870 AD
1617 1845 1754 1870 Pmmum
1781 1843 1880 1869 ERGO
1908 1844 2093 1870 chsnnum
2121 1833 2227 1882 quod
2258 1833 2397 1871 iudicia
2426 1845 2531 1879 exer*

1473 1894 1604 1924 centur
1632 1885 1759 1923 officio
1789 1885 2004 1933 aliquorum
2031 1885 2265 1934 principum,
2294 1886 2360 1936 qui
2389 1884 2532 1929 habent
2586 1919 2588 1923 ,

1471 1946 1698 1988 potestatem
1727 1937 1930 1976 iudicandi.
1959 1938 2020 1975 Ad
2049 1938 2260 1988 principem
2290 1947 2418 1978 autem
2445 1950 2531 1991 per-

1472 1992 1564 2030 tinet
1591 2005 1670 2029 non
1699 1992 1823 2029 solum
1853 1991 2029 2029 ordinare
2055 1991 2101 2028 de
2121 1992 2180 2029 his
2200 2004 2298 2042 quae
2316 1992 2476 2032 veniunt
2487 2005 2532 2039 in

1471 2045 1641 2094 litigium,
1662 2046 1729 2083 sed
1749 2044 1863 2082 etiam
1884 2044 1931 2082 de
1950 2045 2169 2086 voluntariis
2189 2043 2537 2097 contractibusflqni,

1471 2099 1568 2136 inter
1594 2098 1770 2135 homines
1797 2098 1896 2135 fiunt
1914 2096 1941 2144 β,
1971 2105 2007 2135 et
2035 2097 2082 2135 de
2111 2099 2291 2136 omnibus
2313 2099 2532 2149 pertinenti>

1476 2153 1548 2189 bus
1577 2152 1625 2188 ad
1653 2151 1784 2200 populi
1806 2150 2120 2188 communitatem
2146 2159 2183 2189 et
2207 2152 2390 2201 regimen.
2420 2148 2535 2192 Unde

1471 2212 1676 2254 praecepta
1699 2203 1885 2241 iudicialia
1903 2216 1982 2241 non
2002 2205 2128 2242 solum
2149 2212 2236 2251 sunt
2253 2205 2316 2243 illa
2334 2218 2432 2256 quae
2446 2203 2537 2256 pet&¹

1472 2258 1592 2296 tinent
1611 2258 1659 2295 ad
1677 2257 1758 2294 lites
1778 2257 2021 2304 iudiciorum;
2042 2257 2110 2295 sed
2131 2257 2244 2296 etiam
2265 2252 2533 2310 quaecumque

1471 2311 1659 2361 pertinent
1686 2311 1734 2348 ad
1764 2310 2043 2348 ordinationem
2062 2311 2264 2349 hominum
2284 2311 2334 2351 ad
2353 2312 2531 2361 invicem,

1473 2377 1571 2414 quae
1599 2365 1728 2401 subest
1756 2363 1984 2402 ordinationi
2002 2363 2182 2414 principis
2201 2372 2384 2414 tanquam
2403 2376 2534 2415 supro-

1473 2418 1526 2456 mi
1553 2417 1696 2455 iudicis.

1525 2473 1584 2508 An
1613 2482 1801 2508 SECUNDUM
1829 2481 2014 2507 memnon
2043 2469 2148 2519 quod
2167 2469 2262 2507 ratio
2282 2470 2344 2508 illa
2360 2469 2534 2520 procedit

1473 2525 1520 2562 de
1550 2523 1618 2561 illis
1643 2529 1659 2551 Ὺ
1686 2523 1898 2572 praeceptis
1927 2522 2188 2560 ordinantibus
2216 2523 2265 2561 ad
2291 2523 2535 2573 proximum,

1473 2589 1571 2626 quae
1600 2577 1741 2614 habent
1759 2576 1839 2614 vim
1869 2575 2062 2624 obligandi
2085 2588 2131 2613 ex
2150 2576 2232 2613 solo
2252 2576 2456 2615 dictamine
2475 2589 2534 2614 ra-

1471 2630 1595 2668 tionis.

1526 2686 1584 2720 AD
1613 2694 1772 2719 Tam-mm
1800 2693 1983 2719 DICENDUM
2007 2683 2112 2730 quod
2141 2682 2254 2719 etiarn
2282 2682 2321 2719 in
2348 2682 2407 2719 his
2434 2693 2536 2732 quae

1474 2736 1649 2785 ordinant
1677 2736 1726 2772 ad
1754 2736 1895 2782 Deum,
1925 2735 2117 2783 quaedam
2137 2743 2224 2772 sunt
2243 2735 2414 2783 moralia,
2435 2746 2533 2784 quae

1472 2789 1554 2838 ipsa
1582 2788 1675 2825 ratio
1704 2788 1781 2826 fide
1810 2788 2014 2826 informata
2038 2787 2167 2826 dictat:
2188 2788 2284 2826 sicut
2302 2789 2431 2826 Deum
2451 2800 2534 2827 esse

1474 2842 1683 2879 amandum
1704 2849 1739 2878 et
1760 2841 1975 2879 colendum.
2006 2841 2208 2888 Quaedam
2227 2854 2322 2880 vero
2343 2849 2430 2879 sunt
2449 2853 2535 2882 cae·

1474 2894 1715 2942 remonialia,
1752 2906 1849 2943 quae
1869 2902 1962 2931 ¹non
1999 2894 2142 2932 habent
2176 2894 2258 2932 vim
2297 2893 2538 2943 obligationis

1474 2947 1544 2985 nisi
1573 2959 1618 2984 ex
1647 2947 1876 2984 institutione
1906 2947 2045 2984 divina.
2074 2947 2136 2985 Ad
2159 2948 2285 2985 Deum
2304 2955 2431 2985 autem
2451 2956 2536 2997 per·

1473 3001 1592 3038 tinent
1620 3013 1698 3037 non
1718 3001 1844 3037 solum
1868 2999 2050 3037 sacrificia
2069 3001 2196 3038 oblata
2214 3001 2312 3048 Deo,
2333 3000 2401 3038 sed
2420 2998 2534 3039 etiam

1475 3065 1742 3103 quaecumque
1778 3053 1966 3102 pertinent
2003 3053 2053 3091 ad
2089 3053 2334 3091 idoneitatem
2372 3054 2536 3092 offeren-

1473 3107 1569 3144 tium
1603 3114 1639 3144 et
1671 3107 1799 3144 Deum
1834 3106 2048 3144 colentium.
2083 3106 2271 3144 Homines
2305 3107 2406 3144 enim
2435 3105 2535 3144 ordi-

1475 3167 1612 3197 nantur
1638 3160 1676 3197 in
1703 3161 1831 3197 Deum
1861 3159 1956 3197 sicut
1982 3159 2022 3197 in
2047 3159 2183 3197 finem:
2214 3167 2250 3197 et
2276 3159 2362 3198 ideo
2391 3159 2440 3198 ad
2459 3159 2534 3196 cul-

1474 3220 1555 3250 tum
1584 3213 1656 3250 Dei
1684 3213 1865 3262 pertinet,
1896 3220 1932 3250 et
1958 3225 2028 3262 per
2056 3225 2295 3262 consequens
2327 3212 2377 3250 ad
2409 3223 2534 3250 caere-

1475 3266 1657 3303 monialia
1680 3274 1897 3315 praecepta,
1918 3267 2024 3315 quod
2042 3266 2163 3303 homo
2181 3266 2321 3303 habeat
2338 3265 2533 3314 quandam

1474 3319 1719 3357 idoneitatem
1738 3327 1912 3368 respectu
1932 3319 2052 3356 cultus
2071 3318 2199 3357 divini.
2220 3318 2298 3356 Sed
2315 3318 2435 3355 homo
2455 3329 2534 3354 non

1529 3434 1556 3468 γ)
1576 3435 1636 3460 illis.
1654 3448 1673 3454 -
1691 3435 1752 3460 Om.
1773 3435 1818 3460 Ρα.
