2840 4010
126 905 135 913 ·
158 903 213 924 Vid.
234 903 306 924 Levit.

125 936 174 957 cap.
190 936 236 951 xvi.

126 1326 133 1334 ·
149 1324 215 1346 Vers.
232 1324 254 1345 18
270 1330 321 1351 sqq.

124 1484 131 1492 ·
147 1482 212 1503 Vers.
227 1488 248 1509 7.

124 1906 132 1914 ·
150 1904 185 1925 Cf.
195 1902 273 1925 Exod.
283 1910 335 1931 cap.

122 1937 185 1951 ΧΧΧΧΧ

124 2328 133 2336 ·
149 2326 184 2347 Cf.
200 2326 271 2348 Levit.
283 2332 334 2353 cap.

123 2358 174 2379 vm,
188 2359 248 2374 vers.
259 2359 272 2380 7
283 2359 334 2380 sqq.

123 2492 130 2499 ”
147 2490 214 2511 Vcrs.
229 2496 251 2517 ¹7
266 2496 318 2517 sqq.

125 2760 131 2768 ·
147 2758 213 2780 Vers.
229 2760 250 2780 8,

124 2862 131 2869 ·
149 2859 214 2880 Vcrs.
229 2865 264 2885 24.

124 3072 133 3080 '
150 3071 197 3099 QU.
213 3077 243 3097 ει,
259 3075 299 3093 art.
311 3079 334 3098 4.

364 138 438 173 240

363 207 466 254 Ergo
495 206 808 243 inconvenienter
833 211 1078 253 praeceptum
1113 202 1164 238 ibi
1192 201 1260 238 fuit
1286 208 1327 237 ut
1354 212 1422 248 per

363 258 581 296 huiusmodi
610 258 773 295 cinerem
802 263 814 278 ‘⁹
843 268 1038 305 aspersum
1071 254 1261 292 immundi
1293 253 1422 302 purifi-

364 319 548 348 carentur.

418 365 453 401 6.
474 365 706 408 PRAETEREA,
725 369 882 410 peccata
907 373 985 397 non
1014 367 1101 397 sunt
1119 359 1258 408 aliquid
1287 371 1421 408 corpo—

363 418 451 463 rale,
473 416 577 465 quod
596 414 714 463 possit
733 413 868 451 deferri
887 415 934 450 de
953 414 1038 450 loco
1059 413 1107 450 ad
1126 414 1274 450 locum:
1296 425 1421 461 neque

364 469 477 506 etiam
498 481 567 517 per
586 467 727 516 aliquid
746 466 987 502 immundum
1009 473 1135 515 potest
1154 467 1272 503 homo
1293 479 1315 503 a
1333 478 1420 526 pec-

364 529 447 558 cato
478 520 664 557 mundari.
688 518 1003 556 Inconvenienter
1030 518 1140 566 igitur
1167 519 1215 556 ad
1245 519 1421 573 expiatio-

362 586 453 610 nem
489 579 734 621 peccatorum
760 571 912 620 populi,
941 572 1119 609 sacerdos
1152 585 1266 621 super
1299 585 1420 609 unum

361 627 554 663 hircorum
582 625 834 662 confitebatur
856 632 1013 673 peccata
1040 625 1207 662 filiorum
1236 627 1360 672 Israel,
1380 633 1422 662 ut

362 686 530 727 portaret
558 690 603 714 ea
630 678 670 715 in
697 678 910 715 desertum:
940 690 1009 727 per
1036 678 1151 715 alium
1176 687 1317 725 autern,
1342 691 1419 727 quo

362 732 565 768 utebantur
580 730 629 768 ad
643 731 937 779 purificationes,
949 731 1062 768 simul
1079 743 1167 768 cum
1181 731 1300 768 vitulo
1317 743 1421 768 com-

363 785 542 822 burentes
571 791 673 821 extra
702 791 833 830 castra,
854 784 1043 822 immundi
1070 784 1342 831 reddebantur,
1371 784 1421 821 ita

362 837 468 885 quod
497 838 698 886 oportebat
718 849 785 874 eos
805 838 933 875 lavare
961 837 1188 874 vestimenta
1211 845 1248 874 et
1267 849 1420 874 carnem

362 902 463 938 aqua
489 889 520 926 ²³².

416 955 453 991 7.
474 944 707 990 Pmmam,
738 943 829 980 illud
857 943 963 990 quod
991 943 1068 980 iarn
1098 950 1154 979 est
1179 943 1419 991 mundatum,

362 1008 441 1033 non
469 1004 619 1046 oportet
645 996 780 1033 iterum
811 996 997 1033 mundari.
1019 996 1335 1033 Inconvenienter
1356 996 1421 1044 igi-

362 1057 433 1096 tur,
454 1049 639 1086 mundata
664 1050 770 1097 lepra
792 1049 970 1096 hominis,
995 1050 1058 1086 vel
1086 1049 1199 1085 etiam
1229 1049 1367 1086 domus
1395 1048 1419 1096 ζ,

363 1102 434 1139 alia
452 1102 666 1150 purificatio
687 1101 953 1147 adhibebatur3
978 1109 1020 1138 ut
1038 1102 1198 1138 habetur
1213 1102 1332 1139 Levit.
1348 1113 1420 1138 xiv.

417 1156 452 1191 8.
473 1156 706 1201 PRAETEREA,
726 1153 924 1202 spiritualis
943 1154 1182 1191 immunditia
1201 1166 1279 1191 non
1298 1162 1422 1203 potest

361 1219 430 1255 per
472 1208 711 1255 corporalem
740 1219 902 1254 aquam,
935 1207 996 1244 vel
1023 1207 1190 1255 pilorum
1226 1219 1420 1254 rasuram,

363 1260 571 1297 emundari.
602 1260 857 1297 irrationabile
891 1259 1002 1307 igitur
1029 1260 1180 1296 videtur
1211 1261 1315 1308 quod
1343 1262 1422 1297 Do-

361 1312 488 1350 minus
515 1313 706 1362 praecepit
724 1313 849 1350 Exod.
869 1324 941 1349 xxx
959 1312 991 1360 ³¹⁸,
1011 1320 1052 1349 ut
1070 1313 1178 1349 fieret
1197 1313 1340 1350 labium
1361 1325 1422 1350 ae—

361 1378 477 1403 neum
497 1378 585 1403 cum
605 1366 686 1403 basi
705 1379 774 1403 sua
794 1366 843 1403 ad
862 1365 1070 1403 lavandum
1092 1377 1229 1402 manus
1249 1374 1285 1402 et
1303 1367 1422 1415 pedes

361 1418 604 1455 sacerdotum
637 1419 703 1466 qui
736 1419 938 1466 ingressuri
973 1427 1079 1455 erant
1111 1418 1415 1465 tabemaculum3

361 1479 397 1508 et
416 1472 521 1520 quod
539 1472 766 1520 praecipitur
784 1472 901 1509 Num.
923 1484 983 1508 vm
1003 1471 1033 1518 ³³⁶,
1059 1473 1162 1520 quod
1183 1472 1319 1509 levitae
1338 1474 1422 1510 abs-

360 1532 594 1572 tergerentur
621 1537 721 1573 aqua
749 1525 990 1572 lustrationis,
1020 1532 1056 1561 et
1085 1526 1258 1562 raderent
1286 1537 1422 1563 omnes

358 1578 456 1626 pilos
486 1578 607 1614 carnis
634 1590 738 1615 suae.

414 1643 449 1678 9.
471 1632 703 1677 PRAETEREA,
724 1631 831 1678 quod
850 1631 973 1667 maius
1003 1638 1069 1677 est,
1090 1643 1167 1667 non
1186 1639 1311 1679 potest
1337 1644 1423 1669 san-

362 1681 514 1720 ctificari
533 1697 602 1732 per
630 1683 720 1720 illud
740 1685 844 1732 quod
874 1684 998 1720 minus
1019 1692 1085 1720 est.
1107 1684 1423 1722 Inconvenienter

360 1736 469 1784 igitur
505 1750 573 1785 per
607 1737 800 1785 quandam
838 1737 1058 1773 unctionem
1093 1737 1351 1785 corporalem,
1387 1746 1423 1775 et

362 1791 572 1839 corporalia
600 1790 794 1836 sacrificia,
817 1798 853 1826 et
873 1790 1085 1826 oblationes
1107 1791 1335 1840 corporales,
1356 1792 1422 1828 fie-

362 1844 425 1879 bat
444 1843 482 1879 in
510 1845 590 1891 lege
611 1842 845 1880 consecratio
876 1842 1065 1879 maiorum
1086 1851 1122 1880 et
1150 1843 1344 1880 minorum
1364 1857 1421 1881 sa-

361 1896 570 1943 cerdotum,
591 1904 631 1933 ut
649 1897 810 1933 habetur
828 1896 946 1933 Levit.
966 1908 1026 1933 V111
1039 1897 1075 1941 *3
1097 1904 1141 1933 et‘
1151 1897 1361 1945 levitarum,
1383 1906 1423 1934 ut

262 1968 272 1982 s
309 1976 315 1982 .
360 1950 522 1986 habetur
548 1950 668 1987 Num.
688 1949 798 1986 V111²¹‘.

422 2007 478 2039 io.
499 2004 733 2050 PRAETEREA,
754 2002 850 2038 sicut
877 2001 1011 2039 dicitur
1041 2003 1053 2038 Ι
1075 2004 1173 2052 Reg.
1202 2014 1262 2039 xvi
1289 2002 1327 2050 *,
1355 2004 1420 2040 ho-

360 2056 479 2092 mines
505 2057 632 2093 vident
647 2068 692 2092 ea
712 2067 809 2104 quae
821 2061 1008 2103 parent,
977 2061 996 2083 η
1030 2056 1134 2092 Deus
1152 2061 1277 2093 autem
1305 2057 1421 2093 intue-

360 2115 422 2146 tur
448 2119 525 2145 cor.
547 2109 624 2146 Sed
645 2121 689 2145 ea
718 2120 817 2157 quae
845 2108 1004 2145 exterius
1024 2116 1158 2157 parent
1185 2109 1223 2146 in
1251 2109 1420 2158 homine,

362 2169 418 2199 est
445 2162 651 2221 corporalis
680 2161 887 2221 dispositi0‚
910 2169 946 2198 et
965 2162 1078 2199 etiam
1106 2162 1339 2199 indumenta.
1362 2163 1420 2200 In-

361 2216 634 2252 convenienter
652 2215 762 2262 igitur
789 2214 1049 2252 sacerdotibus
1069 2215 1276 2252 maioribus
1295 2223 1333 2252 et
1353 2215 1421 2252 mi-

361 2268 520 2305 notibus
559 2268 749 2316 quaedam
786 2267 961 2316 specialia
998 2268 1224 2306 vestimenta
1266 2269 1421 2317 deputa—

360 2322 510 2369 bantur,
541 2322 588 2359 de
617 2319 754 2370 quibus
773 2322 933 2358 habetur
951 2322 1074 2358 Exod.
1095 2332 1203 2358 xxvm
1222 2321 1253 2358 *.
1274 2322 1323 2358 Et
1341 2321 1421 2359 sine

360 2375 507 2412 ratione
533 2375 699 2412 videtur.
717 2374 823 2422 quod
851 2374 1114 2422 prohiberetur
1151 2374 1283 2423 aliquis
1315 2371 1421 2412 a'sa—

361 2428 530 2464 cerdotio
558 2435 712 2476 propter
741 2428 957 2476 corporales
991 2427 1178 2474 defectus,
1208 2429 1419 2465 secundum

360 2481 464 2529 quod
493 2481 626 2518 dicitur
653 2481 771 2517 Levit.
797 2492 856 2516 xm
881 2480 919 2517 *ε
947 2481 1080 2517 Homo
1107 2481 1153 2517 de
1185 2481 1326 2517 semine
1357 2486 1419 2517 tuo

354 2545 427 2582 per
444 2534 622 2582 familias
654 2534 720 2582 qui
745 2534 918 2570 hahuerit
947 2534 1159 2580 maculam,
1188 2546 1263 2570 non
1291 2533 1425 2583 offeret

353 2598 474 2635 panes
492 2589 575 2624 Deo
602 2599 689 2623 suo.-
714 2587 749 2623 si
774 2598 906 2624 caecus
924 2587 1058 2635 fuerit,
1077 2587 1137 2623 vel
1163 2586 1329 2634 claudus,
1351 2593 1419 2623 etc.

360 2641 422 2677 Sic
449 2640 559 2688 igitur
584 2640 735 2677 videtur
763 2641 866 2688 quod
895 2647 1131 2677 sacramenta
1164 2639 1304 2677 veteris
1326 2639 1420 2687 legis

358 2693 624 2730 irrationabilia
652 2692 801 2729 fuerint.

413 2747 487 2784 SED
508 2758 654 2784 CONTRA
672 2757 738 2784 EST
761 2745 867 2794 quod
896 2746 1029 2783 dicitur
1057 2746 1174 2782 Levit.
1197 2757 1245 2782 xx
1269 2745 1306 2781 *z
1334 2746 1420 2795 Ego

358 2812 441 2836 sum
469 2801 667 2845 Dominus,
693 2799 758 2847 qui
774 2799 964 2847 sanctifico
983 2810 1060 2835 vos.
1084 2799 1161 2835 Sed
1181 2811 1203 2835 a
1226 2799 1311 2835 Deo
1331 2798 1421 2835 nihil

360 2853 439 2890 sine
477 2853 621 2890 ratione
656 2853 715 2889 fit:
747 2851 881 2889 dicitur
908 2852 1010 2889 enirn
1043 2851 1081 2888 in
1110 2852 1265 2888 Psalmo
1294 2862 1352 2888 cm
1379 2850 1419 2887 *ε

366 2906 500 2943 Omnia
529 2906 566 2943 in
598 2905 780 2954 sapientia
797 2905 936 2953 fecisti.
965 2906 1067 2952 Ergo
1105 2904 1142 2941 in
1175 2903 1421 2940 sacramentis

359 2959 496 2996 veteris
515 2959 617 3007 legis,
638 2970 736 3008 quae
758 2958 1028 2995 ordinabantur
1047 2957 1096 2994 ad
1115 2957 1317 2994 hominum
1337 2968 1420 2994 san-

361 3012 639 3059 ctificationem,
660 3011 751 3048 nihil
780 3018 858 3048 erat
886 3011 966 3048 sine
996 3009 1203 3047 rationabili
1233 3021 1357 3047 causa.

414 3067 639 3102 RESPONDEO
659 3076 842 3102 mcENDUM
861 3064 978 3113 quod,
1000 3063 1095 3100 sicut
1109 3074 1224 3112 supra
1238 3062 1258 3084 '¹‘
1277 3062 1420 3099 dictum

363 3126 428 3164 est,
454 3125 689 3155 sacramenta
717 3117 870 3166 proprie
899 3117 1073 3154 dicuntur
1101 3116 1162 3153 illa
1189 3127 1288 3164 quae
1317 3114 1420 3152 adhi-

362 3171 547 3207 bebantur
573 3171 644 3208 Dei
672 3170 879 3207 cultoribus
907 3170 955 3207 ad
993 3169 1187 3218 quandam
1223 3180 1419 3206 consecra-

360 3223 516 3270 tionem,
536 3236 604 3272 per
631 3235 748 3271 quam
767 3223 904 3260 scilicet
933 3223 1211 3271 deputabantur
1233 3221 1421 3271 quodam-

362 3276 481 3312 modo
510 3276 559 3312 ad
588 3277 729 3312 cultum
750 3276 832 3312 Dei.
855 3276 988 3312 Cultus
1007 3282 1135 3312 autem
1164 3274 1236 3312 Dei
1255 3273 1420 3322 generali

363 3328 518 3377 quidem
539 3329 656 3364 modo
676 3329 887 3376 pertinebat
906 3328 955 3365 ad
975 3336 1096 3364 totum
1120 3328 1329 3376 populum;
1350 3327 1418 3364 sed

415 3443 436 3474 ε)
456 3443 579 3467 cinerem.
593 3455 611 3460 -
631 3441 666 3465 ibi
685 3442 742 3465 add.
762 3441 1026 3466 PABCDEFGHILa.

414 3477 439 3509 ζ)
459 3478 561 3502 domus.
579 3490 598 3495 -
618 3477 674 3500 eius
693 3477 785 3500 domus
804 3477 850 3500 Pa.

415 3514 442 3545 η)
456 3515 565 3545 parent.
583 3525 600 3530 —
615 3514 711 3543 patent
731 3511 789 3541 PH,
810 3511 890 3535 altero
910 3511 966 3535 loco
983 3514 1078 3542 patent
1097 3510 1150 3539 PH,
1170 3514 1301 3542 apparent
1319 3511 1359 3535 ed.
1378 3518 1403 3534 a.

1077 123 1341 171 QUAESTIO
1372 122 1455 168 CII,
1485 120 1780 158 ARTICULUS
1807 121 1841 157 V

1478 199 1628 248 speciali
1653 198 1770 235 modo
1791 199 2002 247 pertinebat
2029 200 2076 236 ad
2097 200 2313 238 sacerdotes
2333 207 2369 237 et
2388 199 2532 247 levitas,

1477 252 1543 301 qui
1572 259 1676 288 erant
1703 251 1862 288 ministri
1890 252 2010 289 cultus
2045 252 2172 290 divini.
2199 254 2248 290 Et
2275 253 2362 291 ideo
2390 253 2430 290 in
2457 251 2534 290 istis

1477 304 1721 342 sacramentis
1757 304 1896 341 veteris
1932 304 2022 352 legis
2064 305 2255 352 quaedam
2297 305 2534 354 pertinebant

1477 358 1730 395 communiter
1750 358 1798 394 ad
1817 365 1940 394 totum
1960 358 2168 406 populum;
2198 358 2387 405 quaedam
2405 366 2532 396 autem

1477 411 1686 460 specialiter
1713 411 1763 448 ad
1791 410 1992 447 ministros.

1530 465 1579 501 Et
1607 464 1704 501 circa
1731 471 1911 511 utrosque
1940 464 2008 500 tria
2037 469 2143 500 erant
2175 462 2398 500 necessaria.
2429 463 2534 509 Quo-

1477 530 1563 554 rum
1582 518 1749 565 primum
1771 525 1825 554 est
1842 516 2022 554 institutio
2043 516 2082 553 in
2106 522 2203 552 statu
2224 514 2373 552 colendi
2393 515 2532 554 Deum.

1477 571 1526 607 Et
1554 571 1648 607 haec
1677 570 1832 618 quidem
1856 569 2036 607 institutio
2067 568 2322 606 communiter
2350 575 2533 616 quantum

1477 624 1523 659 ad
1554 635 1707 668 omnes,
1737 623 1854 659 fiebat
1880 635 1949 672 per
1976 621 2324 668 circumcisionem,
2351 620 2431 658 sine
2459 632 2536 668 qua

1476 677 1600 713 nullus
1619 675 1888 712 admittebatur
1905 675 1955 712 ad
1973 675 2114 724 aliquid
2133 674 2333 722 legalium:
2353 678 2536 722 quantum

1476 741 1569 766 vero
1600 728 1647 765 ad
1675 727 1903 774 sacerdotes,
1922 741 1992 777 per
2018 727 2260 765 sacerdotum
2285 726 2535 764 consecratio-

1477 794 1578 818 nem.
1608 802 1632 808 -
1663 780 1840 817 Secundo
1871 780 2131 828 requirebatur
2157 793 2249 817 usus
2277 791 2411 816 eorum
2437 790 2536 827 quae

1476 835 1663 883 pertinent
1690 833 1738 870 ad
1759 833 1931 870 divinum
1960 834 2114 871 cultum.
2135 834 2184 870 Et
2207 833 2260 870 sic
2282 840 2468 892 quantum
2487 831 2536 869 ad

1476 889 1674 936 populum,
1703 893 1781 923 erat
1809 898 1896 922 esus
1923 886 2110 934 paschalis
2139 885 2317 933 convivii,
2343 885 2391 922 ad
2420 896 2536 934 quem

1476 942 1601 977 nullus
1619 938 1903 976 incircumcisus
1926 938 2203 991 admittebatur,
2227 947 2269 976 ut
2291 945 2394 987 patet
2411 938 2535 975 Exud

1476 1006 1524 1030 xit
1552 993 1593 1030 *ε
1627 1001 1662 1029 et
1689 999 1875 1040 quantum
1909 992 1956 1028 ad
1989 987 2227 1039 sacerdotes,
2260 991 2400 1029 oblatio
2425 990 2574 1028 victi--

1477 1059 1645 1093 marum,
1672 1054 1708 1082 et
1737 1057 1822 1081 esus
1851 1056 1995 1092 panum
2023 1044 2292 1093 propositionis
2316 1052 2353 1081 et
2376 1044 2537 1081 aliorum

1477 1112 1576 1149 quae
1605 1106 1711 1135 erant
1738 1099 1979 1134 sacerdotum
2007 1097 2139 1134 usibus
2159 1097 2349 1145 deputata.
2365 1117 2389 1125 -
2405 1096 2536 1134 Tertio

1478 1152 1739 1200 requirebatur
1766 1150 1926 1187 remotio
1949 1161 2081 1187 eorum
2110 1161 2178 1198 per
2206 1161 2303 1198 quae
2327 1149 2439 1198 aliqui
2467 1150 2537 1187 im-

1476 1206 1725 1263 pediebantur
1753 1216 1775 1240 a
1804 1203 1904 1240 cultu
1933 1202 2086 1249 divino,
2115 1202 2256 1239 scilicet
2282 1201 2536 1240 immunditia—

1478 1271 1575 1295 rum.
1598 1259 1646 1294 Et
1665 1257 1718 1294 sic
1737 1263 1921 1305 quantum
1941 1256 1990 1292 ad
2009 1256 2209 1304 populum,
2226 1261 2332 1291 erant
2349 1253 2536 1299 institutae

1476 1311 1666 1359 quaedam
1685 1308 1967 1358 purificationes
1996 1321 2019 1346 a
2037 1308 2268 1356 quibusdam
2292 1306 2538 1348 exterioribm

1478 1363 1737 1409 immunditiis,
1750 1370 1785 1399 et
1801 1362 1915 1399 etiam
1931 1361 2164 1410 expiationes
2179 1373 2202 1398 a
2215 1359 2399 1410 peccatis:
2419 1370 2539 1407 quan·-

1477 1425 1559 1454 tum
1586 1429 1679 1453 vero
1705 1416 1754 1452 ad
1783 1415 1999 1452 sacerdotes
2028 1422 2065 1451 et
2091 1413 2241 1459 levitas,
2272 1420 2351 1451 erat
2374 1412 2540 1452 instituta

1476 1471 1617 1507 ablutio
1647 1481 1831 1505 manuum
1862 1476 1898 1504 et
1924 1467 2081 1516 pedum,
2104 1474 2139 1503 et
2166 1466 2265 1503 rasio
2292 1465 2470 1514 pilorum.

1531 1524 1579 1559 Et
1606 1524 1700 1559 haec
1728 1521 1858 1558 omnia
1882 1521 2073 1557 habebant
2092 1519 2332 1556 rationabiles
2350 1530 2484 1556 causas
2505 1526 2541 1555 et

1476 1576 1671 1622 litterales,
1702 1574 1913 1611 secundum
1947 1574 2051 1622 quod
2084 1572 2355 1613 ordinabantur
2382 1572 2431 1609 ad
2463 1572 2539 1608 cul-

1476 1637 1557 1666 tum
1578 1629 1648 1665 Dei
1667 1641 1736 1676 pro
1750 1633 1929 1675 tempore
1957 1626 2040 1671 illo;
2062 1634 2098 1662 et
2116 1626 2304 1673 figurales,
2326 1624 2538 1662 secundum

1476 1682 1581 1731 quod
1610 1682 1882 1718 ordinabantur
1910 1679 1959 1716 ad
1987 1680 2230 1727 figurandum
2257 1677 2469 1724 Christum;
2497 1685 2539 1715 ut

1463 1734 1620 1784 vpatebit
1646 1746 1714 1783 per
1742 1730 1925 1781 singula⁰
1930 1761 1937 1768 .

1528 1791 1587 1825 AD
1607 1799 1743 1824 PRIMUM
1771 1798 1868 1823 ERGO
1898 1797 2082 1822 DlCENDUM
2116 1784 2222 1834 quod
2250 1782 2413 1827 litteralis
2442 1782 2536 1820 ratio

1476 1839 1770 1878 circumcisionis
1807 1837 2023 1898 principalis
2051 1837 2208 1896 quidem
2242 1836 2310 1880 fuit
2337 1835 2386 1872 ad
2413 1843 2538 1884 prote-

1468 1894 1676 1931 stationem
1705 1892 1794 1930 fidei
1822 1892 1934 1929 unius
1962 1891 2046 1928 Dei.
2067 1891 2116 1927 Et
2139 1889 2228 1938 quia
2256 1889 2451 1926 Abraham
2469 1888 2538 1926 fuit

1474 1947 1619 1996 primus
1640 1946 1703 1995 qui
1732 1958 1773 1982 se
1802 1946 1849 1981 ab
1878 1943 2093 1982 infidelibus
2114 1942 2314 1992 separavit,
2343 1941 2470 1979 exiens
2489 1942 2536 1980 de

1474 2001 1594 2037 domo
1613 2012 1681 2036 sua
1701 2006 1738 2035 et
1758 1999 1805 2035 de
1829 1998 2054 2045 cognatione
2074 2008 2156 2043 sua,
2180 1995 2271 2032 ideo
2292 1994 2385 2044 ipse
2392 2006 2438 2045 pr.

1475 2052 1803 2091 circumcisionem
1824 2050 2009 2100 aecepit*.
2026 2050 2075 2087 Et
2089 2050 2188 2086 hanc
2203 2058 2358 2086 causam
2373 2046 2444 2097 ass'

1474 2107 1692 2167 Apostolus,
1714 2104 1765 2142 ad
1781 2106 1893 2141 Rom.
1915 2115 1950 2140 1v
1968 2103 2004 2140 *ε
2033 2103 2194 2152 Signum
2213 2100 2362 2150 accepit
2376 2089 2536 2162 ἄκμη-

1474 2160 1635 2205 cisionis,
1650 2158 1889 2208 signaculum
1909 2156 2068 2193 iustitiae
2071 2155 2170 2204 fidet
2188 2166 2286 2203 quae
2302 2159 2360 2192 est
2374 2152 2414 2191 in
2418 2143 2536 2203 prim

1468 2213 1598 2261 patio.-
1627 2213 1715 2261 quia
1743 2210 1880 2247 scilicet
1908 2210 1948 2247 in
1973 2210 2050 2246 hoc
2076 2208 2209 2256 legitur
2239 2208 2419 2244 Abrahae
2434 2207 2536 2260 fidas

1473 2271 1645 2314 reputata
1672 2264 1723 2302 ad
1750 2263 1942 2308 iustitiam,
1971 2262 2078 2310 quod
2105 2259 2239 2298 contra
2250 2271 2358 2310 spem
2378 2260 2415 2297 in
2433 2267 2537 2313 spem

1474 2319 1639 2364 credidit,
1656 2317 1796 2354 scilicet
1815 2324 1945 2353 contra
1964 2326 2075 2364 spem
2094 2322 2251 2352 naturae
2267 2313 2308 2350 in
2327 2325 2436 2362 spem
2455 2320 2536 2362 gra*-

1472 2370 1559 2419 tiae,
1581 2377 1620 2408 ut
1636 2373 1753 2419 fieret
1772 2375 1883 2418 pater
1910 2369 2114 2406 multarum
2141 2367 2327 2417 gentium,
2348 2376 2438 2402 cum
2452 2365 2537 2414 ipse

1475 2432 1574 2462 esset
1601 2435 1728 2470 senex,
1750 2432 1785 2460 et
1804 2434 1899 2460 uxor
1926 2433 1995 2459 sua
2024 2427 2122 2458 esset
2139 2430 2238 2457 anus
2264 2427 2302 2456 et
2323 2418 2468 2456 sterilis.
2473 2418 2538 2455 Et

1474 2486 1516 2515 ut
1541 2479 1637 2514 haec
1664 2475 1896 2536 protestatio,
1918 2471 1955 2511 et
1975 2473 2136 2513 imitatio
2154 2468 2245 2510 fidei
2264 2472 2466 2517 Abrahae,
2473 2470 2536 2508 fir-

1474 2538 1642 2568 maretur
1668 2530 1706 2566 in
1736 2528 1915 2566 cordibus
1952 2526 2204 2587 Iudaeorum,
2233 2531 2464 2575 acceperunt
2483 2520 2537 2561 s‘i-

1474 2595 1593 2632 gnum
1620 2583 1657 2620 in
1686 2594 1799 2619 carne
1827 2592 1908 2628 sua,
1930 2580 2036 2617 cuius
2056 2576 2245 2616 oblivisci
2244 2586 2334 2615 non
2361 2583 2535 2626 possent-

1473 2637 1577 2674 unde
1607 2636 1738 2673 dicitur
1770 2635 1862 2672 Gen.
1883 2644 1955 2671 xvn
1982 2633 2023 2669 *ε
2051 2632 2139 2669 Erit
2161 2629 2314 2680 pactum
2342 2639 2468 2667 meum
2490 2628 2536 2667 in

1475 2702 1590 2727 carne
1625 2694 1748 2726 vestra
1786 2689 1823 2724 in
1854 2686 1996 2736 foedus
2032 2691 2239 2722 aeternum.
2280 2683 2372 2721 Ideo
2404 2686 2538 2720 autem

1474 2743 1591 2780 fiebat
1619 2750 1754 2778 octava
1784 2740 1855 2787 die,
1877 2739 1966 2788 quia
1994 2746 2106 2776 antea
2133 2746 2229 2786 puer
2263 2744 2318 2773 est
2344 2735 2461 2773 valde
2484 2742 2538 2772 to-

1474 2796 1606 2840 nellus,
1629 2802 1663 2831 et
1691 2801 1820 2843 posset
1839 2805 1885 2830 ex
1914 2793 1988 2830 hoc
2007 2790 2170 2840 graviter
2196 2789 2307 2837 laedi,
2329 2796 2366 2826 et
2389 2795 2538 2838 reputa—

1473 2856 1533 2886 tur
1561 2848 1687 2885 adhuc
1706 2847 1813 2896 quasi
1841 2845 2026 2894 quiddam
2054 2856 2132 2881 non
2155 2843 2359 2880 solidatum
2378 2847 2407 2878 ¹:
2436 2840 2538 2879 unde

1475 2902 1588 2938 etiarn
1626 2912 1696 2938 nec
1724 2899 1902 2937 animalia
1939 2898 2196 2934 offerebantur
2231 2903 2318 2932 ante
2355 2902 2538 2931 octavum

1475 2954 1577 2992 diem
1595 2953 1627 2990 ⁷⁸⁸.
1649 2954 1740 2990 Ideo
1760 2964 1853 2989 vero
1878 2963 1957 2988 non
1984 2950 2105 2998 magis
2124 2948 2354 3009 tardabatur,
2375 2958 2422 2984 ne
2450 2958 2538 2996 pro·-

1474 3015 1557 3056 pter
1585 3005 1757 3044 dolorem
1792 3004 1906 3053 aliqui
1934 3003 2084 3052 signum
2118 3000 2412 3039 circumcisionis
2440 2999 2537 3037 refu—

1474 3067 1624 3108 gerent.
1652 3066 1688 3095 et
1716 3070 1763 3095 ne
1791 3064 1968 3107 parentes
1997 3056 2123 3103 etiam,
2151 3066 2317 3104 quorum
2347 3064 2457 3090 amor
2483 3051 2537 3090 im

1475 3113 1607 3150 crescit
1633 3112 1680 3149 ad
1704 3111 1803 3148 filios
1822 3118 1909 3160 post
1937 3110 2174 3158 frequentem
2204 3102 2535 3145 conversationem

1476 3174 1512 3203 et
1530 3177 1665 3203 eorum
1686 3171 1946 3222 augmentum,
1964 3174 2030 3199 eos
2046 3159 2322 3199 circumcisioni
2340 3157 2537 3197 subtrahe—

1475 3227 1568 3256 rent.
1579 3240 1603 3246 -
1620 3217 1798 3255 Secunda
1817 3216 1911 3253 ratio
1932 3227 2014 3252 esse
2033 3215 2156 3264 potuit
2173 3215 2222 3251 ad
2243 3210 2536 3250 debilitationem

1476 3270 1803 3320 concupiscentiae
1822 3270 1860 3306 in
1878 3269 2054 3306 membro
2071 3267 2146 3304 illo.
2164 3265 2327 3304 -Tertia
2347 3263 2472 3301 ratio*
2473 3261 2537 3309 ,in

1475 3324 1753 3372 sugillationem
1772 3334 1967 3360 sacrorum
1987 3320 2146 3358 Veneris
2176 3326 2211 3356 et
2229 3316 2370 3366 Priapi,
2390 3315 2430 3353 in
2453 3315 2537 3363 qui-

1529 3438 1553 3471 Ο)
1573 3439 1689 3471 singula.
1707 3452 1724 3456 —
1744 3436 1905 3462 discurrenti
1923 3435 2020 3460 addunt
2039 3435 2085 3458 Pa.

1530 3475 1547 3505 ι)
1569 3482 1619 3499 non
1638 3473 1792 3498 solidatum.
1810 3486 1828 3490 -
1847 3470 2016 3495 insolidaeum
2036 3469 2087 3493 EF.

1529 3510 1554 3540 x)
1574 3509 1654 3533 ratio.
1671 3522 1690 3527 —
1709 3510 1748 3532 est
1767 3507 1863 3531 addunt
1883 3505 1928 3530 Pa.

2589 999 2655 1021 Vers.
2666 1005 2694 1028 43
2709 1005 2764 1028 sqq.

2563 2053 2642 2076 “Geta
2662 2059 2713 2081 cap.
2732 2059 2780 2081 xnr

2563 2085 2621 2102 xvn.

2562 2110 2656 2135 ’vei-s.
2666 2117 2680 2139 9
2695 2117 2748 2139 ης.

2563 2637 2575 2649 ι
2589 2637 2708 2665 Vel-...1¹53
2717 2630 2743 2650 μ’]
2764 2633 2770 2638 '

2564 2951 2666 2976 'EM
2677 2956 2698 2974 a
2712 2956 2777 2977 nn,

2564 2985 2624 3002 ven.
2637 2984 2673 3008 3⁰·
