2840 4010
56 303 138 352 lact:

132 309 174 330 .,ιι
188 308 211 325 ιι.
227 303 269 324 6-

152 318 205 351 lect.
221 335 255 351 ιιι.

302 172 374 209 160

298 250 486 288 mandatis
516 251 707 288 obediant.
737 253 786 288 Et
813 251 898 288 ideo
919 249 1175 297 Philosophus
1195 248 1293 295 dicit,
1321 247 1358 284 in

299 305 347 341 111
368 304 474 341 Polit.
491 304 522 352 ³¹⁸,
545 304 648 353 quod
668 304 797 341 eadem
818 309 871 340 est
887 303 1004 339 virtus
1017 301 1200 350 principis
1219 306 1255 337 et
1272 301 1362 337 boni

296 357 392 402 vira,
420 369 494 394 non
533 363 657 394 autem
690 357 819 393 eadem
857 361 910 392 est
941 355 1059 392 virtus
1095 355 1360 402 cuiuscumque

298 410 389 447 civis
417 416 453 447 et
478 411 567 446 boni
592 410 676 446 viri.

351 464 410 499 AD
439 474 610 505 QUARTUM
635 472 818 498 DlCENDUM
839 459 944 508 quod
965 459 1023 496 lex
1043 459 1249 508 tyrannica,
1272 471 1359 496 cum

298 527 377 552 non
407 515 452 551 sit
480 514 691 551 secundum
722 513 920 559 rationem,
950 524 1028 549 non
1058 512 1362 562 est-simpliciter

298 568 368 615 lex,
398 569 465 604 sed
489 567 608 614 magis
629 574 685 602 est
704 566 896 613 quaedam
924 565 1152 614 perversitas
1180 565 1283 614 legis.
1314 566 1362 602 Et

992 171 1257 218 QUAESTIO
1288 170 1408 217 XCII,
1439 170 1735 207 ARTICULUS
1765 171 1779 206 I

1412 255 1542 285 tamen
1571 248 1796 297 inquantum
1825 249 1939 286 habet
1967 250 2108 299 aliquid
2139 251 2186 288 de
2211 251 2354 288 ratione
2373 250 2476 299 legis,

1412 300 1570 338 intendit
1599 301 1646 338 ad
1674 301 1748 338 hoc
1777 301 1882 349 quod
1911 301 2013 338 cives
2033 302 2106 340 sint
2126 303 2229 341 boni.
2258 305 2350 341 Non
2375 304 2477 341 enim

1414 353 1530 392 habet
1557 354 1604 392 de
1634 354 1779 391 ratione
1807 354 1899 402 legis
1933 353 2003 390 nisi
2032 355 2244 392 secundum
2273 357 2349 393 hoc
2373 357 2479 406 quod

1415 414 1471 443 est
1499 406 1688 444 dictamen
1717 406 1872 443 alicuius
1900 406 2150 455 praesidentis
2178 407 2413 456 itrsubditis,
2442 417 2478 446 et

1415 460 1462 496 ad
1492 460 1567 496 hoc
1594 460 1711 497 tendit
1738 467 1779 496 ut
1807 459 1945 496 subditi
1974 459 2044 507 legi
2074 459 2146 496 sint
2173 461 2271 497 bene
2297 462 2478 499 obedien-

1415 519 1488 559 tes3
1510 514 1614 561 quod
1636 520 1691 549 est
1714 525 1781 549 eos
1802 525 1883 549 esse
1904 513 2041 559 bonos,
2063 525 2141 550 non
2161 512 2388 562 simpliciter,
2410 515 2479 552 sed

1417 565 1455 602 in
1483 566 1615 602 ordine
1644 566 1691 602 ad
1720 567 1793 602 tale
1823 566 2003 613 regimen.

972 643 1303 676 Commentaoeia
1325 643 1576 676 Cardinalis
1598 642 1799 676 Caietam

327 725 348 745 N
371 714 504 744 articulo
527 714 633 754 primo
661 714 856 754 quaestionis
884 714 1279 755 nonagesimaesecundae,
1304 714 1361 744 du—

301 727 418 788 Ibium
441 758 576 789 occurrit
595 758 675 789 circa
693 758 859 795 rationem,
884 769 920 789 ex
943 769 982 790 eo
1001 759 1089 800 quod
1106 765 1160 788 aut
1179 758 1295 788 falsum
1314 768 1360 787 as-

298 802 404 838 sumit,
421 800 476 832 aut
498 802 656 833 intentum
670 812 737 833 non
751 803 854 834 infert.
874 802 1054 844 Propositio
1070 812 1208 843 namque
1225 801 1361 831 fundans

298 846 453 877 rationem
475 846 594 877 litterae
619 853 666 877 est
687 846 760 877 ista:
792 847 899 878 Virtus
921 847 1087 878 cuiuslibet
1109 846 1225 877 subditi
1249 850 1294 876 est
1327 850 1361 875 ut

298 891 375 921 bene
390 890 578 921 subiiciatur
588 892 797 931 principanti.
822 892 909 922 Haec
925 898 1031 922 autem
1046 890 1224 930 propositio
1245 896 1300 920 aut
1315 889 1361 919 in-

298 934 448 974 telligitur
476 934 650 965 formaliter
679 935 717 966 de
741 936 868 966 subdito
898 936 1089 976 inquantum
1118 934 1276 964 subditus:
1308 939 1362 963 aut

298 978 499 1009 materialiter
522 979 561 1009 de
584 989 623 1010 eo
648 980 703 1020 qui
727 986 773 1010 est
796 979 950 1010 subditus.
976 979 1008 1010 Si
1032 978 1218 1014 formaliter,
1243 987 1362 1017 propo-

299 1023 371 1053 sitio
395 1029 442 1053 est
464 1031 552 1053 vera:
577 1024 631 1054 sed
655 1034 719 1054 non
744 1023 837 1054 infert
860 1023 920 1053 nisi
939 1024 1028 1064 quod
1048 1023 1097 1053 lex
1118 1022 1191 1052 facit
1207 1021 1361 1058 subditos,

298 1067 491 1107 inquantum
514 1067 668 1103 subditos,
691 1069 805 1098 bonos.
830 1068 903 1098 Hoc
922 1074 1029 1098 autem
1044 1077 1111 1097 non
1127 1073 1173 1097 est
1189 1066 1288 1097 facere
1303 1065 1361 1096 ho-

300 1110 401 1141 mines
425 1112 542 1141 bonos:
567 1112 642 1152 quia
665 1111 746 1142 sicut
769 1111 854 1142 aliud
875 1118 921 1142 est
944 1121 1010 1142 esse
1033 1110 1198 1141 hominem
1228 1116 1258 1140 et
1277 1109 1363 1140 aliud

300 1164 367 1185 esse
391 1155 570 1191 subditum,
595 1156 638 1186 ita
661 1155 721 1186 alia
744 1162 790 1186 est
813 1155 936 1185 bonitas
960 1154 1098 1185 hominis
1120 1161 1150 1184 et
1170 1154 1230 1184 alia
1246 1160 1293 1184 est
1306 1154 1362 1184 bo-

299 1199 380 1229 nitas
404 1199 530 1230 subditi.
554 1200 596 1229 Et
618 1207 725 1230 tamen
748 1199 859 1230 titulus
883 1199 1005 1229 articuli
1028 1198 1150 1239 quaerit
1173 1208 1212 1228 an
1232 1198 1271 1228 sit
1285 1197 1363 1238 legis

299 1242 401 1274 facere
415 1243 558 1273 homines
573 1243 688 1274 bonos:
711 1250 742 1274 et
756 1243 789 1273 in
810 1252 943 1283 corpore
963 1242 1086 1274 articuli
1106 1242 1238 1272 infertur
1254 1252 1291 1272 ex
1305 1242 1364 1273 ista

299 1287 519 1327 propositione
539 1287 629 1327 quod
642 1287 719 1327 legis
735 1294 781 1318 est
794 1287 943 1318 inducere
958 1287 1118 1318 subiectos
1134 1287 1178 1317 ad
1192 1287 1361 1327 propriam

299 1332 439 1371 ipsorum
465 1332 623 1362 virtutem.
644 1349 665 1354 -
685 1331 718 1362 Si
740 1341 815 1362 vero
839 1331 1039 1362 materialiter
1060 1330 1252 1371 intelligitur,
1276 1337 1364 1369 tunc,

298 1374 372 1405 licet
393 1374 521 1406 inferret
538 1375 706 1412 intentum,
721 1375 789 1415 ipsa
807 1382 913 1406 tamen
929 1374 1145 1406 universaliter
1155 1381 1206 1406 est
1221 1374 1308 1406 falsa.
1324 1374 1366 1406 Et

300 1419 540 1449 subversionem
562 1426 684 1460 pareret
707 1419 805 1450 totius
821 1419 996 1450 doctrinae:
1021 1417 1189 1450 materialis
1204 1418 1290 1449 enim
1305 1428 1365 1449 ser-

301 1473 356 1493 mo
380 1473 398 1493 a
421 1463 564 1494 doctrina
587 1463 709 1494 alienus
733 1470 787 1494 est.

356 1507 395 1538 11.
419 1508 470 1538 Ad
493 1507 555 1538 hoc
577 1508 692 1538 dicitur
718 1509 807 1548 quod
831 1518 935 1538 sermo
964 1513 1010 1538 est
1038 1506 1194 1543 formalis,
1218 1516 1313 1541 verus
1335 1512 1366 1537 et

302 1551 410 1582 efficax
433 1552 473 1581 ad
493 1553 651 1583 intentum
675 1552 887 1583 inferendum.
911 1551 1151 1583 Advertendum
1166 1560 1305 1591 namque
1319 1557 1367 1582 est

302 1596 392 1636 quod
414 1606 480 1626 non
504 1603 551 1627 est
573 1606 677 1626 sermo
701 1597 740 1626 de
763 1597 822 1627 hac
844 1597 895 1628 vel
918 1596 971 1626 illa
994 1596 1073 1635 lege,
1098 1596 1153 1626 sed
1180 1595 1218 1625 de
1241 1595 1310 1635 lege
1332 1594 1366 1625 in

303 1640 478 1676 communi,
496 1640 675 1671 continente
688 1647 857 1678 aeternam,
871 1639 1019 1677 divinam,
1033 1647 1105 1670 etc.:
1120 1646 1150 1670 et
1162 1639 1251 1680 quod
1265 1639 1365 1669 homo

301 1694 368 1714 non
392 1684 498 1714 solum
520 1684 552 1714 in
577 1684 686 1714 ordine
711 1684 750 1714 ad
768 1685 830 1715 hoc
846 1685 896 1715 vel
914 1684 1004 1721 illud,
1025 1684 1079 1714 sed
1095 1683 1190 1714 etiam
1206 1683 1239 1713 in
1256 1682 1366 1714 ordine

302 1729 342 1758 ad
364 1728 545 1759 felicitatem
568 1728 744 1759 naturalem
767 1735 798 1759 et
820 1728 982 1770 propriam
1007 1735 1037 1759 et
1056 1727 1234 1768 politicam,
1258 1734 1289 1758 et
1314 1737 1367 1758 su-

302 1773 545 1812 pernaturalem,
571 1779 617 1803 est
640 1772 796 1805 subditus.
818 1773 866 1803 Ex
889 1773 938 1803 his
960 1782 1100 1813 namque
1123 1772 1256 1802 habetur
1278 1772 1367 1812 quod

301 1816 426 1847 bonitas
450 1817 589 1847 hominis
612 1817 805 1857 inquantum
828 1817 940 1854 homo,
961 1823 991 1847 et
1016 1817 1140 1848 bonitas
1157 1816 1296 1847 hominis
1319 1815 1365 1846 in-

302 1867 460 1901 quantum
479 1861 606 1898 subditi,
630 1861 702 1892 licet
725 1861 941 1892 universaliter
964 1871 1029 1891 non
1054 1860 1240 1898 coincidunt,
1265 1870 1366 1901 quan-

303 1905 410 1945 doque
433 1911 540 1936 tamen
564 1905 761 1942 coincidunt,
787 1905 904 1936 scilicet
927 1912 1069 1945 respectu
1093 1905 1170 1945 legis
1194 1904 1367 1935 ordinantis

302 1948 467 1979 hominem
492 1950 530 1980 ad
553 1959 660 1980 veram
684 1949 874 1986 felicitatem,
895 1949 959 1979 sive
982 1949 1157 1979 naturalem
1178 1948 1243 1979 sive
1260 1958 1367 1990 super-

302 1993 498 2024 naturalem:
520 2004 555 2024 ac
571 2004 626 2034 per
641 1994 712 2031 hoc,
730 1994 819 2034 quod
833 1994 881 2024 lex
898 1993 1010 2024 factiva
1025 1993 1175 2024 bonitatis
1191 1993 1224 2023 in
1239 1993 1366 2024 subdito

301 2036 334 2067 in
356 2037 468 2070 >ordine
492 2039 531 2068 ad
550 2038 739 2075 felicitatem,
755 2037 912 2069 estetiam
929 2037 1040 2068 factiva
1056 2037 1204 2068 bonitatis
1219 2037 1366 2078 propriae

301 2081 335 2111 in
357 2081 504 2119 homine,
529 2083 683 2123 quoniam
701 2083 822 2114 illamet
836 2089 882 2112 est
904 2082 1128 2122 quasubditus
1149 2081 1312 2112 ordinatur
1326 2081 1367 2113 ad

301 2135 408 2156 veram
431 2125 622 2158 felicitatem.

355 2170 412 2201 Est
426 2180 500 2210 ergo
517 2171 695 2211 propositio
711 2171 831 2202 litterae
848 2170 1020 2201 formaliter
1035 2169 1248 2210 intelligenda.
1269 2169 1367 2207 Quod

303 2224 340 2244 ex
364 2224 402 2244 eo
426 2221 511 2255 patet
543 2216 631 2256 quod
653 2219 776 2246 Auctor
803 2215 862 2246 sub
890 2215 944 2245 illa
971 2214 1130 2245 subsumit
1157 2214 1196 2244 de
1224 2214 1309 2244 bona
1336 2220 1367 2244 et

303 2259 387 2288 mala
402 2259 480 2298 lege,
502 2265 532 2290 et
547 2259 708 2290 concludit
729 2259 818 2300 quod
833 2258 910 2299 legis
927 2265 974 2290 est
987 2258 1087 2289 facere
1103 2258 1246 2289 subditos
1262 2258 1366 2288 bonos

303 2302 487 2343 simpliciter
508 2304 560 2334 vel
582 2305 759 2335 secundum
777 2303 865 2344 quid,
887 2309 923 2334 ut
938 2304 1042 2334 bonos
1061 2303 1208 2334 latrones.
1233 2302 1274 2334 Et
1291 2311 1367 2333 cum

303 2346 418 2377 dicitur
440 2348 528 2388 quod
552 2358 618 2378 non
641 2348 735 2379 infert
756 2348 925 2383 intentum,
949 2347 1027 2388 quia
1050 2347 1110 2378 alia
1134 2353 1181 2378 est
1195 2346 1275 2378 ratio
1291 2346 1366 2377 sub-

304 2390 360 2421 diti
383 2397 413 2421 et
435 2392 589 2422 hominis:
613 2392 678 2423 iarn
701 2398 787 2433 patet
809 2391 985 2432 responsio,
1009 2392 1098 2433 quod
1116 2391 1190 2423 licet
1207 2391 1366 2422 universa-

304 2435 373 2465 liter
396 2445 462 2466 non
486 2436 525 2466 sit
548 2437 659 2467 eadem
682 2437 777 2472 ratio,
802 2443 944 2477 respectu
969 2442 1075 2466 tamen
1098 2436 1174 2476 legis
1197 2431 1237 2465 ad
1259 2445 1366 2466 veram

304 2478 493 2516 felicitatem,
518 2481 576 2511 sub
600 2491 664 2521 qua
686 2480 780 2511 infert
801 2483 923 2511 Auctor
941 2479 1007 2510 fieri
1023 2480 1170 2510 homines
1186 2480 1299 2516 bonos,
1316 2489 1366 2510 ea-

304 2523 378 2553 dem
401 2530 447 2554 est
470 2524 548 2555 ratio
564 2525 703 2555 hominis
719 2531 750 2555 et
764 2524 890 2560 subditi,
907 2534 973 2554 non
989 2524 1165 2555 secundum
1181 2523 1367 2555 relationem

303 2567 510 2608 significatam
533 2579 589 2609 per
610 2569 643 2610 ly
666 2569 821 2606 subditus,
847 2569 902 2599 sed
925 2569 1101 2599 secundum
1120 2569 1276 2599 rationem
1294 2567 1366 2598 fun·

304 2612 432 2644 dantem
455 2613 698 2650 subiectionem;
719 2613 819 2643 homo
839 2612 934 2649 enim,
951 2623 988 2643 ex
1004 2613 1066 2644 hoc
1081 2613 1169 2654 quod
1188 2612 1298 2648 homo,
1315 2621 1366 2642 or-

303 2656 411 2687 dinem
434 2657 528 2688 habet
550 2657 590 2687 ad
614 2657 793 2688 felicitatem
817 2656 974 2687 mediante
997 2657 1111 2688 virtute
1134 2656 1272 2698 propria.

360 2701 411 2731 111.
437 2701 472 2731 In
495 2698 701 2742 responsione
725 2701 765 2731 ad
788 2700 916 2731 tertium
944 2700 1085 2731 eiusdem
1109 2700 1232 2732 articuli
1254 2698 1364 2740 primi,

304 2745 439 2776 dubium
463 2745 599 2776 occurrit
617 2755 653 2776 ex
669 2755 707 2775 eo
723 2745 813 2786 quod
832 2747 954 2775 Auctor
967 2745 1092 2776 videtur
1106 2753 1137 2776 et
1153 2743 1364 2776 contradicere

303 2789 376 2826 sibi,
402 2796 432 2820 et
455 2789 571 2820 falsum
596 2790 707 2820 dicere.
737 2789 961 2820 Contradicere
984 2789 1113 2829 quidem
1137 2789 1212 2826 sibi,
1237 2787 1312 2829 quia
1333 2787 1366 2818 in

303 2833 460 2874 principio
483 2834 567 2864 illius
591 2833 807 2874 responsionis
831 2833 906 2864 dicit
929 2833 1019 2873 quod
1048 2834 1240 2874 impossibile
1262 2836 1309 2863 est
1331 2837 1372 2865 ut.

304 2878 421 2918 aliquis
443 2879 536 2909 homo
558 2879 599 2909 sit
622 2879 733 2916 bonus,
760 2878 820 2909 nisi
842 2878 884 2908 sit
907 2877 984 2908 bene
1001 2879 1268 2918 proportionatus
1285 2875 1365 2907 bono

305 2924 483 2953 communi:
506 2929 537 2953 et
558 2923 591 2953 in
616 2923 698 2954 calce
722 2921 796 2952 dicit
820 2921 908 2962 quod
932 2921 998 2951 alia
1019 2927 1065 2952 est
1087 2922 1189 2952 virtus
1211 2920 1284 2952 boni
1304 2921 1367 2951 viri

305 2971 335 2996 et
357 2966 430 2997 boni
453 2967 538 2997 civis.
569 2966 601 2997 Si
624 2976 764 3007 namque
792 2965 913 2996 diversa
942 2971 988 2996 est
1013 2965 1112 2996 virtus
1135 2965 1192 2995 viri
1220 2971 1251 2996 et
1273 2962 1371 3001 civis,

305 3017 409 3050 potest
432 3021 498 3041 esse
517 3010 568 3041 vir
590 3011 695 3041 bonus
724 3017 754 3040 et
782 3009 858 3040 civis
881 3019 947 3039 non
971 3009 1090 3039 bonus:
1117 3015 1147 3039 et
1170 3019 1186 3039 e
1211 3018 1364 3040 converso

305 3054 379 3084 civis
398 3055 502 3085 bonus
522 3061 553 3085 et
571 3055 619 3085 vir
634 3065 701 3085 non
720 3055 834 3085 bonus.
859 3054 900 3084 Et
913 3053 939 3083 si
955 3053 1150 3093 impossibile
1166 3059 1212 3084 est
1227 3052 1366 3094 aliquem

306 3107 372 3128 esse
394 3099 499 3130 virum
526 3100 649 3130 bonum
678 3106 708 3130 et
730 3108 797 3129 non
820 3098 944 3128 bonurn
973 3097 1090 3134 civem,
1115 3097 1282 3138 quomodo
1306 3096 1367 3127 alia

307 3148 351 3172 est
373 3142 470 3173 virtus
494 3143 570 3174 boni
593 3143 652 3173 viri
675 3149 705 3173 et
727 3142 804 3173 boni
828 3139 923 3173 civis?

361 3186 490 3217 Falsum
506 3194 613 3218 autem
628 3187 751 3223 dicitur,
769 3186 844 3227 quia
858 3186 906 3217 vir
921 3185 1089 3222 solitarius,
1106 3184 1275 3226 sapientiae
1291 3194 1366 3216 con-

306 3231 510 3270 templatione
539 3237 721 3268 contentus,
746 3237 792 3261 est
815 3231 919 3261 bonus
942 3230 1004 3267 vir,
1029 3235 1141 3270 utpote
1162 3228 1286 3260 virtutis
1313 3228 1367 3259 he-

306 3273 424 3304 roicae:
450 3281 479 3305 et
501 3281 607 3305 tamen
631 3285 697 3305 non
721 3281 767 3305 est
789 3275 894 3305 bonus
918 3274 1007 3311 civis,
1031 3273 1107 3315 quia
1130 3283 1187 3304 nec
1211 3279 1258 3304 est
1279 3271 1365 3304 civis.

363 3318 415 3349 IV.
440 3318 474 3348 In
499 3319 609 3349 eadem
628 3319 834 3359 responsione
858 3325 905 3349 est
926 3318 1013 3348 aliud
1035 3318 1188 3354 dubium,
1212 3317 1288 3358 quia
1310 3316 1366 3347 fal-

307 3372 380 3393 sum
402 3362 525 3392 videtur
548 3363 636 3402 quod
659 3363 770 3393 eadem
789 3363 828 3394 sit
850 3363 949 3393 virtus
969 3362 1045 3393 boni
1063 3362 1121 3393 viri
1144 3368 1175 3392 et
1190 3361 1267 3392 boni
1281 3361 1366 3401 prin-

307 3406 400 3446 cipis:
426 3416 500 3435 narn
523 3406 621 3436 virtus
648 3407 724 3436 boni
748 3406 806 3436 viri
829 3413 875 3437 est
898 3406 1091 3443 monastica,
1117 3405 1267 3446 principis
1290 3415 1365 3435 vero

307 3449 446 3491 politica.
468 3467 489 3472 —
509 3449 549 3480 Et
576 3450 784 3480 nihilominus
807 3450 985 3481 voluntaria
1014 3450 1108 3480 etiam
1131 3449 1254 3480 videtur
1282 3448 1367 3479 diffe-

306 3494 406 3525 rentia
430 3493 510 3524 inter
532 3493 748 3524 necessitatem
771 3493 894 3524 virtutis
918 3493 1100 3533 simpliciter
1123 3493 1156 3524 in
1170 3493 1321 3534 principe,
1337 3499 1368 3524 et

1414 723 1479 744 non
1491 713 1525 743 in
1538 713 1615 743 cive.
1625 714 1709 743 Nam
1721 714 1802 744 sicut
1816 714 1856 744 ad
1872 715 1996 745 bonum
2009 714 2246 745 communitatis
2262 713 2378 745 suffieit
2391 715 2481 758 quod

1415 757 1497 787 cives
1518 756 1635 787 subditi
1653 757 1834 797 principum
1857 759 2013 790 mandatis
2029 759 2188 796 obediant,
2205 759 2248 789 ita
2263 758 2378 792 sufficit
2391 758 2483 799 quod

1414 801 1559 842 princeps
1576 808 1667 837 recta,
1682 808 1865 842 opportuna
1879 803 1920 833 ad
1935 803 2058 834 bonum
2077 803 2325 839 communitatis,
2340 803 2479 839 mandet,

1414 852 1445 875 et
1468 851 1649 885 exequatur,
1674 852 1831 886 quantum
1854 856 1911 876 sua
1934 846 2071 883 interest,
2095 847 2376 888 proportionaliter
2398 846 2480 877 sicut

1414 889 1479 929 alii..
1495 889 1581 927 Quid
1606 889 1691 919 enim
1707 890 1747 919 ad
1763 890 2027 921 communitatem
2050 891 2150 932 magis
2167 892 2204 922 de
2220 891 2340 922 malitia
2358 890 2479 932 privata

1414 941 1573 964 rectorum
1585 943 1683 973 quam
1700 933 1828 971 civium,
1842 933 1867 963 si
1884 934 1924 963 ad
1939 944 2110 966 commune
2127 945 2239 966 omnes
2256 935 2375 966 faciunt
2390 935 2480 975 quod

1415 975 1561 1018 oportet?
1583 978 1679 1008 Nulla
1703 977 1788 1007 enim
1804 984 1933 1017 apparet
1948 977 2089 1009 formalis
2104 979 2285 1016 differentia,
2302 979 2357 1010 sed
2371 979 2480 1009 solum

1414 1022 1591 1052 secundum
1614 1022 1714 1061 magis
1738 1028 1768 1052 et
1791 1021 1908 1052 minus.
1938 1021 2071 1053 Constat
2093 1023 2179 1054 enim
2207 1024 2296 1064 quod
2327 1023 2478 1063 principis

1414 1066 1535 1106 privata
1558 1066 1677 1096 malitia
1699 1065 1798 1105 magis
1822 1071 1931 1102 nocet,
1957 1066 2032 1106 quia
2051 1068 2250 1107 conspectius
2264 1067 2298 1098 in
2311 1077 2344 1098 se
2361 1067 2479 1097 crimen

1414 1110 1524 1141 habet:
1549 1111 1603 1140 sed
1626 1120 1692 1140 non
1716 1110 1804 1150 quod
1823 1116 1936 1140 noceat
1954 1119 2010 1150 per
2024 1119 2057 1140 se
2073 1111 2237 1142 communi
2251 1112 2349 1148 bono,
2366 1118 2396 1142 et
2411 1120 2479 1141 ma-

1415 1154 1481 1185 litia
1504 1154 1621 1185 civium
1646 1164 1701 1194 per
1724 1153 1877 1184 accidens.

1469 1198 1507 1229 V.
1533 1199 1582 1228 Ad
1606 1198 1746 1238 primum
1770 1198 1906 1228 dubium
1920 1197 1938 1217 *
1957 1197 2071 1228 dicitur
2085 1198 2175 1238 quod
2189 1207 2255 1229 non
2270 1197 2397 1236 falsitas,
2421 1208 2479 1231 nec

1417 1242 1621 1273 contradictio
1638 1249 1685 1272 est
1703 1242 1735 1272 in
1749 1242 1860 1272 littera.
1884 1242 1936 1272 Ad
1954 1241 2044 1272 cuius
2059 1242 2259 1279 evidentiam,-
2273 1241 2479 1279 recolffldum

1417 1293 1464 1317 est
1485 1296 1523 1318 ex
1544 1286 1650 1317 Prima
1677 1287 1766 1317 Parte
1786 1285 1804 1303 4‘
1833 1286 1922 1326 quod
1949 1286 2075 1317 bonum
2100 1285 2284 1326 simpliciter
2309 1286 2480 1324 attefflur

1417 1331 1595 1363 secundum
1610 1330 1756 1361 ultimam
1771 1330 2013 1370 perfectionem:
2026 1336 2058 1360 et
2069 1330 2158 1371 quod
2173 1339 2240 1361 non
2255 1329 2480 1407 πείσῃ,ᾘά

1418 1374 1478 1405 dici
1501 1381 1532 1405 et
1554 1385 1621 1405 esse
1644 1375 1768 1404 bonum
1791 1374 1984 1414 simpliciter,
2008 1373 2120 1409 anilla
2143 1373 2256 1407 ultima
2270 1373 2357 1415 perfe
2401 1382 2403 1385 ·
2440 1374 2482 1410 sit

2505 1209 2515 1220 ·
2530 1208 2566 1232 Cf.
2581 1214 2647 1232 ιιιιιιι.
2659 1214 2696 1232 ιιι.

2504 1291 2721 1373 ςάαιςῒςέᾘῖῂσῖ

1418 1418 1563 1449 distincta
1574 1429 1592 1448 a
1606 1418 1820 1459 praecedente,
1834 1428 1875 1448 an
1890 1418 1930 1448 sit
1945 1418 2056 1451 eadem
2069 1427 2143 1451 cum
2155 1418 2372 1459 praecedente.
2387 1407 2487 1454 Unde
2521 1457 2524 1459 ι

1417 1463 1518 1493 homo
1542 1463 1655 1493 dicitur
1682 1463 1787 1493 bonus
1815 1461 2000 1502 simpliciter
2025 1472 2092 1492 non
2115 1463 2292 1493 secundum
2315 1462 2480 1504 perfectio-

1417 1517 1492 1537 nem
1515 1507 1766 1544 substantialem,
1791 1507 1846 1536 sed
1869 1506 2109 1543 accidentalem,
2134 1516 2200 1537 non
2222 1516 2480 1548 quamcumque,

1418 1551 1474 1582 sed
1495 1551 1619 1581 virtutis
1642 1550 1781 1581 moralis.
1810 1551 1944 1590 Propter
1965 1551 2055 1591 quod
2077 1551 2224 1591 quaestio
2250 1551 2289 1582 de
2317 1551 2483 1586 identitate

1418 1602 1449 1626 et
1472 1595 1649 1626 diversitate
1667 1594 1790 1626 virtutis
1813 1594 1955 1625 hominis
1977 1601 2009 1625 et
2030 1594 2116 1631 civis,
2140 1605 2208 1626 non
2229 1601 2391 1637 repugnat
2406 1605 2483 1647 pro·

1418 1639 1570 1680 positioni
1594 1639 1714 1679 primae
1736 1639 1769 1669 in
1793 1638 1999 1678 responsione
2022 1638 2160 1678 positae,
2179 1638 2296 1673 scilicet
2318 1639 2435 1681 quod
2422 1649 2480 1671 zm-

1412 1684 1563 1724 possibile
1586 1689 1632 1714 est
1654 1683 1739 1724 quod
1760 1683 1878 1723 aliquis
1900 1683 1942 1714 sit
1964 1683 2082 1720 bonus,
2106 1687 2137 1714 et
2160 1691 2223 1714 non
2246 1683 2288 1714 sit
2305 1683 2384 1714 bene
2401 1693 2480 1724 pro—

1414 1727 1618 1768 portionalus
1641 1728 1720 1758 bono
1744 1727 1913 1757 communi.
1938 1726 2009 1757 Sive
2032 1725 2119 1757 enim
2141 1726 2262 1762 eadem,
2279 1726 2345 1758 sive
2363 1726 2424 1757 alia
2441 1726 2486 1758 sir

1417 1772 1516 1802 virtus
1544 1772 1620 1802 boni
1647 1771 1786 1802 hominis
1819 1777 1850 1801 et
1872 1771 1949 1801 boni
1972 1770 2062 1807 civis,
2093 1770 2291 1811 impossibile
2318 1777 2366 1802 est
2391 1771 2486 1812 quod>

1418 1816 1518 1846 homo
1542 1816 1582 1846 sit
1605 1817 1708 1846 bonus
1732 1816 1799 1846 sine
1823 1815 1984 1846 additione
2007 1815 2123 1856 aliqua,
2148 1821 2179 1847 et
2201 1824 2267 1848 non
2281 1815 2386 1848 bonus
2404 1814 2488 1849 'civit

1419 1860 1563 1891 civilitate
1579 1860 1721 1891 ordinata
1737 1860 1776 1890 ad
1792 1859 1972 1890 felicitatem
1986 1869 2102 1894 veram.
2119 1859 2207 1897 Quia
2219 1859 2331 1896 homo,
2345 1858 2481 1901 inquan-

1418 1911 1487 1935 tum
1510 1905 1627 1941 homo,
1653 1911 1699 1934 est
1722 1914 1792 1943 pars
1817 1902 1963 1940 civitatis,
1987 1903 2063 1945 quia
2086 1910 2132 1935 est
2155 1902 2272 1938 animal
2295 1902 2480 1944 politicum:

1417 1948 1498 1979 sicut
1514 1949 1613 1979 homo
1629 1949 1820 1989 inquantum
1836 1947 1946 1984 homo,
1960 1953 2006 1978 est
2020 1946 2264 1987 disciplinabilis.
2276 1949 2323 1978 Ac
2338 1956 2395 1988 per
2407 1946 2480 1983 hoc,
2519 1945 2521 1947 ’

1419 1999 1449 2024 et
1475 1992 1508 2023 in
1539 1993 1686 2023 habendo
1714 1991 1888 2022 bonitatem
1917 1991 2071 2029 hominis,
2096 1997 2223 2032 oportet
2250 1991 2339 2032 quod
2368 1991 2483 2023 habeat

1418 2037 1661 2087 proportionem
1677 2037 1715 2067 ad
1731 2037 1854 2067 bonum
1869 2045 2042 2066 commune
2058 2035 2199 2072 civitatis,
2215 2035 2352 2066 saltem‘
2343 2045 2377 2066 m
2391 2042 2482 2076 prae-

1418 2081 1581 2121 paratione
1597 2080 1712 2111 animi:
1737 2090 1803 2111 non
1827 2080 1913 2110 enim
1936 2087 1982 2111 est
2004 2087 2087 2111 recte
2110 2079 2282 2130 dispositus
2305 2079 2490 2121 secundm

1418 2125 1619 2166 prudentiam
1643 2132 1673 2155 et
1696 2125 1771 2155 alias
1795 2124 1966 2155 cardinales
1989 2124 2134 2161 virtutes,
2159 2124 2215 2164 qui
2239 2133 2306 2155 non
2329 2130 2375 2154 est
2396 2133 2491 2163 prae-

1418 2176 1544 2210 paratus
1568 2169 1608 2199 ad
1630 2169 1663 2199 id
1686 2169 1726 2199 ad
1749 2169 1837 2210 quod
1860 2175 1994 2200 tenetur.
2018 2168 2059 2199 Et
2080 2168 2114 2198 in
2137 2167 2284 2202 habendo
2307 2167 2483 2202 bonitatem

1419 2213 1610 2254 simpliciter,
1628 2220 1754 2253 oportet
1771 2213 1860 2254 quod
1878 2213 1991 2243 habeat
2006 2209 2180 2244 bonitatem
2196 2210 2342 2253 primam,
2358 2216 2434 2263 qua
2436 2217 2483 2242 est

2822 2204 2840 2258 ..-.·.
2836 2192 2840 2197 .

1418 2259 1451 2289 in
1475 2268 1508 2289 se
1530 2258 1644 2294 bonus,
1670 2264 1699 2287 et
1723 2263 1987 2297 consequentem,
2011 2266 2075 2297 qua
2104 2263 2150 2287 est
2173 2265 2244 2296 pars
2267 2256 2371 2286 bona:
2394 2255 2485 2286 aliter
2519 2287 2522 2290 Δ
2572 2287 2574 2289 ,

1419 2312 1486 2333 non
1509 2308 1616 2342 posset
1638 2301 1708 2332 talis
1730 2301 1831 2331 homo
1855 2301 1916 2332 dici
1939 2301 2044 2331 bonus
2069 2300 2130 2331 nisi
2146 2300 2323 2331 secundum
2337 2300 2425 2340 quid.
2448 2298 2489 2330 sm

1419 2357 1493 2387 ergo
1517 2346 1618 2377 homo
1642 2353 1688 2376 est
1711 2346 1831 2382 bonus,
1857 2355 1931 2376 cum
1954 2345 2079 2376 bonitas
2102 2354 2160 2376 sua
2187 2344 2228 2376 sit
2249 2350 2304 2375 aut
2325 2353 2399 2384 pars
2426 2349 2490 2378 aut<

1419 2401 1532 2431 parens
1555 2390 1703 2420 bonitatis
1727 2389 1836 2425 civilis,
1859 2389 2055 2429 impossibile
2075 2395 2121 2420 est
2140 2388 2219 2429 quin
2239 2388 2280 2419 sit
2293 2394 2377 2420 recte
2392 2397 2482 2422 com-

1419 2441 1620 2465 mensuratus
1649 2433 1892 2470 communitati,
1922 2433 2010 2474 quod
2042 2439 2089 2463 est
2118 2442 2184 2463 esse
2213 2433 2338 2465 bonum
2369 2431 2480 2465 civem.

1419 2479 1573 2516 Quamvis
1597 2488 1613 2508 e
1638 2485 1745 2508 contra
1769 2477 1902 2513 eveniat,
1926 2484 1962 2508 ut
1985 2476 2102 2507 scilicet
2124 2475 2237 2517 aliquis
2260 2475 2300 2506 sit
2317 2476 2422 2506 bonus
2438 2474 2482 2507 ci-

1418 2523 1465 2553 vis
1481 2529 1512 2553 et
1535 2532 1600 2552 non
1622 2521 1805 2562 simpliciter
1824 2522 1939 2552 bonus.
1964 2520 2049 2558 Quia
2066 2521 2190 2551 bonum
2206 2519 2390 2560 simpliciter
2405 2528 2482 2550 con-

1419 2567 1518 2606 surgit
1541 2577 1577 2597 ex
1601 2577 1694 2596 causa
1717 2566 1846 2605 integra,
1871 2566 1993 2596 bonurn
2018 2571 2125 2596 autem
2148 2564 2326 2595 secundum
2349 2563 2426 2604 quid
2445 2571 2490 2594 ax

1419 2611 1527 2652 aliquo
1551 2610 1748 2651 particulari:
1775 2609 1850 2640 civis
1873 2616 1980 2640 autem
2004 2609 2108 2640 bonus
2132 2618 2197 2639 non
2221 2608 2283 2639 nisi
2305 2607 2481 2639 bonitatem

1406 2655 1595 2687 ‘secundum
1618 2655 1695 2695 quid
1722 2654 1883 2694 importat.
1907 2654 1949 2685 Et
1974 2653 2047 2684 ideo
2071 2652 2104 2684 in
2127 2651 2228 2688 littera
2257 2651 2371 2682 dicitur
2393 2651 2484 2692 quod

1418 2699 1539 2742 sufficit
1554 2698 1639 2739 quod
1656 2698 1804 2728 obediant
1818 2697 1978 2730 mandatis
1986 2698 2183 2738 principum.
2203 2695 2297 2727 Unde
2311 2701 2398 2736 patet
2412 2694 2483 2730 nul·

1417 2744 1483 2774 lam
1507 2752 1573 2773 esse
1597 2742 1888 2773 contradictionem.

1473 2787 1571 2824 Quod
1594 2786 1688 2817 etiam
1713 2786 1801 2816 nulla
1826 2786 1865 2816 sit
1894 2785 2010 2816 salsitas
2034 2790 2164 2825 propter
2190 2783 2357 2815 hominem
2379 2780 2484 2814 heroi-

1419 2841 1504 2868 cum,
1528 2841 1565 2861 ex
1589 2840 1627 2861 eo
1651 2837 1736 2870 patet
1759 2830 1834 2871 quia
1859 2830 1897 2860 de
1913 2829 2097 2860 hominibus
2121 2837 2226 2859 sermo
2250 2834 2312 2859 est:
2337 2827 2487 2859 heroicus

1419 2882 1526 2907 autem
1543 2874 1728 2905 huiusmodi
1745 2875 1817 2914 plus
1831 2883 1930 2914 quam
1948 2873 2050 2904 homo
2067 2879 2122 2910 est,
2141 2872 2280 2903 divinam
2293 2871 2391 2906 vitam
2409 2870 2483 2905 inii.-

1419 2926 1512 2951 tatus.
1541 2919 1582 2950 Et
1605 2918 1679 2959 quia
1702 2918 1796 2949 etiam
1825 2917 1972 2948 heroicus
1994 2917 2026 2947 in
2050 2916 2288 2958 praeparatione
2317 2915 2414 2949 animi
2438 2920 2484 2950 est

1418 2970 1500 2995 recte
1534 2962 1706 3003 dispositus
1737 2963 1776 2992 ad
1807 2961 2045 2992 communitatis
2075 2961 2209 2992 bonum.
2238 2960 2280 2991 Et
2301 2970 2412 2996 rursus
2437 2964 2485 2997 est

1419 3007 1540 3048 optime
1564 3013 1838 3037 commensuratus
1863 3005 1986 3036 caelesti
2010 3005 2136 3045 patriae.

1473 3052 1528 3082 VI.
1546 3051 1597 3081 Ad
1613 3051 1789 3081 secundum
1806 3049 1941 3080 dubium
1952 3049 1970 3069 *
1985 3049 2099 3080 dicitur
2114 3048 2227 3089 quod
2219 3057 2252 3079 ιιι
2269 3047 2413 3079 Secunda
2428 3044 2494 3078 82⁹¹

1420 3095 1555 3132 eundae,
1580 3095 1722 3126 Domino
1751 3094 1957 3130 concedente,
1985 3103 2022 3124 ex
2045 3092 2212 3134 proposito
2240 3091 2423 3123 tractabitur
2445 3089 2494 3122 d·

1419 3139 1580 3170 identitate
1604 3146 1635 3170 et
1658 3138 1834 3169 diversitate
1856 3137 2041 3178 prudentiae
2060 3136 2254 3168 monasticae
2277 3142 2308 3168 et
2326 3135 2492 3176 politicae.
2526 3151 2531 3154 >

1419 3183 1453 3214 in
1486 3182 1862 3234 quadragesimaseptima
1892 3181 2078 3223 quaestione
2096 3180 2129 3218 *;
2157 3180 2213 3212 ubi
2237 3180 2360 3216 ἀίεειιιη
2386 3183 2518 3224 tulate*

1420 3227 1520 3278 magis
1542 3227 1641 3258 virtus
1663 3226 1740 3257 boni
1762 3225 1820 3257 vin'
1850 3224 2060 3257 identificatur
2081 3224 2189 3256 virtuti
2212 3223 2312 3265 pnnci
2336 3222 2363 3254 is
2385 3231 2483 3274 quam

1420 3271 1505 3308 civis,
1530 3281 1603 3302 curn
1623 3271 1656 3302 in
1671 3271 1785 3302 virtute
1809 3270 1885 3301 boni
1901 3269 1959 3300 viri
1975 3269 2139 3300 claudatur
2161 3266 2484 3314 utrumqu,sc11icet

1420 3326 1514 3357 posse
1537 3317 1617 3346 bene
1639 3325 1782 3355 praeesse
1806 3321 1837 3345 et
1855 3314 1935 3344 bene
1958 3314 2095 3344 subesse.

1477 3361 1525 3390 De
1544 3359 1726 3390 necessitate
1741 3369 1817 3390 vero
1833 3358 1956 3389 virtutis
1973 3356 2165 3397 monasticae
2177 3356 2212 3387 in
2227 3354 2368 3396 principe
2383 3347 2483 3393 magis

1421 3414 1519 3445 quam
1542 3404 1575 3434 in
1599 3403 1678 3440 cive,
1703 3403 1742 3433 de
1765 3413 1829 3443 qua
1852 3402 1902 3432 hic
1930 3408 2092 3437 tractatur,
2117 3399 2286 3431 dicendum
2309 3404 2355 3428 est
2377 3397 2480 3438 quod,

1421 3458 1496 3479 cum
1514 3448 1595 3478 inter
1613 3447 1789 3488 principem
1804 3453 1834 3477 et
1850 3446 1931 3476 cives
1949 3452 2072 3476 tantu-m
2087 3443 2208 3475 intersit
2227 3442 2316 3483 quod
2336 3441 2482 3482 princeps
2495 3470 2507 3482 x

1420 3492 1504 3523 vices
1528 3492 1626 3523 totius
1654 3489 1866 3521 multitudinis
1893 3489 1926 3520 in
1953 3498 1986 3520 se
2013 3488 2107 3529 gerit,
2132 3493 2244 3527 utpote
2267 3495 2376 3516 curam
2397 3484 2482 3515 illius

2508 3050 2522 3064 ⁴
2534 3049 2571 3073 ef.
2584 3054 2650 3072 num.
2662 3055 2694 3072 π.

2534 3182 2586 3204 Art.
2600 3187 2631 3210 n,
2645 3177 2720 3205 Gan·
2770 3162 2772 3169 ἲ

2509 3212 2580 3231 mem.
