2840 4010
69 810 78 828 t
107 806 121 828 d

1006 174 1270 220 QUAEST10
1301 174 1403 219 cxl,
1434 174 1727 210 ARTICULUS
1758 174 1769 209 1

2406 171 2479 215 317

722 379 1131 459 QUAEsTm
1171 378 2067 436 CENTESIMAUNDECIMA

980 507 1070 547 DE
1107 505 1459 546 DIVISIONE
1498 508 1805 548 GRATIAE

1099 621 1133 645 IN
1164 619 1323 650 QUINQUE
1350 609 1550 646 ARTlCULbs
1579 622 1694 646 DlVISA

103 758 112 764 ,
392 733 498 759 amm-2
538 719 857 758 considerandum
894 726 947 755 est
981 720 1027 756 de
1070 718 1256 756 divisione
1289 729 1368 764 gra-

71 780 204 828 'rgf'.qu'ffl
223 796 229 806 ,
243 779 280 800 In-
311 731 464 820 Dfiae
487 782 518 819 *-

310 844 358 880 Et
386 843 482 880 circa
509 843 584 879 hoc
607 850 844 890 ‘quaeruntur
873 841 1052 890 quinque.

361 905 512 942 Primo:
533 911 661 940 utrum
677 904 948 940 convenienter
962 903 1152 940 dividatur
1169 901 1285 950 gratia
1301 914 1369 949 per

416 966 572 1014 gratiam
601 965 713 1013 gratis
743 965 869 1002 datam
901 973 935 1002 et
959 965 1116 1012 gratiam
1144 971 1291 1013 gratum
1317 965 1369 1000 fa-

416 1035 589 1064 mentem.

1478 715 1673 750 Secundo:
1705 715 1751 751 de
1772 715 1957 752 divisione
1982 715 2120 762 gratiae
2141 723 2286 763 gratum
2312 715 2478 751 facientis

1530 779 1598 814 per
1626 775 1847 815 operantem
1879 776 1913 804 et
1942 776 2223 816 cooperantem.

1477 819 1628 855 Tertio:
1651 819 1699 856 de
1718 820 1902 856 divisione
1924 820 2092 856 eiusdem
2113 833 2181 869 per
2194 820 2351 868 gratiam
2371 832 2477 868 prae-

1527 872 1744 908 venientem
1775 880 1810 909 et
1838 873 2142 921 subsequentem.

1477 924 1643 969 Quarto:
1674 926 1721 962 de
1750 925 1934 962 divisione
1962 926 2099 972 gratiae
2128 925 2238 973 gratis
2269 926 2388 962 datae.

1478 977 1640 1022 Quinto:
1671 978 1718 1014 de
1752 978 2034 1026 comparatione
2070 978 2206 1025 gratiae
2241 986 2387 1025 gratum
2426 980 2476 1015 fa-

1531 1030 1658 1066 cientis
1684 1038 1719 1066 et
1747 1030 1857 1077 gratis
1887 1031 2006 1067 datae.

1121 1138 1436 1180 ARTICULUS
1467 1139 1672 1180 PRIMUS

351 1271 370 1275 ,.
509 1242 664 1273 UTRUM
689 1241 851 1272 GR'ATlA
875 1241 1214 1272 CONVENIENTER
1236 1240 1476 1271 DIVIDATUR
1499 1241 1579 1271 PER
1603 1241 1800 1272 GRATIAM
1824 1241 2007 1272 GRATUM
2032 1240 2282 1271 FACIENTEM

1077 1285 1136 1316 ET
1160 1284 1357 1316 GRATIAM
1381 1284 1536 1316 GRATIS
1560 1285 1713 1316 DATAM

536 1373 566 1397 ΙΙΙ
589 1373 663 1398 Cant.
686 1374 771 1401 Gent„
792 1380 846 1405 cap.
866 1380 938 1403 cum
960 1372 1103 1404 compend.
1127 1371 1222 1402 neor„
1241 1378 1296 1403 cap.
1316 1378 1405 1401 ccxxv;
1424 1372 1467 1396 Ad
1484 1372 1570 1401 Rom„
1591 1379 1645 1403 cap.
1669 1379 1689 1402 1,
1710 1372 1767 1396 lect.
1787 1379 1826 1400 111:
1846 1372 1890 1396 Ad
1910 1372 2013 1404 Ephes„
2034 1380 2088 1405 cap.
2112 1381 2132 1403 1,
2152 1373 2210 1396 lect.
2229 1380 2256 1396 ιι.

343 1486 410 1525 ‚³:ae5⁵
428 1491 498 1531 ης(
525 1481 547 1506 n
575 1481 712 1507 ptumum
741 1482 794 1506 stc
822 1481 1060 1507 raonem-rua.
1086 1469 1245 1507 Videtur
1264 1469 1369 1518 quod

321 1543 324 1546 ·
346 1513 642 1583 5422ss
669 1535 747 1559 non
783 1522 1058 1560 convenienter.
1088 1522 1276 1560 dividatur
1302 1533 1372 1570 per

468 1581 492 1617 ‘6
524 1575 680 1624 gratiam
723 1583 869 1624 gratum
909 1576 1107 1613 facientem
1145 1582 1181 1612 et
1215 1574 1371 1623 gratiam

392 1622 453 1653 '13
481 1620 516 1670 N,
524 1628 636 1676 gratis
656 1629 796 1666 datam.
818 1629 946 1666 Gratia
967 1627 1068 1666 enim
1098 1636 1153 1665 est
1175 1627 1371 1678 quoddam

73 1688 84 1698 ·
99 1686 149 1715 Q·-
162 1692 199 1714 α,
214 1690 256 1709 ¹¹¹·
269 1692 286 1708 ¹·
313 1679 386 1717 Dei
414 1679 576 1728 donum,
600 1689 643 1718 ut
667 1694 712 1718 ex
732 1681 954 1730 supradictis
975 1683 996 1703 ¹³
1018 1688 1130 1731 patet.
1155 1681 1285 1717 Homo
1306 1693 1370 1717 au·

73 2589 218 2616 ‘'Vm-24,

307 1736 392 1770 *t'e‘m
420 1731 508 1770 ideo
536 1746 614 1771 non
639 1742 694 1771 est
722 1735 807 1771 Deo
827 1743 954 1782 gratus
977 1734 1064 1784 quia
1090 1734 1229 1783 aliquid
1259 1742 1314 1770 est
1339 1734 1372 1770 ei

315 1786 446 1823 datum
475 1799 497 1822 a
525 1788 622 1834 Deo,
644 1789 710 1825 sed
730 1788 856 1836 potius
885 1800 905 1824 e
926 1799 1132 1824 converso:
1161 1786 1247 1824 ideo
1269 1786 1369 1823 enirn

315 1838 453 1888 aliquid
479 1840 588 1877 datur
615 1839 723 1877 alicui
743 1840 855 1888 gratis
884 1853 906 1877 a
933 1841 1030 1887 Deo,
1056 1840 1144 1891 quia
1169 1847 1223 1877 est
1250 1840 1368 1876 homo

314 1899 440 1940 gratus
470 1892 514 1930 ei.
536 1893 639 1941 Ergo
667 1893 769 1930 nulla
799 1901 853 1930 est
881 1893 997 1941 gratia
1016 1900 1163 1941 gratum
1190 1891 1342 1929 faciens.

368 1956 402 1982 2.
422 1946 656 1993 PRAETEREA,
677 1958 945 1994 quaecumque
965 1958 1043 1982 non
1073 1945 1208 1983 dantur
1228 1957 1272 1982 ex
1291 1957 1369 1982 me-

290 2018 293 2021 *
313 1997 389 2035 ritis
398 1999 724 2048 praecedentibus,
735 1999 872 2037 dantur
886 1999 1009 2047 gratis.
1023 1998 1099 2036 Sed
1115 1998 1227 2035 etiam
1243 1998 1370 2048 ipsum

313 2051 458 2088 bonum
479 2054 636 2089 naturae
656 2054 766 2090 datur
782 2047 930 2089 homini
949 2052 1093 2100 absque
1113 2051 1248 2089 merito
1263 2063 1370 2100 prae-

314 2103 478 2141 cedenti:
500 2105 588 2154 quia
616 2113 749 2142 natura
768 2105 1088 2154 praesupponitur
1106 2104 1155 2141 ad
1178 2104 1367 2142 meritum.

313 2157 416 2204 Ergo
444 2157 526 2206 ipsa
562 2166 696 2195 natura
725 2166 779 2195 est
808 2158 920 2195 etiam
955 2158 1067 2206 gratis
1106 2157 1192 2194 data
1220 2170 1242 2194 a
1270 2159 1367 2195 Deo.

312 2210 460 2247 Natura
488 2219 615 2248 autem
640 2211 820 2248 dividitur
847 2218 978 2248 eontra
996 2208 1166 2260 gratiam.
1187 2211 1371 2248 inconve-

313 2262 460 2300 nienter
477 2263 584 2311 igitur
611 2265 685 2311 hoc
705 2264 810 2313 quod
835 2271 891 2301 est
917 2263 1038 2313 gratis
1060 2264 1200 2310 datum,
1221 2264 1372 2312 ponitur

312 2319 355 2352 ut
380 2316 517 2363 gratiae
547 2317 780 2354 differentia:
809 2317 897 2365 quia
925 2316 1115 2354 invenitur
1134 2315 1247 2353 etiam
1269 2325 1370 2354 extra

313 2369 453 2416 gratiae
481 2381 612 2416 genus.
638 2364 640 2367 ’

369 2422 402 2458 3.
424 2422 657 2469 PRAETEREA,
679 2422 803 2459 omnis
823 2421 957 2459 divisio
979 2422 1094 2475 debet
1111 2421 1192 2464 esse
1213 2435 1282 2471 per
1301 2435 1368 2472 op-

312 2474 446 2523 posita.
465 2476 541 2512 Sed
566 2476 678 2512 etiarn
700 2476 781 2524 ipsa
799 2475 916 2523 gratia
931 2483 1078 2522 gratum
1098 2474 1238 2513 faciens
1258 2481 1286 2519 α,
1302 2488 1371 2524 per

313 2537 431 2575 quam
451 2527 711 2575 iusfificamur,
727 2529 839 2576 gratis
858 2528 969 2565 nobis
989 2540 1010 2564 a
1029 2528 1115 2564 Deo
1136 2528 1368 2573 conceditur;

314 2581 524 2618 secundum
555 2581 644 2618 illud
673 2583 785 2618 Rom.
815 2593 850 2618 111
869 2581 910 2617 *ε
939 2581 1136 2628 Iustificati
1158 2582 1279 2630 gratis
1299 2593 1372 2630 per

311 2634 479 2684 gratiam
508 2634 631 2682 ipsius.
658 2634 760 2683 Ergo
795 2635 910 2682 gratia
943 2641 1091 2682 gratum
1125 2633 1264 2671 faciens
1293 2647 1371 2672 non

313 2686 427 2723 debet
455 2686 573 2723 dividi
602 2694 732 2723 contra
760 2687 915 2735 gratiam
944 2686 1055 2734 gratis
1085 2685 1223 2725 datam.

367 2739 442 2776 SED
471 2750 616 2776 CONTRA
642 2751 708 2776 EST
734 2740 838 2788 quod
862 2740 1068 2788 Apostolus
1087 2746 1290 2789 utrumque
1319 2748 1370 2777 at-

313 2790 441 2828 tribuit
468 2791 618 2840 gratiae,
649 2791 787 2828 scilicet
815 2799 851 2828 et
878 2799 1024 2839 gratum
1052 2792 1195 2839 facere,
1226 2800 1264 2829 et
1290 2805 1371 2829 esse

313 2845 425 2891 gratis
455 2844 596 2881 datum.
627 2843 724 2882 Dicit
753 2845 854 2881 enim
884 2853 1068 2894 quantum
1107 2844 1154 2882 ad
1182 2845 1371 2895 primum,

1427 1468 1524 1515 dicit,
1550 1468 1587 1505 in
1621 1469 1720 1505 Cael.
1745 1468 1855 1505 Hier.
1876 1469 1896 1489 *
1921 1469 2020 1509 Cum
2050 1470 2158 1517 igitur
2186 1468 2301 1517 gratia
2329 1468 2378 1505 ad
2405 1469 2479 1505 hoc
2506 1479 2586 1506 Ἔαρ.
2602 1485 2632 1500 ¹v-

1426 1521 1617 1558 ordinetur
1653 1529 1696 1561 ut
1721 1522 1840 1558 horno
1874 1521 2075 1558 reducatur
2100 1522 2138 1558 in
2167 1523 2315 1568 Deum,
2346 1521 2477 1558 ordine

1425 1575 1594 1622 quodam
1623 1574 1697 1610 hoc
1725 1574 1856 1623 agitur,
1876 1581 1917 1610 ut
1945 1575 2082 1611 scilicet
2109 1574 2266 1624 quidam
2290 1586 2358 1623 per
2386 1575 2478 1611 alios

1425 1626 1462 1663 in
1482 1628 1609 1663 Deum
1629 1627 1866 1664 reducantur.
1884 1627 2103 1665 Secundum
2119 1628 2193 1664 hoc
2213 1628 2320 1675 igitur
2340 1628 2478 1676 duplex

1426 1687 1480 1716 est
1499 1679 1625 1727 gratia.
1646 1679 1732 1717 Una
1751 1679 1906 1728 quidem
1927 1692 1996 1728 per
2018 1693 2134 1729 quam
2154 1680 2233 1729 ipse
2254 1681 2372 1717 horno
2393 1681 2476 1717 Deo

1425 1733 1678 1780 coniungitur:
1700 1745 1798 1782 quae
1818 1740 1977 1769 vocatur
1993 1734 2121 1782 gratia
2143 1739 2296 1783 gratum
2313 1733 2477 1781 faciens.

1424 1785 1507 1821 Alia
1525 1797 1619 1822 vero
1639 1797 1708 1834 per
1735 1797 1850 1834 quam
1869 1797 1968 1822 unus
1989 1786 2105 1822 homo
2126 1793 2352 1834 cooperatur
2371 1786 2476 1822 alteri

1425 1838 1471 1875 ad
1508 1839 1582 1875 hoc
1619 1838 1723 1886 quod
1753 1838 1802 1875 ad
1833 1839 1960 1876 Deum
1998 1839 2207 1875 reducatur.
2245 1838 2475 1875 Huiusmodi

1424 1899 1551 1928 autern
1585 1891 1731 1928 donum
1759 1899 1920 1928 vocatur
1950 1891 2076 1941 gratia
2108 1892 2228 1941 gratis
2255 1892 2360 1937 data,
2390 1891 2480 1939 quia

1424 1957 1537 1992 supra
1561 1945 1773 1981 facultatem
1804 1947 1973 1990 naturae,
1993 1952 2029 1980 et
2056 1956 2169 1993 supra
2189 1944 2365 1981 meritum
2394 1956 2478 1992 per-

1424 2009 1553 2043 sonae,
1573 1997 1719 2034 homini
1744 1996 1978 2034 conceditur:
2004 1997 2071 2033 sed
2090 1997 2178 2046 quia
2201 2009 2278 2033 non
2303 1997 2411 2034 datur
2430 1997 2478 2034 ad

1424 2051 1496 2086 hoc
1524 2058 1564 2086 ut
1591 2051 1711 2086 homo
1740 2050 1819 2099 ipse
1846 2062 1915 2099 per
1943 2062 2028 2086 eam
2058 2049 2287 2096 iustificetur,
2313 2050 2380 2087 sed
2407 2062 2475 2098 po-

1423 2103 1495 2139 tius
1515 2111 1554 2138 ut
1574 2103 1622 2139 ad
1641 2103 1945 2147 iustificationem
1965 2102 2114 2139 alterius
2134 2110 2370 2151 cooperetur,
2390 2102 2476 2140 ideo

1425 2168 1500 2192 non
1528 2163 1688 2192 vocatur
1706 2163 1853 2203 gratum
1873 2155 2024 2192 faciens.
2042 2156 2091 2192 Et
2111 2155 2158 2192 de
2177 2156 2249 2192 hac
2269 2155 2355 2192 dicit
2373 2158 2477 2204 Apo-

1425 2209 1552 2255 stolus,
1575 2209 1587 2244 Ι
1617 2209 1670 2244 ad
1699 2209 1785 2245 Cor.
1806 2221 1853 2245 xn
1877 2208 1916 2244 *τ
1951 2208 2158 2256 Unicuique
2179 2209 2290 2246 datur
2317 2209 2473 2257 manife-

1423 2261 1529 2298 statio
1558 2261 1715 2309 Spiritus
1741 2261 1794 2298 ad
1820 2261 2021 2306 utilitatem,
2044 2261 2184 2297 scilicet
2200 2266 2216 2288 ἵ
2245 2261 2417 2297 aliorum.

1476 2316 1534 2351 AD
1564 2326 1700 2351 PthJM
1720 2325 1817 2350 ERGO
1842 2326 2025 2353 DlCENDtJM
2053 2314 2158 2362 quod
2181 2314 2297 2361 gratia
2327 2326 2404 2350 non
2426 2313 2477 2350 di-

1425 2367 1518 2403 citur
1545 2367 1667 2404 facere
1696 2374 1843 2415 gratum
1863 2366 2046 2413 effective,
2068 2367 2135 2404 sed
2163 2366 2385 2403 formaliter:
2411 2366 2478 2403 sci·

1423 2420 1507 2457 licet
1534 2420 1622 2468 quia
1649 2431 1718 2469 per
1745 2420 1843 2457 hanc
1871 2421 1990 2456 homo
2019 2419 2254 2461 iustificatur,
2282 2426 2317 2455 et
2345 2419 2479 2467 dignus

1424 2473 1582 2510 efficitur
1598 2473 1728 2510 vocari
1747 2471 1829 2509 Deo
1859 2480 2002 2520 gratus3
2027 2472 2237 2509 secundum
2258 2473 2360 2520 quod
2391 2472 2478 2509 dici-

1423 2535 1483 2562 tur
1501 2527 1552 2562 ad
1573 2526 1693 2562 Colos.
1711 2525 1770 2562 1*:
1791 2526 1940 2575 Dignos
1959 2537 2027 2562 nos
2033 2526 2131 2574 fecit
2149 2526 2184 2561 in
2203 2531 2352 2574 partem
2371 2525 2478 2561 sortis
2506 2534 2514 2541 ·
2530 2531 2594 2552 Vers-
2610 2536 2639 2552 ¹2-

1422 2585 1637 2616 sanctorum
1666 2579 1702 2614 in
1732 2579 1882 2615 lumine.

1477 2635 1534 2668 AD
1563 2642 1752 2668 SECUNDUM
1780 2642 1963 2668 mCENDUM
1986 2630 2091 2679 quod
2118 2630 2246 2678 gratia,
2267 2631 2478 2667 secundum

1426 2685 1527 2733 quod
1548 2684 1659 2732 gratis
1680 2684 1799 2731 datur,
1817 2683 1978 2721 excludit
1998 2684 2182 2720 rationem
2204 2682 2330 2719 debiti.
2351 2684 2480 2719 Potest

1425 2746 1552 2774 autem
1572 2737 1723 2785 intelligi
1744 2737 1882 2785 duplex
1903 2737 2084 2773 debiturn.
2106 2736 2232 2772 Unum
2258 2735 2413 2783 quidem
2435 2747 2478 2771 ex

1425 2790 1559 2827 merito
1588 2790 1831 2838 proveniens,
1861 2789 1966 2837 quod
1995 2789 2152 2825 refertur
2179 2788 2227 2826 ad
2255 2800 2478 2838 personam,

1427 2844 1531 2880 cuius
1561 2850 1615 2879 est
1642 2854 1750 2890 agere
1771 2842 1961 2879 meritoria
1991 2854 2124 2890 opera;
2150 2841 2359 2878 secundum
2389 2840 2479 2877 illud

2503 2217 2513 2227 ⁸
2529 2216 2595 2237 Vers.
2610 2222 2631 2243 7.

2598 2261 2614 2285 γ

79 2908 87 2916 ·
102 2905 169 2927 Vers·
184 2906 206 2927 ⁶·
313 2898 365 2934 ad
386 2898 520 2945 Ephes.
543 2910 551 2934 1
573 2899 608 2933 *z
634 2897 869 2945 Gratzficavit
886 2896 954 2934 nos·v
971 2898 1008 2934 in
1029 2897 1158 2934 dilecto
1176 2898 1272 2935 Filio
1291 2910 1370 2935 suo.
1426 2897 1477 2933 ad
1502 2891 1613 2932 Rom.
1631 2897 1671 2932 '1v
1688 2895 1727 2931 ²¹²:
1756 2895 1807 2932 Ei
1824 2896 1889 2943 qui
1906 2900 2093 2943 operatur,
2114 2906 2254 2930 merces
2277 2895 2481 2943 imputatur
2508 2906 2515 2913 ·
2532 2904 2598 2925 νοτε.
2612 2911 2636 2930 4·

77 2959 86 2969 ·
102 2958 168 2980 vers·
185 2959 206 2979 6-
315 2950 512 2997 Quantum
526 2962 620 2987 vero
635 2950 684 2987 ad
699 2950 922 2997 secundum,
939 2950 1072 2987 dicitur
1085 2951 1136 2988 ad
1148 2951 1259 2988 Rom.
1279 2963 1316 2988 xx
1334 2951 1371 2987 *z
1425 2949 1628 2986 secundum
1656 2948 1829 2994 debitum,
1850 2960 1924 2985 non
1943 2948 2144 2984 secundum
2172 2947 2349 2996 gratiam.
2366 2946 2480 2984 Aliud
2606 2991 2619 3000 -

315 3003 358 3039 Si
382 3009 506 3040 autem
534 3003 673 3053 gratia,
702 3003 778 3039 iam
804 3015 881 3040 non
909 3015 961 3039 ex
986 3004 1178 3052 operibus:
1206 3003 1372 3053 alioquin
1429 3010 1483 3039 est
1511 3001 1679 3038 debitum
1711 3013 1755 3037 ex
1784 3001 1998 3038 conditione
2017 2997 2031 3021 δ
2059 3006 2234 3036 naturae:
2259 3007 2349 3048 puta
2369 2999 2399 3036 si
2428 2999 2482 3036 di-
2606 2999 2619 3016 ⁰

314 3055 443 3105 gratia
470 3056 547 3092 iam
572 3068 648 3092 non
675 3062 731 3092 est
753 3057 891 3106 gratia.
922 3057 1052 3092 Potest
1080 3068 1168 3103 ergo
1198 3054 1372 3104 distingui
1429 3067 1560 3092 camus
1589 3054 1757 3091 debitum
1788 3065 1869 3090 esse
1898 3053 2043 3089 homini
2072 3052 2175 3101 quod
2203 3053 2341 3089 habeat
2370 3052 2480 3088 ratio-

315 3109 432 3156 gratia
447 3121 546 3156 quae
561 3109 623 3145 vel
642 3109 759 3145 habet
770 3120 890 3145 unum
905 3115 1063 3154 tantum,
1079 3109 1141 3145 vel
1154 3115 1370 3158 utrumque.
1428 3120 1516 3145 nem
1546 3115 1582 3143 et
1614 3107 1685 3143 alia
1715 3117 1811 3154 quae
1841 3106 1887 3142 ad
1923 3106 2128 3142 humanam
2156 3105 2343 3154 pertinent
2375 3112 2481 3141 natu-

369 3163 594 3198 REsroNDEo
610 3173 793 3199 mmmmm
810 3161 924 3210 quod,
942 3161 1035 3198 sicut
1049 3161 1255 3210 Apostolus
1272 3161 1371 3208 dicit,
1429 3173 1521 3197 ram.
1549 3161 1695 3196 Neutro
1725 3166 1851 3195 autem
1886 3158 2003 3195 modo
2033 3158 2167 3195 dicitur
2195 3158 2363 3195 debitum
2395 3159 2483 3207 pro-

77 3217 170 3240 'Vffl-
185 3224 200 3240 ¹·
316 3214 368 3251 ad
393 3215 505 3251 Rom.
526 3226 586 3251 xm
613 3213 655 3261 *,
685 3225 782 3263 quae
803 3227 827 3252 a
846 3214 928 3251 Deo
956 3219 1051 3259 sunt,
1078 3214 1249 3251 ordinata
1275 3220 1371 3252 sunt.
1428 3221 1510 3262 pter
1537 3214 1611 3249 hoc
1635 3211 1739 3260 quod
1767 3213 1871 3248 Deus
1901 3219 2092 3248 creaturae
2125 3210 2311 3259 obligatur
2328 3216 2340 3231 ⁶
2355 3210 2394 3247 ³⁸:
2416 3210 2484 3248 sed
2509 3239 2519 3249 .
2535 3238 2562 3258 1„
2578 3213 2623 3265 435,

175 3258 189 3292 β
316 3268 358 3304 In
377 3268 452 3304 hoc
471 3275 598 3304 autern
629 3267 725 3304 ordo
745 3279 872 3304 rerum
892 3265 908 3296 β
936 3265 1111 3313 consistit,
1133 3267 1238 3314 quod
1257 3279 1371 3315 quae·
1428 3265 1552 3314 potius
1590 3265 1813 3312 inquantum
1844 3272 2011 3300 creatura
2037 3263 2148 3300 debet
2177 3263 2307 3300 subiici
2335 3264 2420 3300 Deo
2443 3271 2485 3300 ut

316 3320 404 3357 dam
434 3333 502 3369 per
521 3320 592 3357 alia
611 3320 648 3357 in
678 3321 805 3357 Deum
833 3320 1078 3364 reducuntur;
1099 3327 1140 3355 ut
1167 3319 1373 3368 Dionysius
1398 3314 1402 3365 ἱ
1429 3319 1465 3354 in
1496 3330 1539 3354 ea
1577 3317 1704 3354 divina
1733 3316 1918 3353 ordinatio
1952 3317 2172 3365 impleatur,
2203 3329 2298 3366 quae
2329 3317 2483 3366 quidem

1482 3432 1506 3462 ὀ)
1527 3440 1563 3456 ex
1581 3432 1739 3456 conditione.
1754 3445 1771 3449 —
1790 3431 1932 3455 secundum
1952 3431 2127 3455 conditionem
2148 3431 2194 3454 Pa.

367 3434 395 3465 α)
414 3437 522 3467 gratum
537 3434 650 3467 faciens.
664 3448 681 3452 -
700 3434 761 3458 Om.
782 3434 811 3458 Ε.

1483 3468 1504 3499 ε)
1524 3467 1667 3499 obligatur.
1679 3480 1697 3485 —
1716 3466 1847 3499 obligetur·
1867 3467 1910 3490 Pa.

356 3468 394 3501 -β)
414 3476 513 3495 rerum.
525 3483 544 3488 -
561 3477 652 3494 eorum
673 3469 771 3493 CEHL.

368 3505 395 3537 γ)
414 3505 520 3530 scilicet.
534 3519 552 3523 -
570 3505 631 3529 Om.
652 3504 888 3528 ABCDEFGHKL.
