2840 4010
73 1523 169 1546 'In-ine
183 1528 262 1550 ειμι

2 1547 165 1588 ‚svm-3-

70 1574 164 1599 'Ven-
176 1581 212 1598 22.

62 2470 77 2482 ‘
92 2470 158 2493 Vei-s.
172 2477 208 2499 30·

63 3445 73 3453 ·
89 3443 156 3465 vers.
170 3449 209 3471 49.

1012 178 1277 224 QUAESTIO
1308 180 1408 225 C111,
1439 180 1732 217 ARTICULUS
1763 181 1813 216 1v

312 255 366 292 vit
377 255 502 303 prius.-
522 255 623 303 quod
640 261 765 292 autem
785 257 1003 305 antiquatur
1021 262 1056 292 et
1068 257 1232 303 senescit,
1249 268 1370 304 prope

314 307 501 344 interitum
529 313 592 344 est.

365 360 591 397 RESPONDEO
626 373 818 398 1110οΝ1)οΜ
857 362 962 410 quod
999 361 1129 397 omnia
1169 368 1370 408 praecepta

313 413 605 450 caeremonialia
641 414 780 450 veteris
807 414 897 461 legis
927 414 976 450 ad
1005 415 1146 449 cultum
1180 413 1253 448 Dei
1285 421 1372 448 sunt

189 481 200 496 a
240 480 283 500 ω-
313 464 496 513 ordinata,
514 473 557 502 ut
584 479 698 515 supra
725 467 745 488 ’¹‘
773 467 915 504 dictum
945 473 1012 502 est.
1041 465 1214 501 Exterior
1242 473 1370 501 autem

313 517 432 554 cultus
468 519 749 567 proportionari
786 519 899 556 debet
930 517 1096 554 interiori
1136 517 1270 563 cultui,
1306 518 1368 564 qui

314 570 481 607 consistit
499 571 538 608 in
566 572 654 619 fide,
676 583 744 620 spe
772 579 808 608 et
828 570 990 607 caritate.
1021 569 1133 606 Unde
1157 569 1368 606 secundum

313 623 567 661 diversitatem
595 624 779 661 interioris
808 623 940 669 cultus,
971 622 1101 658 debuit
1125 621 1368 658 diversificari

313 676 432 712 cultus
461 676 632 714 exterior.
662 677 790 713 Potest
823 682 951 711 autem
981 675 1112 723 triplex
1146 681 1262 711 status
1298 674 1370 712 dis-

311 729 428 776 tingui
454 729 639 765 interioris
671 729 801 765 cultus.
830 728 938 765 Unus
975 728 1131 775 quidem
1159 727 1369 764 secundum

312 793 427 830 quem
456 782 618 818 habetur
645 781 741 818 fides
761 789 797 817 et
811 793 898 829 spes
927 788 964 816 et
990 781 1038 817 de
1067 780 1177 817 bonis
1205 779 1370 816 caelesti-

312 835 398 881 bus,
417 842 454 870 et
472 835 520 871 de
538 834 596 870 his
613 845 683 882 per
701 845 800 882 quae
820 833 858 870 in
878 834 1054 870 caelestia
1081 832 1368 878 introducimur,

313 888 359 923 de
387 886 555 934 utrisque
583 886 739 935 quidem
768 886 862 923 sicut
890 887 937 923 de
969 886 1198 934 quibusdam
1224 885 1367 922 futuris.

260 936 268 948 “
312 939 362 975 Et
390 939 471 975 talis
499 938 567 975 fuit
594 946 718 975 status.
739 939 828 976 fidei
849 947 884 975 et
911 939 992 987 spei
1020 939 1058 976 in
1086 938 1204 975 veteri
1233 939 1326 986 lege.
1344 959 1367 965 —

312 991 418 1028 Alius
446 999 574 1028 autem
604 999 660 1028 est
697 999 812 1028 status
850 992 1034 1028 interioris
1068 993 1188 1028 cultus
1224 991 1262 1027 in
1290 1003 1367 1040 quo

311 1044 472 1081 habetur
499 1044 595 1080 fides
624 1052 660 1080 et
688 1057 775 1093 spes
803 1045 850 1082 de
880 1045 1101 1081 caelestibus
1136 1043 1244 1081 bonis
1276 1044 1369 1080 sicut

313 1097 360 1134 de
388 1096 617 1155 quibusdam
646 1098 791 1144 futuris,
814 1098 881 1135 sed
899 1104 917 1119 0‘
945 1098 992 1134 de
1021 1098 1077 1134 his
1100 1109 1168 1146 per
1195 1108 1292 1145 quae
1314 1097 1368 1133 in-

311 1148 572 1186 troducimur'
564 1162 603 1186 in
623 1151 808 1198 caelestia,
829 1153 924 1187 sicut
947 1151 995 1187 de
1015 1149 1274 1199 praesentibus
1306 1151 1367 1186 vel

311 1201 531 1250 praeteritis.
552 1203 602 1239 Et
629 1203 696 1240 iste
727 1211 781 1240 est
808 1211 925 1240 status
954 1215 1079 1240 novae
1107 1202 1209 1250 legis.
1230 1223 1254 1229 -
1274 1203 1367 1239 Ter-

131 1244 166 1309 ff
211 1272 221 1281 π
273 1294 283 1297 ⁴
311 1254 536 1291 tiusautem
557 1262 674 1292 status
694 1264 749 1293 est
778 1257 815 1293 in
831 1269 908 1304 quo
936 1264 1095 1305 utraque
1114 1256 1301 1292 habentur
1328 1263 1369 1292 ut

311 1308 535 1355 praesentia,
558 1316 594 1344 et
612 1309 702 1345 nihil
723 1309 885 1346 creditur
912 1317 953 1346 ut
971 1310 1121 1355 absens,
1142 1320 1265 1357 neque
1284 1320 1368 1356 spe-

312 1367 413 1396 ratur
439 1368 481 1397 ut
508 1361 689 1398 futurum.
723 1363 773 1398 Et
799 1362 868 1398 iste
898 1370 953 1398 est
979 1369 1096 1398 status
1123 1362 1332 1398 beatorum.

366 1414 408 1450 In
435 1413 498 1450 illo
528 1426 617 1462 ergo
646 1422 744 1451 statu
773 1415 971 1451 beatorum
1000 1414 1090 1451 nihil
1118 1414 1188 1451 erit
1212 1414 1368 1462 figurale

313 1465 362 1502 ad
390 1465 563 1503 divinum
584 1468 727 1503 cultum
754 1468 955 1515 pertinens,
978 1467 1046 1504 sed
1074 1467 1197 1504 solum
1225 1468 1368 1516 gratia-

263 1529 285 1550 ¹›
312 1530 398 1555 rum
424 1520 522 1555 actio
541 1525 578 1556 et
599 1531 678 1556 vox
705 1521 825 1557 laudis
843 1521 872 1557 ³³⁸.
908 1521 957 1557 Et
975 1521 1064 1559 ideo
1089 1520 1223 1558 dicitur
1249 1521 1366 1568 Apoc.

311 1582 370 1608 xxi
394 1572 429 1618 ³⁸,
457 1573 504 1608 de
534 1572 683 1618 civitate
717 1574 935 1610 beatorum:
970 1573 1164 1622 Templum
1192 1585 1265 1610 non
1293 1574 1372 1610 vidi

312 1624 349 1660 in
377 1635 442 1661 ea:
469 1626 658 1662 Dominus
685 1627 784 1663 enim
805 1628 908 1663 Deus
935 1627 1166 1674 omnipotens
1183 1626 1368 1675 ¹templum

311 1676 409 1714 illius
427 1684 490 1723 est,
511 1684 547 1714 et
570 1679 717 1728 Agnus.
747 1680 834 1716 Pari
862 1680 972 1727 igitur
999 1679 1154 1726 ratione,
1175 1691 1370 1716 caeremo-

311 1729 396 1766 niae
423 1731 537 1779 primi
557 1739 685 1779 status,
705 1744 774 1780 per
802 1745 896 1780 quas
915 1733 1149 1780 figurabatur
1177 1740 1212 1768 et
1235 1744 1368 1769 secun-

312 1783 382 1819 dus
402 1791 438 1819 et
456 1784 596 1831 tertius,
617 1785 794 1822 veniente
819 1787 988 1822 secundo
1007 1792 1116 1832 statu,
1137 1796 1282 1822 cessare
1303 1785 1366 1822 de-

311 1836 491 1882 buerunt;
514 1844 549 1873 et
568 1838 662 1874 aliae
692 1838 955 1875 caeremoniae
985 1837 1124 1885 induci,
1152 1850 1250 1886 quae
1280 1851 1369 1875 con-

309 1888 483 1926 venirent
512 1890 622 1927 statui
651 1891 771 1928 cultus
796 1891 910 1928 divini
939 1903 1009 1939 pro
1038 1898 1209 1940 tempore
1237 1891 1311 1938 illo,
1331 1891 1367 1928 in

310 1953 387 1989 quo
417 1942 520 1978 bona
549 1943 722 1980 caelestia
743 1951 829 1981 sunt
857 1944 998 1991 futura,
1027 1943 1212 1981 beneficia
1239 1951 1367 1981 autem

309 1993 382 2030 Dei
418 2007 486 2042 per
524 2008 622 2044 quae
659 1997 708 2034 ad
743 1997 916 2034 caelestia
952 1997 1247 2044 introducimur,
1282 2006 1368 2034 sunt

310 2055 533 2094 praesentia.
1175 2064 1182 2070 ⁴

362 2101 420 2136 An
437 2112 573 2138 Ρ111Μ11Μ
592 2113 690 2139 ERGO
710 2114 893 2139 mOENDUM
908 2103 1014 2151 quod
1033 2104 1091 2139 lex
1109 2110 1219 2140 vetus
1235 2103 1368 2140 dicitur

310 2163 393 2188 esse
414 2153 451 2190 in
467 2161 677 2202 aeternum,
694 2155 906 2192 secundum
923 2155 1082 2192 moralia
1095 2155 1262 2205 quidem,
1278 2156 1367 2193 sim-

308 2204 453 2253 pliciter
469 2214 504 2243 et
518 2208 706 2244 absolute·
728 2209 940 2246 secundum
957 2208 1246 2246 caeremonialia
1260 2221 1366 2256 vero,

308 2266 494 2306 quantum
522 2260 571 2297 ad
598 2261 798 2297 veritatem
826 2273 895 2310 per
923 2273 968 2298 ea
995 2262 1207 2310 figuratam.

360 2313 420 2348 An
453 2324 642 2350 SECUNDUM
680 2325 863 2351 DICENDUM
907 2315 1009 2362 quod
1053 2315 1274 2362 mysterium
1311 2327 1368 2351 re-

309 2362 537 2413 demptionis
572 2367 730 2403 humani
767 2367 914 2415 generis
951 2368 1183 2416 completum
1226 2368 1294 2405 fuit
1330 2369 1367 2405 in

306 2417 486 2464 passione
507 2419 659 2455 Christi:
684 2420 787 2456 unde
809 2427 898 2457 tunc
918 2420 1109 2457 Dominus
1129 2420 1236 2458 dixit:
1270 2422 1367 2458 Con-

306 2476 536 2508 summatum
550 2477 614 2517 est,
635 2480 677 2508 ut
689 2473 850 2509 habetur
867 2474 969 2509 Ioan.
985 2473 1086 2510 xlx*.
1107 2474 1156 2510 Et
1170 2473 1256 2510 ideo
1276 2483 1365 2511 tunc

306 2523 469 2560 totaliter
489 2524 701 2577 debuerunt
722 2537 868 2562 cessare
897 2526 1043 2573 legalia,
1069 2527 1176 2575 quasi
1202 2527 1278 2564 iam
1301 2539 1367 2564 ve-

306 2574 413 2612 ritate
449 2573 583 2614 eorum
623 2587 900 2615 consummata.
932 2580 973 2615 In
1003 2579 1109 2616 cuius
1137 2579 1298 2627 signum,
1328 2580 1366 2617 in

359 2682 386 2711 α)
405 2682 461 2707 sed.
478 2695 497 2700 —
515 2683 614 2707 scilicet
633 2684 662 2709 Ρ.

358 2715 383 2748 β)
404 2717 430 2741 in
449 2718 630 2749 expoliatione
648 2720 769 2750 corporis
787 2721 884 2744 carm‘s.
902 2734 922 2739 —
940 2721 1000 2744 Om.
1021 2722 1129 2745 codices.

2415 183 2488 219 255

1427 258 1603 305 passione
1619 258 1756 295 Christi
1771 260 1901 295 velum
1916 259 2047 308 templi
2068 259 2200 307 legitur
2214 268 2296 298 esse
2314 260 2488 310 scissum,

1429 311 1562 346 Matth.
1591 322 1687 347 xxvn
1715 311 1745 347 ²¹².
1777 312 1825 348 Et
1852 311 1939 349 ideo
1968 319 2056 348 ante
2083 312 2302 361 passionem
2338 314 2485 361 Christi,
2518 326 2525 334 ·
2563 331 2587 346 er

1429 363 1578 398 Christo
1595 363 1836 411 praedicante
1853 372 1888 401 et
1903 364 2084 401 miracula
2100 364 2271 413 faciente,
2289 367 2489 404 currebant

1428 414 1539 450 simul
1572 416 1629 451 lex
1659 424 1694 452 et
1723 417 1996 464 Evangelium:
2025 418 2114 466 quia
2153 418 2229 455 iam
2263 419 2487 466 mysterium

1429 467 1565 503 Christi
1595 476 1674 504 erat
1701 469 1934 517 inchoatum,
1956 471 2022 507 sed
2051 471 2224 508 nondum
2246 483 2489 508 consumma-

1427 526 1519 555 tum.
1538 521 1586 556 Et
1604 529 1759 569 propter
1778 522 1852 558 hoc
1868 523 2064 559 mandavit
2078 524 2279 568 Dominus,
2296 531 2383 560 ante
2401 537 2488 573 pas-

1427 571 1575 607 sionem
1597 585 1704 609 suam
1710 575 1893 622 ,leproso,
1914 583 1955 611 ut
1981 576 2119 623 legales
2140 577 2400 614 caeremonias
2421 578 2488 614 ob-

1427 633 1605 660 servaret.

1480 678 1538 712 AD
1575 689 1733 714 TERTlUM
1767 690 1950 716 DICENDUM
1982 681 2086 728 quod
2121 682 2284 719 rationes
2313 651 2487 719 litterales

1428 730 1755 767 caeremoniarum
1785 743 1898 779 supra
1927 734 2136 780 assignatae
2155 734 2175 755 ²⁸
2200 735 2410 772 referuntur
2437 736 2487 772 ad
2513 746 2524 756 ·
2565 753 2579 767 u
2605 752 2636 768 cr

1428 781 1601 818 divinum
1631 784 1786 831 cultum,
1813 784 1877 832 qui
1906 785 2059 832 quidem
2089 787 2208 823 cultus
2238 796 2316 824 erat
2342 788 2381 824 in
2409 788 2486 825 fide

1426 835 1586 871 venturi.
1618 836 1666 871 Et
1693 835 1792 882 ideo,
1822 836 1897 872 iam
1923 838 2100 874 veniente
2130 851 2177 875 eo
2207 840 2271 888 qui
2303 848 2486 878 venturus

1427 895 1517 933 erat,
1545 895 1581 923 et
1610 889 1730 924 cultus
1759 888 1819 924 ille
1848 898 1987 936 cessat,
2018 898 2054 926 et
2082 903 2216 928 omnes
2246 893 2409 930 rationes
2438 894 2487 930 ad

1426 940 1527 975 hunc
1557 941 1696 976 cultum
1727 941 1933 978 ordinatae.

1478 994 1538 1028 AD
1567 1004 1739 1035 QUARTUM
1759 1005 1941 1031 mCENDuM
1971 997 2073 1042 quod
2100 996 2195 1033 fides
2223 998 2400 1034 Abrahae
2421 999 2488 1035 fuit

1426 1046 1696 1082 commendata
1724 1046 1762 1082 in
1790 1047 1865 1082 hoc
1898 1047 2000 1095 quod
2031 1049 2187 1085 credidit
2222 1049 2372 1086 divinae
2400 1064 2487 1099 pro-

1426 1097 1595 1134 missioni
1616 1099 1662 1135 de
1683 1099 1808 1135 futuro
1829 1100 1986 1147 semine,
2007 1101 2044 1137 in
2073 1113 2149 1149 quo
2175 1102 2488 1140 benedicerentur

1426 1163 1561 1187 omnes
1580 1159 1722 1199 gentes.
1741 1152 1788 1188 Et
1807 1152 1893 1189 ideo
1922 1154 2090 1201 quandiu
2109 1155 2184 1191 hoc
2208 1162 2286 1192 erat
2305 1155 2486 1204 futurum,

1426 1205 1626 1251 oportebat
1653 1206 1850 1252 protestari
1879 1206 1997 1242 fidem
2017 1207 2194 1244 Abrahae
2224 1208 2262 1244 in
2291 1208 2486 1245 circumci-

1425 1256 1543 1293 sione.
1562 1257 1639 1293 Sed
1653 1265 1856 1306 postquam
1877 1258 1952 1294 iam
1969 1260 2043 1295 hoc
2060 1267 2114 1296 est
2132 1261 2355 1308 perfectum,
2373 1274 2485 1310 opor-

1425 1317 1476 1345 tet
1503 1310 1603 1346 idem
1641 1310 1712 1346 alio
1746 1311 1852 1358 signo
1883 1311 2079 1359 declarari,
2115 1313 2254 1350 scilicet
2282 1314 2484 1362 baptismo,

1426 1362 1490 1410 qui
1511 1362 1548 1399 in
1568 1364 1642 1399 hoc
1662 1364 1936 1400 circumcisioni
1957 1365 2140 1411 succedit;
2162 1368 2374 1403 secundum
2394 1367 2485 1405 illud

1425 1416 1609 1474 Apostoli,
1626 1416 1677 1452 ad
1699 1416 1836 1453 Coloss.
1851 1417 1927 1453 11²⁸:
1954 1418 2175 1454 Circumczsi
2192 1420 2274 1455 estis
2289 1420 2485 1456 circumci-
2511 1433 2520 1441 ·
2559 1438 2583 1453 er

1423 1469 1527 1504 sione
1545 1480 1619 1505 non
1640 1471 1876 1517 manufacta
1896 1471 1932 1506 in
1949 1471 2199 1518 expoliatione
2213 1473 2381 1520 corporis
2400 1485 2484 1509 car-

1425 1522 1481 1557 nis
1495 1519 1521 1567 β,
1536 1522 1633 1558 sed
1620 1534 1656 1558 m
1676 1523 1959 1559 circumcisione
1973 1524 2131 1560 Dominz
2143 1525 2262 1561 nostri
2274 1527 2359 1561 Iesu
2380 1526 2484 1562 Chri-

1422 1575 1479 1619 sti,
1499 1575 1703 1622 consepulti
1729 1576 1765 1611 ei
1790 1576 1826 1612 in
1856 1577 2048 1624 baptismo.

1478 1628 1687 1664 Sabbatum
1726 1636 1871 1675 autem,
1909 1629 2014 1678 quod
2052 1630 2307 1677 significabat·
2319 1631 2483 1679 primam

1424 1680 1666 1727 creationem,
1689 1689 1855 1718 mutatur
1878 1682 1915 1718 in
1936 1682 2037 1718 diem
2066 1683 2326 1730 Dominicum,
2347 1684 2384 1720 in
2404 1696 2482 1732 quo

1424 1741 1749 1770 commemoratur
1772 1747 1874 1771 nova
1904 1743 2073 1772 creatura
2094 1736 2269 1773 inchoata
2297 1736 2334 1773 in
2363 1749 2484 1773 resur-

1424 1786 1587 1823 rectione
1608 1787 1756 1824 Christi.
1779 1809 1802 1815 -
1824 1788 1872 1824 Et
1891 1788 2059 1825 similiter
2079 1789 2157 1825 aliis
2183 1790 2483 1826 solemnitatibus

1422 1839 1561 1876 veteris
1589 1840 1678 1887 legis
1708 1852 1832 1877 novae
1858 1841 2115 1880 solemnitates
2144 1842 2372 1879 succedunt:
2394 1843 2483 1890 quia

1424 1892 1610 1929 beneficia
1638 1892 1686 1928 illi
1705 1894 1850 1942 populo
1867 1894 2042 1942 exhibita,
2064 1894 2276 1942 significant
2295 1895 2482 1932 beneficia

1424 1945 1534 1981 nobis
1555 1957 1735 1982 concessa
1763 1958 1831 1994 per
1852 1947 2056 1984 Christum.
2079 1948 2189 1985 Unde
2213 1949 2308 1984 festo
2329 1949 2451 1985 Phase
2467 1953 2482 1975 Υ

1424 1998 1591 2035 succedit
1611 1999 1748 2035 festum
1778 2000 1968 2036 Passionis
2002 2001 2138 2037 Christi
2160 2008 2195 2037 et
2223 2001 2483 2038 Resurrectio-

1422 2051 1491 2087 nis.
1514 2052 1625 2088 Festo
1646 2052 1902 2100 Pentecostes,
1924 2053 1961 2089 in
1981 2065 2058 2101 quo
2080 2054 2147 2090 fuit
2166 2054 2252 2090 data
2280 2055 2339 2090 lex
2357 2061 2482 2101 vetus,

1423 2104 1589 2140 succedit
1617 2105 1755 2141 festum
1783 2106 2027 2142 Pentecostes
2060 2107 2098 2143 in
2126 2119 2202 2155 quo
2223 2106 2289 2143 fuit
2317 2108 2403 2143 data
2423 2108 2481 2143 lex

1423 2157 1572 2205 spiritus
1599 2157 1711 2194 vitae.
1742 2158 1854 2195 Festo
1885 2159 2123 2196 Neomeniae
2153 2159 2319 2196 succedit
2347 2160 2483 2196 festum

1422 2211 1562 2246 Beatae
1577 2210 1751 2258 Virginis,
1773 2211 1810 2248 in
1830 2223 1906 2259 qua
1925 2212 2050 2260 primo
2069 2212 2243 2261 apparuit
2261 2212 2482 2249 illuminatio
2512 2212 2514 2214 ’

1423 2263 1522 2309 50115,
1544 2263 1639 2305 idest
1659 2263 1807 2310 Christi,
1827 2276 1896 2312 per
1915 2265 2067 2313 copiam
2096 2265 2247 2313 gratiae.
2274 2266 2387 2302 Festo
2404 2267 2483 2302 Tu-

1422 2317 1558 2352 barum
1588 2316 1796 2353 succedunt
1828 2317 1921 2354 festa
1949 2319 2233 2369 Apostolorum.
2266 2319 2378 2355 Festo
2409 2319 2483 2354 Ex-

1422 2369 1598 2417 piationis
1627 2369 1836 2407 succedunt
1859 2370 1953 2407 festa
1982 2372 2195 2419 Martyrum
2217 2378 2252 2407 et
2279 2371 2484 2408 Confesso-

1422 2434 1519 2458 rum.
1542 2422 1654 2459 Festo
1671 2423 2024 2460 Tabernaculorum
2040 2424 2207 2462 succedit
2226 2425 2364 2461 festum
2381 2424 2484 2460 Con-

1422 2475 1640 2511 secrationis
1656 2476 1859 2513 Ecclesiae.
1875 2477 1988 2513 Festo
2005 2477 2148 2514 Coetus
2159 2485 2273 2524 atque
2290 2477 2482 2513 Collectae

1422 2528 1589 2564 succedit
1626 2529 1763 2565 festum
1801 2530 2036 2577 Angelorum
2054 2542 2063 2575 ;
2092 2531 2154 2566 vel
2194 2529 2306 2566 etiam
2344 2530 2481 2566 festum

1423 2581 1608 2617 Omnium
1639 2582 1879 2618 Sanctorum.

1474 2688 1614 2720 7)›Phase.
1632 2701 1651 2706 -
1670 2688 1787 2713 Paschae
1807 2689 1916 2712 tudites.

1083 2857 1398 2902 ARTiCULus
1429 2859 1699 2912 QUARTUS

431 2935 585 2966 UTRUM
608 2936 718 2967 POST
741 2909 978 2969 PASSIONEM
1003 2939 1174 2971 CHRISTI
1198 2941 1384 2972 LEGALIA
1409 2942 1585 2973 POSSINT
1609 2943 1789 2973 SERVARI
1814 2943 1907 2973 SINE
1932 2942 2134 2973 PECCAlO
2158 2942 2353 2972 MORTALI

306 3010 380 3037 Infra.
399 3015 444 3040 qu.
463 3015 514 3038 σιν,
534 3012 580 3032 art.
602 3006 631 3036 35
651 3014 695 3039 qu.
714 3013 778 3036 cvn,
798 3012 845 3032 art.
866 3015 890 3038 2,
904 3009 935 3033 ad
954 3016 979 3038 1;
999 3010 1098 3034 11“11’“’

1100 3017 1327 3043 ‚qu-xcn1,a.rt
1351 3019 1378 3041 1;
1398 3012 1432 3036 IV
1452 3013 1540 3041 Sent„
1561 3012 1618 3036 di.st
1638 3020 1654 3042 1,
1675 3020 1719 3045 qu.
1738 3020 1764 3042 11,
1785 3018 1831 3038 a.rt
1853 3012 1880 3041 5,
1901 3012 1949 3044 qu⁸
1970 3012 1992 3042 3,
2011 3020 2040 3043 4;
2060 3012 2103 3036 Ad
2121 3012 2209 3039 Rom..
2230 3019 2286 3044 cap.
2306 3019 2359 3040 xxv,
2379 3013 2436 3037 lect.
2455 3020 2478 3043 1;

839 3043 882 3068 Ad
903 3045 1001 3073 Galat„
1021 3052 1077 3078 cap.
1094 3053 1122 3076 11,
1142 3046 1199 3070 lect.
1218 3054 1261 3077 111;
1280 3054 1335 3079 cap.
1354 3055 1378 3077 v,
1398 3048 1455 3072 lec.t
1475 3055 1499 3077 x;
1518 3048 1562 3071 Ad
1583 3048 1689 3077 Coloss„
1710 3056 1764 3079 cap.
1784 3055 1810 3078 11
1831 3048 1941 3072 lect.1v.

372 3144 397 3159 ‚
515 3135 536 3160 D
558 3134 733 3181 omarum·
750 3134 803 3160 510
824 3135 1061 3161 1110οΕ01101..
1079 3125 1238 3162 Videtur
1257 3126 1361 3186 quod
1418 3127 1511 3163 citur
1545 3127 1646 3163 enim
1674 3127 1755 3163 Act.
1782 3139 1840 3163 Χνι
1867 3126 1907 3173 *,
1933 3126 2037 3175 quod
2072 3126 2211 3162 Paulus
2246 3126 2479 3164 circumcidit
2506 3137 2514 3145 ·
2552 3142 2588 3157 ers

330 3158 387 3222 'fiir
423 3146 494 3225 1ζῆ
514 3183 601 3225 post
635 3175 854 3224 passionem
889 3176 1025 3213 Christi
1059 3178 1190 3226 legalia
1217 3179 1363 3227 possint

322 3220 363 3239 '¹
443 3208 486 3280 ι’(
500 3228 596 3265 sine
616 3235 772 3278 peccato
793 3229 944 3266 mortali
969 3229 1175 3267 observari.
1197 3231 1288 3268 Non
1309 3240 1364 3269 est

475 3275 618 3319 &enim
657 3281 890 3319 credendum
920 3281 1026 3330 quod
1053 3283 1248 3331 Apostoli,
1277 3292 1363 3332 post

303 3342 502 3384 acceptum
533 3334 714 3384 Spiritum
736 3334 931 3382 Sanctum,
952 3335 1159 3372 mortaliter
1181 3347 1364 3385 peccave-

304 3386 395 3424 rint:
427 3387 506 3424 eius
526 3387 627 3424 enim
656 3387 889 3436 plenitudine
910 3395 996 3424 sunt
1024 3388 1143 3425 induti
1164 3389 1297 3426 virtute
1315 3401 1365 3426 ex

303 3439 391 3486 alto,
411 3448 452 3477 ut
473 3440 607 3477 dicitur
627 3441 753 3477 Lucae
778 3441 842 3477 ult.
864 3440 884 3461 '⁸
905 3441 982 3478 Sed
1002 3441 1174 3489 Apostoli
1192 3449 1279 3490 post
1298 3443 1361 3479 ad-

303 3500 460 3530 ventum
482 3493 642 3542 Spiritus
663 3493 789 3531 Sancti
818 3494 949 3541 legalia
970 3494 1290 3532 observaverunt:
1311 3495 1364 3532 di—

1418 3180 1688 3225 Timotheum;
1720 3187 1756 3216 et
1782 3180 1863 3215 Act.
1894 3191 1951 3215 xxi
1977 3179 1997 3200 ’¹‘
2025 3178 2159 3216 dicitur
2188 3179 2292 3228 quod
2320 3180 2474 3227 Paulus,

1418 3232 1628 3270 secundum
1649 3231 1848 3269 consilium
1877 3232 2016 3279 Iacobi,
2036 3232 2235 3280 assumptis
2253 3232 2356 3278 viris,
2370 3233 2478 3281 puri—

1406 3287 1549 3333 ficatus
1576 3296 1662 3321 cum
1694 3285 1745 3321 eis
1778 3284 1932 3321 intravit
1958 3285 1994 3321 in
2024 3284 2221 3333 templum,
2250 3285 2478 3322 annuntians

1418 3337 1663 3386 expletionem
1692 3338 1837 3374 dierum
1854 3338 2147 3386 purificationis,
2177 3337 2295 3375 donec
2310 3337 2477 3397 ’offerre-

1418 3396 1478 3426 tur
1500 3401 1574 3438 pro
1596 3401 1819 3439 unoquoque
1846 3402 1977 3427 eorum
1997 3390 2146 3428 oblatio.
2168 3391 2269 3439 Ergo
2290 3391 2370 3428 sine
2388 3403 2477 3440 pec-

1419 3450 1502 3479 cato
1533 3443 1681 3479 mortali
1708 3451 1868 3492 possunt
1895 3451 1982 3492 post
2011 3443 2148 3480 Christi
2176 3444 2395 3492 passionem
2425 3445 2475 3480 le-

1419 3495 1515 3543 galia
1544 3496 1749 3533 observari.

2507 3194 2514 3201 ·
2530 3192 2596 3215 Vers.
2611 3193 2647 3215 26.
