2840 4010
115 281 123 290 '¹
138 279 205 301 Vers.
221 286 250 308 ¹3·

109 1066 118 1075 ⁸
133 1064 198 1086 Vers.
214 1064 246 1086 16.

105 1652 114 1661 ·
124 1651 268 1673 Interlinnex
278 1651 317 1673 Isi-

105 1677 173 1699 doro.

102 2543 111 2552 '¹
126 2541 163 2563 Ad
177 2548 197 2570 3.

101 2587 110 2596 ²
126 2586 178 2608 Art.
193 2592 226 2607 ιο.

105 3038 114 3047 ·
123 3032 201 3058 Exod.
216 3043 266 3065 cap.
276 3045 313 3064 xx;

104 3063 173 3085 Deut.
181 3069 314 3092 cap.v‚vers.

103 3090 117 3110 6
130 3096 181 3118 sqq.

105 3195 115 3206 ‘
130 3194 196 3216 Vere.
212 3200 248 3216 ιο.

351 156 425 181 212

350 223 583 271 figurabatur
610 235 678 271 per
711 220 990 259 observantiam
1024 218 1194 263 sabbati;
1224 218 1325 255 unde
1355 218 1408 255 di-

352 276 445 312 citur
473 275 590 312 Isaiae
614 274 754 311 LV111*:
784 275 826 310 Si
851 272 1029 309 averteris
1049 283 1072 307 a
1099 272 1253 307 sabbato
1273 272 1406 318 pedem

351 334 467 374 tuum,
490 330 622 375 facere
648 327 874 363 voluntatem
903 330 1005 360 tuam
1028 324 1064 360 in
1086 324 1144 360 die
1162 329 1290 360 sancto
1310 336 1405 370 meo,

351 387 386 418 et
414 387 420 401 ²
454 380 646 418 vocaveris
682 379 876 414 sabbatum
913 377 1132 421 delicatum,
1167 382 1203 412 et
1235 382 1406 413 sanctum

350 434 507 471 Domini
527 433 747 481 gloriosum.
774 431 879 465 Haec
900 429 1000 464 enim
1022 429 1208 465 beneficia
1225 429 1350 477 primo
1372 437 1407 466 et

349 485 601 535 principaliter
629 490 714 519 sunt
733 482 771 518 in
796 489 922 518 mente
942 482 1156 528 hominum,
1178 482 1343 519 maxime
1362 483 1406 519 fi-

350 539 500 575 delium.
525 537 632 572 Aliae
652 547 744 571 vero
774 534 1031 570 solemnitates
1056 535 1293 572 celebrantur
1319 548 1407 584 pro—

347 599 431 639 pter
472 589 594 636 aliqua
634 587 872 636 particularia
918 587 1104 624 beneficia
1150 589 1408 636 temporaliter

348 641 594 679 transeuntia:
624 640 718 676 sicut
746 639 947 676 celebratio
968 641 1090 677 Phase
1118 649 1274 689 propter
1293 642 1406 678 bene—

347 695 476 732 ficium
511 693 733 742 praeteritae
760 698 775 714 κ
803 692 1034 729 liberationis
1073 706 1118 730 ex
1145 696 1338 742 Aegypto,
1369 702 1406 730 et

346 755 501 797 propter
528 747 693 782 futuram
719 745 936 794 passionem
966 746 1113 793 Christi,
1136 759 1232 795 quae
1259 755 1405 796 tempo-

346 801 470 837 raliter
496 798 677 845 transivit,
707 798 890 835 inducens
918 811 988 835 nos
1008 799 1045 835 in
1074 799 1239 848 quietem
1260 800 1406 836 sabbati

346 852 554 901 spiritualis.
573 853 621 888 Et
640 851 739 894 ideo,
755 852 1028 900 praetermissis
1049 852 1227 888 omnibus
1247 852 1326 888 aliis
1345 865 1404 889 so-

345 905 599 942 lemnitatibus
628 913 664 941 et
692 904 894 950 sacrificiis,
916 904 963 941 de
992 905 1073 940 solo
1103 906 1259 941 sabbato
1290 905 1406 942 fiebat

346 958 490 995 mentio
519 958 614 994 inter
642 965 843 1006 praecepta
872 957 1053 1004 decalogi.

398 1014 456 1048 AD
485 1022 644 1047 TERTluM
667 1022 850 1047 DICENDUM
871 1010 986 1057 quod,
1008 1010 1104 1046 sicut
1122 1011 1327 1058 Apostolus
1348 1011 1402 1047 di-

346 1064 405 1110 cit,
426 1065 477 1100 ad
497 1065 596 1100 Heb.
617 1075 652 1099 vi
677 1062 708 1110 ²¹⁶,
728 1063 896 1099 homines
916 1074 990 1110 per
1017 1063 1199 1099 maiorem
1232 1063 1292 1099 sui
1308 1061 1321 1084 λ
1349 1064 1404 1099 iu—

345 1123 441 1162 rant,
463 1122 500 1153 et
524 1116 644 1152 omnis
671 1116 947 1152 controversiae
975 1127 1106 1152 eorum
1125 1117 1214 1162 finis
1241 1117 1292 1152 ad
1317 1128 1403 1153 con-

339 1170 594 1217 firmationem
621 1174 673 1204 est
699 1169 962 1204 iuramentum.
990 1169 1038 1204 Et
1065 1168 1164 1215 ideo,
1190 1168 1278 1216 quia
1307 1169 1404 1205 iura-

345 1231 517 1259 mentum
557 1228 612 1257 est
647 1221 827 1257 omnibus
867 1233 1098 1268 commune,
1132 1228 1287 1270 propter
1328 1222 1402 1258 hoc

343 1274 547 1324 prohibitio
578 1273 866 1323 inordinationis
896 1273 993 1310 circa
1025 1273 1295 1321 iuramentum,
1320 1286 1404 1322 spe-

345 1328 484 1364 cialiter
512 1334 715 1376 praecepto
745 1326 915 1373 decalogi
943 1326 1175 1375 prohibetur.
1197 1328 1401 1364 Peccatum

342 1393 436 1417 vero
466 1380 579 1416 falsae
609 1379 801 1416 doctrinae
836 1391 914 1415 non
943 1379 1104 1427 pertinet
1136 1379 1204 1415 nisi
1231 1379 1281 1416 ad
1309 1391 1402 1428 pau-

343 1446 430 1470 cos:
458 1433 560 1470 unde
581 1445 658 1469 non
678 1433 879 1481 oportebat
901 1439 942 1468 ut
960 1432 1007 1468 de
1036 1433 1110 1468 hoc
1133 1433 1241 1468 fieret
1258 1433 1412 1469 mentior

342 1486 439 1523 inter
453 1493 655 1535 praecepta
671 1485 852 1532 decalogi.
869 1485 1058 1531 Quamvis
1074 1485 1197 1532 etiam,
1215 1492 1400 1533 quantum

344 1540 391 1576 ad
413 1539 577 1587 aliquem
597 1539 840 1584 intellectum,
858 1538 895 1574 in
915 1539 989 1574 hoc
1010 1538 1114 1585 quod
1135 1538 1289 1584 dicitur,
1309 1539 1400 1576 Non

343 1604 508 1629 assumes
545 1603 680 1628 nomen
708 1591 784 1627 Dei
809 1591 864 1627 lui
899 1591 935 1627 in
971 1602 1131 1636 vanum,
1157 1591 1402 1639 prohibeatur

342 1645 481 1682 falsitas
519 1644 732 1681 doctrinae:
762 1656 840 1680 una
876 1643 978 1680 enim
1015 1645 1150 1681 Glossa
1178 1643 1198 1665 ’¹‘
1227 1644 1399 1692 exponit:

341 1699 432 1735 Non
461 1698 558 1734 dices
591 1697 778 1734 Christum
807 1709 885 1733 esse
912 1702 1138 1733 creaturam.

395 1753 452 1787 An
482 1762 654 1792 QUARTUM
682 1761 865 1786 DtCENDUM
894 1750 998 1798 quod
1023 1750 1146 1786 statim
1173 1749 1265 1786 ratio
1295 1757 1400 1786 natu-

341 1804 425 1841 ralis
444 1803 589 1840 homini
619 1802 731 1839 dictat
759 1802 866 1850 quod
890 1802 980 1839 nulli
1009 1802 1183 1839 iniuriam
1212 1802 1341 1839 faciat:
1367 1810 1402 1840 et

341 1857 427 1894 ideo
447 1863 649 1905 praecepta
668 1861 685 1884 μ
704 1855 943 1904 prohibentia
967 1862 1255 1903 nocumentum,
1278 1862 1402 1892 exten-

342 1910 436 1946 dunt
455 1922 494 1946 se
514 1909 562 1946 ad
591 1921 738 1945 omnes.
762 1909 838 1946 Sed
857 1908 951 1944 ratio
982 1908 1159 1945 naturalis
1179 1920 1257 1945 non
1275 1908 1400 1945 statim

393 2014 411 2046 ι)
422 2015 546 2047 facere...
559 2016 593 2039 et.
602 2027 621 2033 -
631 2013 692 2038 Om.
703 2013 804 2038 codices
818 2017 843 2037 et
856 2019 889 2042 a;
904 2018 929 2037 et
941 2018 1002 2046 post
1013 2013 1152 2038 sabbatum
1171 2014 1267 2038 addunt
1281 2013 1399 2038 Domini.

392 2059 416 2091 κ)
432 2058 605 2091 praeteritae.
623 2072 642 2076 -
655 2057 791 2090 publicum
811 2057 920 2082 codices.
940 2069 958 2076 ι-
975 2057 1025 2081 Pro
1044 2063 1088 2086 ex,
1110 2057 1136 2082 in
1156 2057 1381 2082 ABCDGHIKLa.

1065 140 1330 187 QUAESTIO
1360 140 1407 187 C,
1436 140 1731 178 ART1CULUS
1757 142 1809 179 Vl

1463 219 1576 256 dictat
1604 219 1710 268 quod
1738 220 1877 268 aliquid
1905 221 1952 258 sit
1977 234 2048 270 pro
2081 224 2154 261 alio
2183 225 2419 272 faciendum,
2449 224 2519 262 nisi

1463 272 1522 308 cui
1550 273 1669 308 homo
1699 272 1840 320 aliquid
1869 273 1993 310 debet.
2013 275 2194 313 Debitum
2222 285 2348 315 autem
2376 277 2442 315 filii
2469 278 2518 315 ad

1461 333 1607 374 patrem
1628 325 1726 362 adeo
1748 332 1802 361 est
1824 325 2068 363 manifestum
2091 329 2196 375 quod
2218 330 2322 367 nulla
2339 330 2517 378 tergiver-

1462 378 1606 415 satione
1633 386 1758 426 potest
1785 378 1931 425 negari:
1960 391 2005 415 eo
2035 380 2139 427 quod
2167 389 2273 429 pater
2301 390 2356 419 est
2381 383 2517 431 princi·

1461 430 1567 479 pium
1597 430 1847 478 generationis
1869 438 1904 467 et
1933 443 2026 478 esse,
2047 439 2084 468 et
2102 432 2256 481 insuper
2285 435 2516 472 educationis

1462 491 1498 520 et
1526 484 1730 521 doctrinae.
1752 485 1800 520 Et
1827 483 1914 521 ideo
1934 496 2012 521 non
2040 484 2194 532 ponitur
2213 486 2282 522 sub
2310 495 2514 535 praecepto

1461 536 1631 584 decalogi
1663 544 1704 573 ut
1739 536 1894 584 aliquod
1930 537 2160 574 beneficium
2192 538 2253 574 vel
2287 539 2515 587 obsequium

1461 589 1568 626 alicui
1588 589 1829 637 impendatur
1852 589 1922 626 nisi
1937 590 2167 638 parentibus.
2190 591 2370 627 Parentes
2388 598 2515 628 autem

1460 654 1537 678 non
1566 642 1742 678 videntur
1770 654 1852 678 esse
1882 642 2071 679 debitores
2095 642 2180 680 filiis
2208 651 2364 692 propter
2391 643 2516 691 aliqua

1461 694 1646 731 beneficia
1666 701 1851 742 suscepta,
1871 695 1939 731 sed
1958 695 2082 743 potius
2103 709 2123 732 e
2144 708 2343 732 converso.
2360 717 2384 723 -
2401 696 2516 733 Filius

1461 747 1574 784 etiam
1604 754 1658 783 est
1677 746 1818 794 aliquid
1836 747 1973 795 patris;
1995 756 2030 785 et
2050 755 2180 797 patres
2203 755 2336 786 amant
2350 749 2459 797 filios
2476 755 2516 786 ut

1459 799 1602 848 aliquid
1627 801 1813 848 ipsorum,
1843 800 1938 836 sicut
1966 801 2052 837 dicit
2081 802 2346 851 Philosophus,
2371 801 2409 839 in
2428 801 2515 838 VIII

1458 854 1577 890 Ethic.
1603 853 1623 874 ⁹¹⁶
1647 852 1756 889 Unde
1795 851 1939 889 eisdem
1967 853 2174 891 rationibus
2207 867 2286 898 non
2323 862 2517 903 ponuntur

1460 906 1584 955 aliqua
1611 911 1813 954 praecepta
1833 905 2002 953 decalogi
2030 907 2254 955 pertinentia
2273 908 2322 944 ad
2342 918 2515 944 amorem

1458 959 1636 1005 filiorum,
1658 958 1752 994 sicut
1770 969 1895 1006 neque
1923 958 2037 995 etiam
2057 959 2184 1008 aliqua
2212 961 2424 997 ordinantia
2448 961 2516 997 ho-

1459 1012 1602 1048 minem
1632 1011 1679 1048 ad
1708 1010 1874 1058 seipsum
1894 1009 1926 1046 ²³.

1511 1067 1570 1101 An
1590 1075 1750 1106 QUINTUM
1771 1074 1954 1100 ῡιεΕΝυυΜ
1974 1063 2078 1111 quod
2106 1064 2302 1111 delectatio
2330 1065 2513 1112 adulterii,

1459 1124 1495 1153 et
1523 1117 1658 1153 utilitas
1683 1116 1912 1162 divitiarum,
1933 1123 2020 1152 sunt
2046 1124 2202 1165 propter
2221 1118 2344 1166 seipsa
2372 1118 2515 1167 appeti-

1459 1169 1556 1217 bilia,
1577 1170 1798 1218 inquantum
1818 1169 1960 1204 habent
1978 1169 2163 1206 rationem
2179 1171 2270 1206 boni
2290 1171 2515 1208 delectabilis

1457 1223 1520 1259 vel
1552 1222 1662 1259 utilis.
1703 1223 1751 1258 Et
1783 1229 1939 1270 propter
1969 1222 2044 1258 hoc
2076 1222 2243 1270 oportuit
2268 1223 2308 1259 in
2343 1223 2396 1259 eis
2427 1236 2515 1272 pro-

1457 1275 1577 1312 hiberi
1606 1287 1684 1311 non
1712 1275 1835 1310 solum
1864 1286 1978 1322 opus,
2005 1274 2074 1311 sed
2102 1274 2215 1311 etiam
2245 1275 2515 1324 concupiscen-

1457 1328 1560 1364 tiam.
1583 1328 1659 1364 Sed
1687 1327 1936 1363 homicidium
1966 1334 2002 1363 et
2020 1327 2158 1364 falsitas
2187 1336 2273 1364 sunt
2301 1328 2514 1366 secundum

1457 1381 1579 1429 seipsa
1607 1380 1809 1427 horribilia,
1831 1379 1920 1427 quia
1947 1380 2145 1428 proximus
2174 1387 2211 1417 et
2241 1380 2380 1418 veritas
2408 1389 2515 1418 natu-

1456 1428 1579 1470 rafiter
1606 1440 1799 1470 amantur:
1826 1440 1861 1468 et
1888 1444 1967 1469 non
1987 1432 2245 1470 desiderantur
2272 1433 2342 1470 nisi
2360 1441 2516 1483 propter

1456 1486 1568 1523 aliud.
1599 1487 1648 1522 Et
1675 1485 1760 1522 ideo
1790 1497 1868 1522 non
1897 1485 2063 1534 oportuit
2091 1485 2189 1522 circa
2215 1493 2417 1535 peccatum
2445 1487 2514 1524 ho·

1455 1538 1598 1576 micidii
1635 1546 1670 1575 et
1702 1538 1781 1574 falsi
1822 1537 2025 1575 testimonii
2067 1539 2271 1587 prohibere
2313 1547 2513 1588 peccatum

1457 1591 1590 1637 cordis,
1621 1591 1687 1627 sed
1716 1591 1840 1627 solum
1871 1591 2007 1639 operis.
2170 1605 2173 1608 ·

1508 1646 1567 1681 AD
1587 1655 1726 1680 SEXTUM
1745 1655 1927 1680 DICENDUM
1948 1643 2064 1692 quod,
2085 1644 2180 1680 sicut
2199 1656 2313 1692 supra
2331 1644 2352 1666 '¹‘
2370 1644 2512 1682 dictum

1456 1704 1522 1743 est,
1545 1709 1679 1733 omnes
1698 1696 1894 1744 passiones
1922 1696 2116 1733 irascibilis
2136 1697 2353 1734 derivantur
2378 1709 2401 1733 a
2426 1708 2513 1746 pas·

1455 1749 1624 1786 sionibus
1645 1749 1954 1798 concupiscibilis.
1976 1750 2025 1786 Et
2051 1749 2138 1786 ideo
2162 1749 2200 1786 in
2218 1749 2430 1798 praeceptis
2449 1750 2513 1787 de·

1456 1803 1587 1850 calogi,
1609 1814 1706 1850 quae
1726 1810 1811 1838 sunt
1830 1802 1938 1851 quasi
1958 1802 2082 1851 prima
2102 1803 2290 1840 elementa
2308 1802 2412 1850 legis,
2433 1812 2512 1840 non

1456 1862 1535 1891 erat
1572 1855 1713 1891 mentio
1748 1854 1919 1892 facienda
1949 1855 1996 1892 de
2025 1855 2266 1904 passionibus
2299 1855 2510 1903 irascibilis,

1455 1908 1524 1945 sed
1552 1909 1676 1944 solum
1707 1908 1752 1944 de
1781 1908 2024 1956 passionibus
2053 1908 2366 1957 concupiscibilis.

1505 2011 1533 2045 λ)
1552 2013 1601 2038 sui.
1619 2027 1637 2032 —
1655 2020 1682 2038 se
1701 2014 1730 2038 Ρ.

1505 2056 1534 2090 μ)
1547 2060 1702 2088 praecepta.
1719 2070 1738 2076 -
1756 2056 1878 2089 decalogi
1896 2056 1992 2081 addunt
2011 2056 2057 2080 Pa.

1017 2117 1346 2151 commentam
1369 2117 1618 2151 Cardinalis
1640 2118 1838 2150 Caietani

370 2203 390 2223 N
418 2191 548 2222 articulo
578 2189 691 2230 quinto
725 2189 866 2219 eiusdem
896 2188 1104 2229 quaestionis,
1130 2195 1206 2219 nota
1228 2188 1316 2228 quod
1347 2187 1401 2218 ina

343 2205 464 2266 Iverba
486 2235 620 2270 litterae,
641 2234 680 2263 In
697 2234 820 2264 sabbati
841 2233 1101 2270 sanctificatione,
1122 2233 1295 2263 secundum
1317 2232 1402 2272 quod

340 2286 387 2312 est
410 2280 532 2310 morale
546 2283 765 2319 praeceptum,
775 2278 976 2317 praecipitur
993 2278 1083 2317 quies
1105 2277 1211 2307 cordis
1230 2278 1261 2306 in
1278 2277 1394 2313 Deum,

338 2324 557 2363 intelliguntur
571 2322 678 2363 quoad
693 2321 790 2351 finem
806 2322 979 2362 praecepti;
1002 2331 1068 2351 non
1084 2327 1191 2351 autem
1206 2320 1314 2361 quoad
1332 2329 1400 2351 rem

340 2375 550 2409 praeceptam.
580 2366 678 2404 Quies
703 2365 788 2396 enim
819 2365 920 2395 cordis
943 2365 976 2395 in
999 2365 1105 2395 Deum
1135 2374 1191 2404 per
1213 2364 1345 2404 gratiam
1368 2370 1398 2395 et

338 2413 536 2443 vacationem
559 2410 740 2441 interiorem
764 2410 803 2439 ad
826 2409 940 2445 Deum,
962 2415 1008 2439 est
1030 2408 1100 2438 finis
1124 2408 1208 2439 illius
1232 2407 1397 2448 praecepti,

339 2463 376 2487 ut
391 2463 437 2486 est
456 2455 592 2485 morale:
617 2453 771 2494 quoniam
787 2453 827 2483 ad
843 2453 904 2483 hoc
918 2453 997 2483 ratio
1015 2453 1110 2483 dictat
1125 2459 1251 2493 tempus
1268 2452 1398 2492 aliquod

340 2500 543 2531 eximendum
565 2499 603 2529 ab
627 2498 694 2528 aliis
709 2497 857 2537 operibus
880 2497 1135 2537 impedientibus.
1153 2497 1194 2527 Et
1216 2496 1304 2536 quod
1320 2495 1396 2526 haec

339 2545 379 2575 sit
401 2553 491 2574 mens
515 2542 678 2578 Auctoris,
700 2551 766 2572 non
794 2542 900 2571 solum
924 2550 960 2571 ex
983 2551 1037 2581 qu.
1063 2551 1160 2576 cxxn,
1185 2547 1242 2571 art.
1261 2549 1283 2579 4
1306 2537 1332 2575 ²⁸,
1356 2539 1397 2569 ΙΙἰ

339 2589 402 2625 11⁵0,
427 2588 480 2618 sed
505 2597 543 2618 ex
565 2586 654 2617 dictis
677 2586 710 2616 in
729 2586 788 2616 hae
811 2585 1024 2626 quaestione*
1047 2591 1148 2625 patet,
1171 2584 1287 2615 scilicet
1307 2584 1396 2624 quod

1454 2188 1563 2218 caritas
1587 2195 1633 2218 est
1655 2187 1724 2218 finis
1741 2195 1982 2228 praeceptorum
2006 2187 2162 2228 decalogi,
2187 2194 2217 2219 et
2238 2184 2306 2218 hon
2329 2194 2450 2229 spectat
2472 2188 2511 2220 ad

1453 2241 1488 2262 ea
1503 2249 1533 2263 -.
1558 2232 1598 2262 Et
1610 2232 1683 2262 hinc
1701 2232 1795 2262 habes
1818 2232 1907 2273 quod
1931 2232 2077 2262 contritio
2101 2238 2304 2272 peccatorum
2327 2231 2511 2263 mortalium

1455 2276 1541 2316 prius
1565 2286 1630 2307 non
1651 2276 1868 2312 contritorum,
1884 2286 1950 2306 non
1966 2282 2014 2307 est
2027 2276 2060 2306 in
2075 2283 2242 2316 praecepto
2258 2275 2511 2319 sanctificationi:

1451 2320 1580 2356 sabbati,
1604 2327 1640 2350 ut
1662 2320 1780 2350 morale
1805 2327 1860 2357 est,
1884 2319 1945 2350 nisi
1969 2326 2005 2351 ut
2026 2319 2097 2351 finis
2120 2320 2289 2361 praecepti.

1482 2418 1502 2438 N
1529 2407 1660 2438 articulo
1695 2407 1830 2447 septimo
1859 2413 1890 2438 et
1920 2414 2051 2448 quarto,
2075 2407 2146 2438 vide
2175 2406 2364 2447 vigesimum
2391 2407 2509 2449 capitu-

1455 2419 1550 2481 Ilum
1573 2443 1698 2489 Exodi,
1722 2458 1758 2482 ut
1781 2451 1948 2492 perspicias
1972 2451 2048 2492 quid
2071 2453 2192 2482 Auctor
2219 2451 2332 2491 allegat
2358 2458 2414 2482 aut
2435 2461 2509 2492 sup-

1450 2495 1550 2536 ponit.
1576 2496 1737 2532 Quoniam
1761 2495 1804 2526 ibi
1833 2495 1940 2526 omnia
1965 2502 2130 2536 praecepta
2157 2495 2252 2526 simut
2275 2502 2455 2536 ponuntur,
2480 2502 2511 2526 et

1450 2539 1587 2580 praemia
1612 2547 1641 2570 et
1665 2539 1938 2575 comminationes,
1955 2546 2013 2571 etc.

1504 2583 1614 2614 Sextus
1638 2584 1786 2614 articulus
1809 2584 1977 2619 notandus,
2002 2593 2068 2615 non
2087 2583 2301 2623 exponendus,
2327 2582 2471 2614 occurrit.

1149 2710 1465 2771 ARTICULUS
1495 2709 1701 2752 SEXTUS

658 2787 813 2818 UTRUM
837 2786 1177 2818 CONVENIENTER
1194 2782 1486 2817 'oamNENTUR
1509 2785 1658 2816 DECEM
1681 2784 1936 2816 PRAECEPTA
1959 2784 2181 2816 DECALOGI

915 2856 948 2880 11⁸
968 2856 1024 2886 11⁸⁶.
1045 2864 1089 2889 qu.
1108 2863 1183 2886 cxxii,
1203 2860 1250 2880 art.
1271 2863 1284 2879 2
1305 2862 1377 2888 eqq.;
1396 2854 1427 2879 111
1447 2855 1528 2884 Sent„
1549 2855 1607 2880 dist.
1624 2862 1715 2884 xxxvn,
1734 2860 1781 2880 art.
1801 2862 1824 2887 2,
1844 2860 1892 2888 qu*⁵
1913 2854 1937 2880 3.

369 2946 432 2982 ’,μω
453 2950 500 2977 μ»
550 2941 573 2966 D
593 2935 733 2965 SEXTUM
758 2939 810 2964 sm
839 2938 1078 2963 PROCEDITUR.
1105 2926 1265 2963 Videtur
1293 2925 1399 2975 quod

366 2960 467 3039 (ΒΔ
479 2974 524 3029 ’ἶῆ
550 2980 862 3018 inconvenienter
890 2979 1111 3016 ordinentur
1130 2980 1264 3017 decem
1293 2990 1400 3027 prae-

357 3015 478 3092 ᾆξαν»,
492 3033 659 3082 (cepta
679 3033 849 3081 decalogi
872 3032 904 3069 ¹⁸.
926 3032 1085 3069 Dilectio
1115 3032 1216 3068 enim
1236 3030 1399 3080 proximi

396 3062 493 3122 §³²33
507 3080 701 3123 Kvidetur
716 3099 798 3123 esse
813 3084 968 3134 praevia
984 3086 1031 3122 ad
1048 3084 1289 3122 dilectionem
1305 3083 1396 3131 Dei,

344 3138 431 3186 quia
450 3139 643 3186 proximus
665 3139 848 3176 cst'nobis
868 3138 988 3186 magis
1008 3146 1120 3175 notus
1141 3149 1256 3186 quam
1276 3138 1397 3183 Deus;

344 3191 554 3227 secundum
582 3191 673 3228 illud
702 3193 715 3228 1
745 3192 849 3228 Ioan.
871 3203 906 3228 ιν
929 3190 966 3228 *z
993 3191 1066 3233 Qui
1079 3192 1249 3239 fratrem
1275 3201 1398 3235 suum,

344 3255 453 3291 quem
481 3243 596 3289 videt,
622 3256 695 3280 non
724 3244 854 3294 diligit,
884 3245 1021 3290 Deum,
1042 3256 1152 3292 quem
1181 3255 1255 3280 non
1283 3243 1398 3288 videt,

344 3296 529 3343 quomodo
543 3302 664 3343 potest
689 3297 875 3346 diligere?
904 3297 980 3334 Sed
1008 3297 1076 3333 tria
1095 3297 1219 3345 prima
1246 3307 1399 3344 praece-

343 3355 408 3396 pta
444 3347 630 3395 pertinent
658 3350 705 3385 ad
735 3349 973 3386 dilectionem
1003 3349 1095 3396 Dei,
1125 3356 1271 3397 septem
1303 3360 1396 3385 vero

345 3399 416 3436 alia
435 3400 484 3436 ad
512 3399 750 3436 dilectionem
769 3401 942 3448 proximi.
964 3403 1065 3449 Ergo
1090 3402 1399 3439 inconvenienter

343 3459 545 3502 praecepta
574 3452 743 3500 decalogi
772 3453 1003 3490 ordinantur.

1509 2936 1543 2961 2.
1565 2926 1795 2972 PRAETEREA,
1816 2937 1885 2973 per
1912 2932 2115 2974 praecepta
2141 2925 2368 2962 affirmativa
2395 2924 2512 2975 impe-

1453 2985 1582 3014 rantur
1610 2985 1714 3015 actus
1742 2978 1936 3025 virtutum,
1957 2990 2026 3027 per
2053 2985 2254 3028 praecepta
2277 2990 2370 3016 vero
2399 2989 2511 3026 nega—

1453 3030 1529 3067 tiva
1557 3030 1805 3079 prohibentur
1839 3038 1943 3067 actus
1971 3031 2162 3068 vitiorum.
2189 3030 2266 3068 Sed
2298 3030 2512 3072 secundum

1453 3084 1641 3130 Boefium,
1653 3083 1690 3120 in
1706 3084 1936 3120 Commento
1953 3084 2350 3121 Praedicamentorum
2365 3082 2396 3132 ³⁸,
2406 3082 2511 3135 prius

1453 3144 1540 3173 sunt
1576 3136 1794 3185 extirpanda
1820 3135 1912 3174 vitta
1947 3149 2063 3185 quarn
2100 3137 2311 3187 inserantur
2342 3136 2509 3174 virtutes.

1453 3189 1555 3237 Ergo
1589 3189 1685 3226 inter
1711 3197 1913 3239 praecepta
1945 3189 2167 3239 pertinentia
2194 3189 2243 3226 ad
2269 3188 2508 3238 proximum,

1453 3242 1578 3291 primo
1601 3244 1781 3291 ponenda
1804 3243 1955 3280 fuerunt
1972 3249 2174 3292 praecepta
2198 3241 2371 3290 negativa
2394 3251 2510 3288 quam

1454 3295 1692 3333 affirmativa.

1510 3349 1543 3385 3.
1564 3349 1796 3395 PRAETEREA,
1816 3356 2017 3397 praecepta
2035 3348 2125 3395 legis
2145 3347 2280 3385 dantur
2298 3344 2346 3382 de
2365 3344 2509 3382 actibus

1454 3400 1667 3438 hominurn.
1690 3401 1765 3438 Sed
1790 3401 1894 3450 prior
1922 3408 1977 3437 est
2005 3407 2108 3437 actus
2137 3398 2259 3436 cordis
2287 3409 2405 3446 quam
2434 3397 2509 3433 oris

1452 3455 1514 3492 vel
1544 3454 1734 3491 exterioris
1768 3453 1904 3503 operis.
1933 3454 2034 3500 Ergo
2061 3449 2342 3490 inconvenienti
2377 3449 2509 3487 ordine

2543 858 2618 907 ὲῦῇ.
2629 865 2671 887 ιιι,
2682 865 2706 882 ιι.
2716 866 2756 882 2.-

2617 901 2623 907 .
2639 886 2691 908 lect.
2709 892 2752 909 xn-
2780 904 2787 909 ,

2543 1012 2619 1035 'Vide
2629 1018 2690 1041 ηερ.
2698 1012 2727 1035 ια
2738 1018 2754 1036 ι.

2540 1652 2550 1663 *
2558 1651 2607 1680 Qu.
2616 1657 2670 1680 xxv,
2679 1654 2723 1675 art.
2733 1658 2750 1674 1.

2538 3089 2652 3138 ming,
2661 3095 2712 3118 ap.
2720 3090 2749 3112 ae

2537 3115 2620 3169 iffi?
2641 3122 2750 3174 ‚⁸72⁹ss

2537 3171 2620 3191 contra
2654 3172 2721 3191 82⁸0·
