2840 4010
106 339 115 347 ·
131 337 180 358 Art.
197 342 221 362 4.

191 1494 228 1510 ππ

197 2769 226 2793 P?

194 3195 224 3211 ἵῒ

346 150 420 196 246

345 228 466 277 guinis
496 228 642 266 Christi.
673 229 722 264 Et
750 227 801 264 sic
831 227 971 263 debent
1000 238 1080 262 esse
1101 224 1232 262 intenti
1252 224 1301 260 ad
1322 221 1417 260 exe-'

347 281 500 329 quenda
528 280 731 329 spiritualia
759 278 972 316 ministeria.

400 336 458 370 An
481 345 642 370 Decimum
671 343 852 369 mci-:noum
873 330 988 378 quod,
1010 330 1105 366 sicut
1133 329 1209 366 iam
1224 328 1244 350 ’¹‘
1263 328 1405 366 dictum

348 394 417 433 est,
448 385 602 423 intentio
639 385 729 432 legis
760 391 836 420 erat
864 383 1043 420 inducere
1077 382 1125 419 ad
1154 381 1406 419 reverentiam

348 438 465 476 divini
486 439 616 474 cultus.
638 438 686 473 Et
704 438 778 473 hoc
798 435 1010 483 dupliciter:
1030 446 1108 471 uno
1133 435 1263 481 modo,
1285 435 1406 471 exclu-

347 491 474 528 dendo
494 502 515 526 a
536 490 635 526 cultu
655 488 784 525 divino
814 500 929 524 omne
959 487 995 524 id
1024 488 1129 536 quod
1157 494 1304 536 poterat
1323 499 1406 524 esse

347 541 644 590 contemptibile;
665 541 737 578 alio
767 540 898 588 modo,
929 539 1160 589 apponendo
1189 540 1238 577 ad
1263 541 1405 578 cultum

347 595 517 632 divinum
547 606 662 630 omne
694 593 785 630 illud
813 593 917 641 quod
946 593 1148 630 videbatur
1176 593 1224 630 ad
1252 593 1406 630 honori-

345 647 536 684 ficentiam
564 646 764 694 pertinere.
798 647 847 682 Et
875 646 903 683 si
930 647 1005 683 hoe
1033 645 1191 693 quidem
1225 647 1405 683 observa-

345 701 455 736 batur
481 699 518 735 in
547 699 789 735 tabernaculo
819 706 855 735 et
873 698 974 737 vasis
999 698 1091 746 eius,
1113 706 1149 735 et
1178 698 1406 736 animalibus

346 751 601 798 immolandis,
632 752 750 788 multo
779 751 898 799 magis
926 752 1000 788 hoc
1020 751 1306 789 observandum
1327 759 1406 789 erat

346 806 382 841 in
411 805 500 853 ipsis
529 804 718 841 ministris.
747 804 797 841 Et
823 804 911 842 ideo
940 804 989 841 ad
1014 805 1295 841 removendum
1317 817 1406 842 con-

346 865 531 906 temptum
554 857 826 905 ministrorum,
842 865 1088 906 praeceptum
1107 857 1174 894 fuit
1187 865 1228 894 ut
1243 869 1322 894 non
1340 858 1406 894 ha-

344 911 477 947 berent
504 911 695 950 maculam
722 910 785 947 vel
815 910 1004 947 defectum
1029 910 1287 958 corporalem:
1318 910 1406 959 quia

344 962 565 1000 huiusmodi
591 963 768 1004 homines
797 963 919 1000 solent
943 963 1045 1012 apud
1066 963 1158 1000 alios
1178 962 1216 1000 in
1236 970 1404 1000 contem-

343 1024 412 1065 ptu
439 1015 582 1053 haberi.
622 1017 783 1065 Propter
816 1016 922 1063 quod
950 1015 1063 1052 etiam
1100 1015 1310 1053 institutum
1339 1016 1407 1053 fuit

344 1076 386 1110 ut
413 1081 492 1106 non
520 1068 681 1117 sparsim
711 1080 756 1104 ex
780 1068 950 1117 quolibet
968 1080 1106 1116 genere
1126 1069 1175 1105 ad
1195 1069 1267 1105 Dei
1296 1069 1406 1105 mini-

345 1121 500 1160 sterium
529 1121 817 1170 applicarentur,
847 1121 914 1158 sed
943 1133 988 1157 ex
1016 1128 1116 1160 certa
1143 1121 1322 1170 prosapia
1349 1133 1406 1158 se-

346 1174 514 1211 cundum
534 1174 682 1221 generis
702 1173 996 1220 successionem,
1016 1181 1057 1210 ut
1074 1185 1118 1210 ex
1137 1174 1211 1210 hoc
1231 1173 1406 1211 clariores

347 1235 382 1264 et
409 1226 614 1263 nobiliores
642 1227 882 1263 haberentur.

397 1280 458 1316 Ad
485 1280 560 1316 hoc
588 1287 715 1316 autem
744 1279 851 1327 quod
870 1279 907 1317 in
929 1278 1139 1315 reverentia
1163 1279 1405 1326 haberentur,

345 1332 594 1369 adhibebatur
614 1332 665 1368 eis
684 1331 856 1380 specialis
884 1338 1040 1368 ornatus
1063 1330 1240 1378 vestium,
1262 1339 1299 1368 et
1322 1344 1406 1380 spe-

1061 146 1326 193 QUAEsT1o
1356 145 1442 192 cn,
1471 144 1765 181 ARTlcuLUs
1794 145 1828 181 v

1460 223 1716 260 sanctuarium
1739 222 1801 259 vel
1830 222 1879 259 ad
1904 223 2031 260 altare.
2048 243 2072 252 ·-
2097 224 2155 260 Ex
2174 224 2252 261 istis
2277 232 2403 262 autem
2430 231 2516 261 octo

1461 275 1692 313 ornamentis
1712 275 1880 312 minores
1894 275 2110 312 sacerdotes
2127 276 2318 314 habebant
2337 285 2516 325 quatuor:

1460 329 1600 366 scilicet
1633 328 1800 365 tunicam
1838 327 1997 375 lineam,
2027 327 2244 366 femoralia.
2282 330 2448 397 balteum
2480 337 2519 366 et

1459 382 1604 419 tiaram.
2304 403 2306 407 ι

1514 435 1665 471 Horum
1682 441 1808 470 autem
1824 439 2139 470 ornamentorum
2155 411 2312 481 quidam
2330 414 2517 473 rationem

1460 487 1656 524 litteralem
1685 487 1887 534 assignant,
1918 486 2083 523 dicentes
2112 485 2218 532 quod
2245 485 2283 522 in
2311 485 2389 523 istis
2408 499 2518 524 orna-

1461 540 1597 577 mentis
1622 539 1837 587 designatur
1857 538 2051 587 dispositio
2072 538 2174 575 orbis
2193 545 2392 585 terrarum,
2412 540 2521 588 quasi

1459 593 1628 642 pontifex
1646 599 1918 640 protestaretur
1932 604 1972 628 se
1985 603 2075 628 ‘esse
2095 591 2310 628 ministrum
2329 591 2521 628 creatoris

1461 645 1615 682 mundi:
1643 644 1746 681 unde
1776 644 1889 682 etiam
1920 645 2007 693 Sap.
2027 656 2114 681 xvui
2131 643 2151 666 ’¹‘
2186 644 2321 681 dicitur
2348 644 2455 692 quod
2479 644 2520 681 in

1459 704 1558 735 veste
1583 698 1715 734 Aaron
1744 703 1828 734 erat
1848 697 2049 745 descriptus
2068 698 2168 734 orbis
2186 703 2387 733 terrarum.
2414 697 2518 734 Nam

1460 751 1655 788 femoralia
1684 750 1783 786 linea
1809 749 2023 797 figurabant
2050 758 2200 797 terram,
2227 762 2271 786 ex
2301 761 2377 798 qua
2399 749 2520 792 linum

1461 804 1635 841 nascitur.
1666 802 1783 838 Baltei
1817 802 2105 839 circumvolutio
2140 803 2376 850 significabat
2410 812 2520 840 ocea—

1461 870 1566 904 num,
1582 856 1647 904 qui
1667 854 1922 902 circumcingit
1939 862 2091 893 terram.
2109 855 2257 893 Tunica
2277 855 2520 903 hyacinthina

1460 923 1530 947 suo
1560 909 1687 946 colore
1715 907 1951 955 significabat
1977 920 2122 945 aeremt
2152 921 2222 957 per
2248 909 2356 945 cuius
2374 909 2520 946 tintina-

1460 963 1549 999 bula
1577 961 1885 1010 significabantur
1903 960 2096 1006 ,tonitrua3
2125 973 2194 1010 per
2221 962 2323 998 mala
2351 969 2518 1009 granata,

1461 1015 1752 1052 coruscationes.
1797 1013 2115 1061 superhumerale
2155 1024 2256 1051 vero*
2283 1014 2522 1062 significabat

1461 1081 1529 1105 sua
1542 1067 1723 1104 varietate
1740 1066 1887 1103 caelum
1904 1065 2113 1104 sidereum:
2131 1066 2213 1104 duo
2233 1066 2424 1115 onychini,
2441 1067 2518 1104 duo

1460 1119 1750 1169 hemisphaeria,
1761 1119 1824 1156 vel
1839 1119 1960 1156 solem
1978 1126 2014 1155 et
2029 1119 2399 1157 lunam..Duodecim
2412 1131 2519 1168 gem-

1461 1186 1547 1211 mae
1566 1174 1604 1210 in
1622 1180 1788 1221 pectore,
1810 1171 2014 1209 duodecim
2036 1171 2146 1219 signa
2159 1171 2198 1208 in
2217 1172 2394 1210 zodiacon
2420 1184 2524 1222 qnae.

1462 1227 1682 1264 dicebantur
1717 1225 1840 1273 posita
1868 1224 1906 1261 in
1935 1223 2120 1271 rationali,
2157 1224 2244 1273 quia
2276 1225 2322 1262 inv
2348 1226 2519 1262 caelesti·-

1439 1281 1532 1319 .bus
1564 1286 1651 1316 sunt
1687 1278 1850 1314 rationes
1888 1285 2146 1324 terrenorum,
2181 1277 2521 1316 secundumffissud

1461 1333 1528 1370 Iob
1561 1343 1693 1368 xxxvm
1720 1330 1755 1366 *:
1784 1330 1984 1378 Numquid
2015 1330 2111 1367 nosti
2142 1330 2311 1367 ordinem
2344 1331 2458 1377 caeli,
2485 1337 2524 1371 ‘et

346 1385 445 1422 cialis
475 1384 720 1427 consecratio.
751 1386 799 1422 Et
827 1386 922 1421 haec
941 1392 997 1421 est
1016 1384 1053 1420 in
1075 1385 1273 1422 communi
1293 1397 1407 1422 causa
1454 1386 1566 1434 ponis
1594 1385 1776 1421 rationem
1804 1383 1883 1420 eius
1902 1383 1938 1420 in
1963 1382 2096 1420 terra?
2124 1383 2272 1420 Cidaris
2295 1389 2437 1430 autem,
2454 1385 2521 1421 vel

345 1446 499 1475 ornatus
527 1438 704 1477 vestium.
735 1439 777 1474 In
806 1437 959 1486 speciali
983 1444 1112 1474 autem
1132 1437 1331 1475 sciendum
1351 1445 1407 1475 est

345 1491 450 1539 quod
477 1491 643 1539 pontifex
658 1491 827 1530 habebat
855 1498 942 1527 octo
957 1496 995 1511 ππ
1014 1497 1250 1527 ornamenta.
1275 1490 1404 1528 Primo

346 1544 648 1591 enim,.habebat
661 1551 807 1580 vestem
822 1543 973 1580 lineam.
990 1563 1014 1570 -
1032 1543 1222 1590 Secundo,
1239 1544 1407 1581 habebat

344 1598 511 1634 tunicam
527 1596 830 1645 hyacinthinam;
851 1597 889 1633 in
906 1596 1012 1634 cuius
1029 1596 1261 1632 extremitate
1271 1608 1405 1634 versus

343 1650 473 1698 pedes,
490 1650 732 1698 ponebantur
750 1661 818 1698 per
833 1649 1029 1686 circuitum
1049 1649 1271 1686 tintinabula
1291 1661 1406 1698 quae-

344 1702 447 1749 dam,
470 1710 519 1753 et,
531 1703 633 1739 mala
660 1702 799 1751 punica
819 1702 915 1739 facta
945 1714 990 1738 ex
1018 1702 1222 1750 hyacintho
1253 1709 1289 1738 et
1316 1714 1409 1750 pur—¹

343 1768 439 1804 pura
459 1767 653 1804 coccoque
673 1755 728 1792 bis
749 1755 875 1792 tincto.
893 1775 918 1782 -
933 1755 1078 1802 Tertio,
1094 1755 1262 1791 habebat
1276 1767 1406 1804 super-

342 1810 555 1855 humerale,
585 1808 691 1856 quod
718 1809 869 1856 tegebat
897 1808 1080 1844 humeros
1114 1815 1150 1844 et
1178 1808 1406 1845 anteriorem

343 1870 491 1910 partem
512 1873 634 1909 usque
655 1861 703 1898 ad
724 1861 934 1909 cingulum3
963 1861 1069 1908 quod
1093 1868 1172 1898 erat
1192 1872 1236 1897 ex
1256 1872 1350 1899 auro
1370 1869 1406 1898 et

343 1914 547 1962 hyacintho
564 1922 600 1951 et
613 1926 791 1963 purpura,
814 1926 1007 1962 coccoque
1022 1913 1079 1950 bis
1094 1913 1221 1960 tincto,
1239 1920 1275 1950 et
1289 1914 1404 1962 bysso

344 1975 492 2004 retorta.
510 1969 559 2004 Et
587 1980 702 2016 super
729 1967 911 2004 humeros
938 1967 1103 2004 habebat
1132 1966 1229 2004 duos
1249 1967 1404 2016 onychi-

343 2033 426 2068 nos,
439 2020 476 2058 in
492 2020 628 2069 quibus
644 2027 750 2057 erant
761 2021 905 2068 sculpta
921 2019 1078 2057 nomina
1093 2019 1259 2058 filiorum
1274 2021 1398 2058 Israel.

343 2094 366 2100 -
383 2074 573 2120 Quartum
603 2081 682 2110 erat
709 2073 907 2118 rationale,
939 2084 983 2109 ex
1014 2073 1150 2110 eadem
1174 2072 1333 2110 materia
1351 2073 1404 2111 fa-

344 2134 466 2173 ctum;
488 2126 593 2174 quod
618 2134 696 2164 erat
715 2126 955 2174 quadratum,
978 2133 1013 2162 et
1038 2126 1253 2174 ponebatur
1276 2125 1315 2163 in
1338 2137 1409 2175 pe·-

345 2187 458 2226 ctore,
481 2188 516 2216 et
536 2179 835 2226 coniungebatur
855 2178 1166 2228 superhumerali.
1198 2179 1246 2216 Et
1269 2178 1307 2215 in
1329 2179 1404 2216 hoc

344 2233 517 2269 rationali
537 2240 642 2269 erant
667 2231 870 2270 duodecim
890 2231 1035 2280 lapides
1064 2231 1217 2280 pretiosi
1243 2231 1403 2269 distincti

343 2296 412 2334 per
427 2293 590 2334 quatuor
610 2285 773 2332 ordines,
790 2285 828 2322 in
843 2285 981 2333 quibus
1002 2284 1115 2322 etiam
1137 2285 1282 2333 sculpta
1297 2292 1403 2324 erant

343 2339 500 2376 nomina
537 2338 704 2375 filiorum
738 2338 872 2375 lsrael:
902 2338 1010 2387 quasi
1039 2339 1088 2376 ad
1124 2337 1402 2385 designandum

343 2392 448 2440 quod
463 2392 574 2428 ferret
593 2403 690 2428 onus
705 2391 818 2429 totius
833 2391 975 2440 populi,
992 2403 1060 2439 per
1073 2391 1148 2430 hoc
1166 2390 1272 2439 quod
1286 2391 1403 2428 habe·

343 2445 407 2482 bat
426 2445 584 2482 nomina
599 2456 734 2483 eorum
749 2444 786 2481 in
807 2444 992 2489 humeris;
1015 2451 1051 2480 et
1069 2444 1174 2492 quod
1194 2443 1326 2491 iugiter
1340 2443 1404 2480 de-

345 2498 459 2534 bebat
479 2498 526 2534 de
542 2509 676 2534 eorum
693 2497 811 2534 salute
834 2497 1010 2544 cogitare,
1026 2509 1095 2545 per
1109 2497 1184 2534 hoc
1199 2497 1302 2546 quod
1316 2509 1404 2546 por-

345 2551 448 2588 tabat
464 2563 531 2587 eos
546 2550 584 2587 in
603 2558 770 2599 pectore,
787 2550 894 2599 quasi
908 2550 946 2587 in
963 2551 1077 2588 corde
1093 2550 1250 2587 habens.
1268 2551 1310 2587 In
1325 2561 1402 2598 quo

343 2603 456 2640 etiam
472 2603 644 2640 rationali
659 2603 855 2641 mandavit
870 2603 1060 2640 Dominus
1074 2603 1166 2651 poni
1181 2603 1403 2644 Doctrinam

342 2663 377 2693 et
401 2657 616 2695 Veritatem.-
636 2656 724 2705 quia
743 2656 934 2704 quaedam
958 2655 1181 2704 pertinentia
1200 2655 1250 2693 ad
1267 2655 1409 2693 verita—-

342 2717 419 2747 tem
444 2709 603 2747 iustitiae
624 2717 660 2746 et
680 2709 885 2755 doctrinae,
917 2708 1177 2746 scribebantur
1196 2708 1234 2746 in
1257 2709 1318 2746 illo
1348 2720 1405 2746 ra-

342 2762 482 2800 tionali.
509 2762 639 2800 Iudaei
668 2770 797 2799 tamen
822 2762 1035 2799 fabulantur
1050 2767 1080 2791 ⁹⁹
1101 2762 1206 2810 quod
1224 2761 1263 2798 in
1287 2761 1402 2799 :ratio-

343 2815 416 2852 nali
455 2823 532 2852 erat
569 2815 662 2864 lapis
701 2815 766 2863 qui
805 2815 1016 2852 secundum
1056 2814 1227 2852 diversos
1257 2814 1404 2855 colotes

343 2869 570 2916 mutabatur,
587 2868 800 2906 secundum
819 2868 969 2905 diversa
984 2879 1083 2916 quae
1099 2867 1290 2907 debebant
1308 2867 1402 2907 acci-

344 2921 432 2958 dere
466 2921 552 2958 filiis
586 2922 723 2959 Israel:
749 2928 784 2958 et
811 2921 885 2958 hoc
914 2927 1056 2958 vocant
1079 2926 1113 2942 ‘²⁵
1139 2920 1347 2958 Veritatem·
1369 2926 1405 2957 et

343 2975 575 3012 Doctrinam.
592 2995 616 3002 -
633 2974 818 3021 Quintum
843 2981 926 3013 erat.
942 2974 1099 3020 balteus,
1117 2973 1212 3011 idest
1232 2973 1403 3021 cingulus

342 3027 510 3075 quidam,
540 3027 658 3064 factus
678 3039 723 3064 ex
746 3026 948 3076 praedictis
967 3034 1130 3074 quatuor
1158 3025 1361 3065 coloribus.
1377 3044 1402 3053 -

344 3080 501 3116 Sextum
531 3088 608 3117 erat
628 3080 731 3127 tiara,
761 3079 858 3117 idest
882 3079 994 3117 mitra
1020 3079 1224 3127 quaedam,
1245 3079 1293 3117 de
1316 3079 1403 3127 bys-

345 3144 399 3169 so.
415 3153 439 3159 -
457 3133 669 3181 Septimum
686 3139 814 3170 autem
830 3140 908 3170 erat
923 3131 1063 3169 lamina
1088 3143 1214 3178 aurea,
1229 3131 1402 3180 pendens

343 3184 382 3221 in
411 3185 532 3222 fronte
561 3185 653 3233 eius,
682 3186 720 3222 in
749 3197 823 3234 qua
861 3192 939 3222 erat
963 3190 993 3206 τ*
1022 3197 1166 3223 nomen
1194 3183 1401 3223 Domini.-

345 3237 537 3274 Octavum
553 3245 680 3274 autem
702 3246 806 3276 erant
821 3237 1017 3275 femoralia
1032 3238 1142 3285 linea,
1159 3245 1200 3275 ut
1214 3237 1404 3286 operirent

345 3302 498 3326 carnem
527 3291 764 3338 turpitudinis
793 3303 895 3338 suae,
917 3291 1072 3339 quando
1102 3291 1327 3328 accederent
1354 3290 1402 3327 ad

397 3411 446 3443 ππ)
465 3414 533 3435 octo.
550 3424 569 3429 —
587 3418 677 3435 novem
699 3412 808 3436 codices.

397 3446 437 3479 ρρ)
450 3445 620 3479 fabulantur.
637 3458 656 3464 —-
668 3446 862 3479 fabulabantur
881 3447 1076 3471 ABDEFGHL.

397 3481 440 3513 σσ)
460 3484 564 3506 vocant.
582 3494 600 3499 —
620 3484 695 3505 vocat
714 3481 938 3506 ABCDEFGHIL.

1459 1438 1564 1485 tiara,
1588 1436 1822 1485 significabat
1845 1436 1994 1473 caelum
2020 1448 2258 1484 empyreum.
2275 1436 2437 1473 Lamina
2456 1449 2525 1473 aua»

1460 1503 1540 1537 rea,
1569 1491 1696 1526 Deum
1726 1488 1913 1530 omnibus
1932 1488 2225 1537 praesidentem.
2522 1524 2525 1525 γ

1513 1542 1694 1591 Figuralis
1721 1554 1816 1578 vero
1845 1541 1940 1578 ratio
1974 1541 2173 1579 manifesta
2202 1549 2268 1579 est.
2306 1542 2410 1578 Nam
2439 1554 2525 1581 Πιθε-

1460 1597 1565 1633 culae
1589 1597 1650 1633 vel
1680 1595 1847 1632 defectus
1877 1594 2092 1643 corporales
2116 1607 2139 1630 a
2162 1595 2301 1642 quibus
2329 1595 2521 1632 debebant

1459 1650 1675 1686 sacerdotes
1695 1660 1777 1684 esse
1801 1647 2004 1694 immunes,
2025 1647 2239 1694 significant
2257 1647 2408 1684 diversa
2425 1648 2518 1685 vitia

1460 1709 1496 1738 et
1514 1710 1670 1750 peccata
1689 1701 1827 1749 quibus
1847 1701 1987 1738 debent
2007 1712 2146 1737 carere.
2168 1700 2398 1737 Prohibetur
2415 1700 2523 1747 enin)

1461 1767 1541 1792 esse
1562 1767 1717 1791 caecus:
1747 1754 1854 1799 idest,
1866 1765 1914 1790 ne
1930 1753 1976 1790 sit
1991 1753 2180 1801 ignorans.
2199 1753 2260 1790 Ne
2280 1753 2325 1790 sit
2341 1753 2525 1791 claudam

1458 1807 1554 1844 idest
1581 1806 1772 1853 instabilis,
1798 1814 1834 1843 et
1853 1806 1901 1843 ad
1930 1806 2080 1844 diversa
2108 1818 2148 1842 se
2177 1805 2378 1843 inclinem:
2395 1805 2525 1844 Neda

1458 1872 1591 1909 parv0,
1607 1861 1669 1898 vel
1689 1860 1832 1908 grandi,
1855 1860 1917 1896 vel
1936 1867 2036 1896 torto
2056 1871 2169 1896 naso:
2190 1859 2286 1896 idest
2301 1871 2350 1896 ne
2364 1871 2434 1907 per
2443 1859 2526 1897 der-

1458 1913 1599 1950 fectum
1629 1912 1873 1959 discretionis,
1893 1913 1955 1950 vel
1983 1912 2022 1950 in
2050 1913 2134 1960 plus
2162 1913 2225 1949 vel
2252 1911 2294 1949 in
2309 1911 2525 1949 minus-dns

1459 1966 1578 2013 cedat,
1609 1974 1673 2003 aut
1700 1965 1813 2002 etiam
1843 1965 1970 2013 aliqua
1998 1977 2119 2014 prava
2147 1972 2338 2010 exerceat;
2365 1974 2525 2013 persnas*>¹

1459 2031 1544 2056 sum
1562 2019 1663 2056 enim
1679 2018 1854 2055 discretio
1875 2018 2102 2066 designatur,
2117 2018 2210 2067 quia
2229 2017 2527 2056 estdiscretim

1458 2071 1598 2110 odoris.
1616 2073 1676 2108 Ne
1692 2071 1736 2108 sit
1751 2071 1868 2108 fracto
1883 2071 1982 2120 pede
1992 2071 2054 2108 vel
2070 2082 2224 2108 manus:
2241 2070 2338 2108 idest
2346 2083 2396 2108 ne
2411 2070 2526 2108 amita,

1457 2132 1508 2164 tat
1535 2125 1712 2162 virtutem
1737 2125 1834 2161 bene
1855 2130 1889 2146 νυ
1920 2124 2114 2173 operandi,
2135 2124 2198 2161 vel
2221 2123 2454 2172 procedendi
2481 2123 2526 2162 im
2580 2136 2626 2153 s

1456 2179 1647 2215 virtutem.
1678 2177 1914 2226 Repudiatur
1937 2177 2049 2215 etiam
2072 2177 2103 2214 si
2121 2177 2261 2214 habeat
2279 2176 2438 2224 gibbum
2454 2177 2527 2215 veh

1457 2238 1548 2269 ante,
1567 2231 1629 2268 vel
1658 2238 1774 2267 retro:
1804 2243 1872 2279 per
1900 2242 2016 2279 quem
2046 2229 2277 2280 significatur
2303 2229 2526 2279 superfluus!

1457 2296 1566 2321 amor
1593 2291 1842 2320 terrenorum.
1874 2283 1913 2320 Si
1943 2291 1998 2320 est
2025 2282 2160 2332 lippus,
2182 2282 2278 2321 idest
2295 2294 2365 2331 per
2387 2288 2534 2320 carna-s

1456 2338 1532 2374 lem
1561 2336 1739 2374 affectum
1764 2341 1796 2364 φφ
1826 2336 1906 2373 eius
1934 2335 2130 2383 ingenium
2150 2335 2406 2373 obscuratur:
2427 2346 2525 2373 conv

1456 2389 1561 2437 tingit
1580 2389 1681 2427 enim
1697 2389 1882 2438 lippitudo
1899 2401 1943 2426 ex
1957 2389 2063 2427 fluxu
2077 2388 2263 2426 humoris.
2283 2387 2520 2436 Repudiatus

1459 2443 1571 2480 etiam
1601 2443 1631 2479 si
1658 2443 1796 2479 habeat
1824 2442 2041 2490 albuginem
2059 2441 2098 2479 in
2122 2441 2256 2478 oculo:
2286 2441 2383 2478 idest
2409 2452 2519 2489 pratea>

1458 2495 1717 2544 sumptionem
1747 2495 1920 2532 candoris
1947 2494 2107 2533 iustitiae
2131 2494 2170 2531 in
2190 2505 2263 2531 sua.
2279 2493 2517 2541 cogitatione.

1458 2548 1693 2597 Repudiatur
1710 2548 1822 2585 etiam
1835 2547 1864 2585 si
1879 2547 2054 2585 habuerit
2069 2547 2197 2595 iugem
2212 2546 2400 2584 scabiem:
2419 2546 2518 2584 idest

1457 2601 1704 2651 petulantiam
1739 2600 1872 2638 carnis.
1908 2601 1956 2638 Et
1985 2600 2016 2638 si
2042 2599 2216 2637 habuerit
2244 2599 2518 2648 impetiginem,

1457 2667 1556 2704 quae
1584 2654 1664 2691 sine
1689 2654 1821 2691 dolore
1841 2665 1979 2702 corpus
1999 2660 2174 2701 occupat,
2195 2653 2524 2690 et‹-membrorum1

1458 2708 1638 2744 decorem
1658 2707 1802 2744 foedat:
1822 2718 1892 2755 per
1910 2718 2027 2755 quam
2048 2706 2206 2743 avaritia
2225 2705 2459 2752 designatum
2468 2705 2525 2743 Eu

1459 2760 1571 2797 etiam
1592 2760 1621 2796 si
1642 2760 1687 2796 sit
1705 2759 1905 2796 herniosus
1923 2760 1986 2796 vel
2005 2759 2265 2818 ponderosus:
2295 2758 2360 2806 qui
2380 2757 2521 2795 scilicet

1457 2821 1575 2861 gestat
1589 2813 1742 2861 pondus
1757 2812 2019 2861 turpitudinis
2010 2824 2049 2849 in
2069 2812 2196 2859 corde,
2213 2811 2298 2882 licet
2317 2823 2395 2848 non
2416 2822 2520 2848 exer—

1457 2873 1540 2904 ceat
1566 2865 1605 2903 in
1634 2877 1760 2914 opere.
2289 2887 2291 2889 ·
2400 2880 2403 2882 ·
2459 2880 2472 2888 ·
2491 2879 2513 2890 2

1510 2920 1584 2956 Per
1612 2925 1836 2956 ornamenta
1863 2929 1957 2955 vero
1991 2884 2234 2965 designantur
2256 2916 2429 2954 virtutes
2450 2916 2527 2955 mi·-

1457 2972 1661 3008 nistrorum
1694 2970 1778 3009 Dei.
1814 2971 1909 3008 Sunt
1943 2975 2073 3007 autern
2102 2977 2266 3018 quatuor
2302 2981 2402 3017 quae
2434 2972 2525 3007 sunt

1456 3024 1690 3062 necessariae
1726 3023 1905 3061 omnibus
1945 3023 2144 3061 ministris:
2164 3022 2314 3061 -scilicet
2351 3022 2524 3070 castit'aqu¹

1457 3089 1556 3125 quae
1585 3077 1816 3125 significatur
1843 3088 1922 3125 per*
1938 3076 2155 3122 femoralia3
2181 3075 2326 3125 puritas
2351 3074 2525 3113 {vemmh

1456 3138 1528 3178 tae,
1549 3142 1647 3179 quae
1677 3129 1909 3177 significatur
1927 3140 2002 3178 perv
2014 3129 2155 3167 lineam
2174 3127 2526 3174 muhaniam-»Mi

1458 3183 1551 3221 ratio
1581 3182 1827 3229 discretionis,
1848 3194 1946 3231 quae
1965 3181 2197 3230 significatur
2214 3193 2288 3230 per>
2302 3181 2523 3229 cingulum&

1457 3236 1640 3274 rectitudo
1670 3235 1898 3283 intentionis,
1919 3246 2018 3284 quae
2047 3234 2278 3283 significatur
2300 3233 2524 3282 per-mm

1458 3296 1720 3338 protegentem
1750 3297 1874 3337 caput.
1894 3309 1918 3316 -
1940 3288 2017 3325 Sed
2044 3300 2136 3336 prae
2159 3287 2217 3324 his
2237 3285 2435 3336 pontifices
2455 3285 2518 3321 de-

1510 3412 1551 3443 ττ)
1570 3415 1637 3436 erat.
1655 3424 1674 3430 —
1691 3411 1821 3442 scriptum
1841 3410 1938 3435 addunt
1956 3409 2003 3435 Pa.

1510 3447 1550 3478 υυ)
1570 3447 1641 3471 bene.
1659 3460 1678 3464 -
1697 3449 1800 3471 rantum
1819 3444 2035 3474 ABCDEF'GHL,
2054 3451 2108 3469 om.
2130 3443 2147 3467 l.

1510 3483 1555 3515 φφ)
1575 3481 1706 3515 affectum.
1727 3494 1743 3499 -
1761 3480 1925 3513 affectionem
1946 3479 2021 3503 EFK.

2548 661 2556 668 ·
2570 658 2636 680 Vers.
2651 664 2688 685 24.

2546 1342 2558 1353 ⁴
2572 1341 2639 1364 vers.
2652 1348 2687 1371 33.

2633 2341 2674 2366 99
