2840 4010
367 193 442 230 286

304 284 306 286 ·
365 273 668 322 persecutionem
701 273 950 309 inimicorum.
988 271 1064 307 Sed
1093 270 1210 306 multa
1239 275 1325 305 sunt
1353 268 1422 305 alia

129 331 138 339 ·
149 330 196 356 Qu.
208 334 253 355 cxv,
263 332 305 350 art.
315 335 339 354 ις

131 362 170 384 qu.
186 361 220 377 cv.

131 1388 138 1397 ⁸
155 1387 221 1408 Vers.
237 1386 259 1413 6,
275 1387 296 1408 8.

125 1862 133 1870 “
150 1861 216 1883 Vers.
231 1868 260 1890 ¹5·

125 2180 132 2188 ’
149 2180 198 2202 Lib.
213 2181 235 2206 Ι,
251 2186 300 2207 cap.
317 2187 332 2201 ι.

124 2556 133 2567 ”
149 2556 227 2578 Manh.
246 2563 295 2585 cap.
311 2564 333 2578 v-

124 2589 163 2604 vn.

367 325 553 363 iudicialia
579 333 781 374 praecepta
808 324 946 361 veteris
978 323 1085 370 legis,
1114 330 1156 358 ut
1182 333 1296 370 supra
1319 320 1339 342 ’¹‘
1367 321 1422 358 di-

369 387 472 416 ctum
507 386 573 415 est.
611 379 712 425 Ergo
746 383 928 426 quantum
956 375 1005 412 acl
1033 375 1122 422 hoc,
1152 373 1423 411 insufficienter

367 431 485 468 vitam
514 430 714 467 hominum
743 428 941 466 ordinavit.

423 485 457 520 3.
478 484 708 528 PRAETEREA,
734 482 771 517 in
789 480 908 517 veteri
935 481 1028 527 lege,
1049 486 1197 527 praeter
1219 487 1422 529 praecepta

368 535 524 572 moralia
553 543 589 571 et
613 533 809 579 iudicialia,
832 540 936 569 erant
954 532 1143 580 quaedam
1164 532 1421 570 caeremonia-

366 589 425 624 lia.
448 587 557 624 Circa
576 599 674 634 quae
688 586 880 623 Dominus
904 585 995 621 nihil
1014 585 1214 622 ordinavit.
1243 586 1346 633 Ergo
1365 585 1421 622 vi-

367 641 475 677 detur
503 639 771 676 insufficienter
798 637 1003 675 ordinasse.

417 704 454 739 4.
473 694 702 737 PRAETEREA,
724 691 770 728 ad
789 690 1007 727 interiorem
1030 691 1172 727 bonam
1191 690 1328 727 mentis
1348 691 1421 728 dis-

365 745 594 793 positionem
609 744 771 792 pertinet
789 751 828 780 ut
856 743 1001 780 nullum
1017 743 1163 779 bonum
1184 755 1282 791 opus
1301 744 1420 781 homo

365 797 475 834 faciat
501 804 655 846 propter
688 807 971 845 quemcumque
1007 796 1257 844 temporalem
1289 797 1419 834 finem.

367 851 443 888 Sed
461 851 580 887 multa
600 857 685 886 sunt
704 850 776 886 alia
794 848 1018 897 temporalia
1041 849 1143 886 bona
1170 861 1286 897 quam
1313 850 1422 887 favor

366 905 572 940 humanus:
593 903 711 938 multa
726 902 839 939 etiam
855 901 926 938 alia
941 909 1028 938 sunt
1046 902 1149 938 bona
1168 914 1286 950 opera
1305 914 1420 951 quam

365 956 568 1003 ieiunium,
599 955 843 1003 eleemosyna
875 962 911 991 et
939 955 1070 991 oratio.
1110 955 1212 1002 Ergo
1240 954 1421 993 inconve-

365 1006 560 1046 niens'fuit
583 1008 687 1057 quod
707 1008 905 1053 Dominus
918 1007 1046 1044 docuit
1064 1008 1189 1044 solum
1210 1007 1308 1045 circa
1327 1009 1422 1045 haec

365 1062 433 1099 tria
462 1073 579 1110 opera
607 1061 764 1108 gloriam
792 1060 932 1098 favoris
955 1060 1113 1097 humani
1131 1060 1252 1108 vitari,
1273 1068 1310 1098 et
1328 1061 1421 1098 nihil

366 1115 468 1152 aliud
495 1122 732 1151 terrenorum
761 1114 964 1151 bonorum.

422 1169 455 1205 5.
484 1168 719 1212 PRAETEREA,
749 1166 963 1203 naturaliter
989 1166 1136 1203 homini
1172 1166 1333 1204 inditum
1367 1175 1423 1204 est

366 1228 406 1257 ut
434 1220 649 1257 sollicitetur
678 1219 774 1256 circa
803 1231 847 1255 ea
875 1231 974 1267 quae
1002 1226 1089 1255 sunt
1117 1219 1186 1255 sibi
1211 1220 1422 1257 necessaria

365 1273 414 1310 ad
440 1273 664 1320 vivendum,
693 1272 731 1308 in
759 1284 834 1320 qua
853 1272 967 1309 etiam
987 1271 1233 1309 sollicitudine
1252 1272 1324 1309 alia
1343 1273 1422 1310 ani-

365 1326 479 1363 malia
498 1338 585 1362 cum
604 1325 763 1362 homine
779 1325 1024 1362 conveniunt:
1044 1325 1146 1362 unde
1162 1325 1294 1362 dicitur
1306 1326 1419 1363 Prov.

363 1391 398 1416 vt
413 1378 449 1415 *z
482 1379 583 1416 Vade
600 1379 652 1415 ad
656 1378 879 1427 formicam,
901 1378 933 1415 O
941 1378 1064 1428 piger,
1080 1384 1117 1414 et
1132 1379 1327 1415 considera
1341 1379 1422 1416 vias

364 1432 442 1469 eius
461 1437 490 1468 ².
519 1432 636 1468 Parat
663 1432 700 1468 in
728 1437 866 1468 aestate
893 1431 1016 1468 cibum
1043 1432 1127 1477 sibi,
1157 1437 1194 1468 et
1212 1438 1424 1482 congregat

364 1485 402 1522 in
430 1496 547 1521 messe
574 1485 674 1533 quod
703 1485 883 1521 comedat.
920 1484 995 1521 Sed
1024 1496 1140 1520 omne
1173 1492 1420 1533 praeceptum

364 1538 470 1586 quod
495 1537 604 1574 datur
632 1545 762 1574 contra
789 1537 1070 1574 inclinationem
1089 1544 1258 1585 naturae,
1280 1545 1335 1574 est
1352 1537 1420 1574 ini-

365 1603 500 1639 quum:
530 1597 660 1639 utpote
689 1597 818 1627 contra
852 1590 974 1638 legem
1007 1591 1216 1627 naturalem
1247 1591 1418 1628 existens.

365 1644 466 1691 Ergo
481 1643 792 1680 inconvenienter
804 1642 956 1680 videtur
970 1643 1160 1680 Dominus
1179 1643 1420 1692 prohibuisse

364 1696 651 1733 sollicitudinem
679 1696 801 1732 victus
829 1703 865 1732 et
891 1695 1060 1733 vestitus.

417 1751 452 1786 6.
482 1750 720 1795 PRAETEREA,
751 1749 874 1785 nullus
902 1756 1006 1786 actus
1034 1748 1180 1786 virtutis
1209 1757 1266 1786 est
1291 1750 1419 1799 prohi-

363 1802 522 1839 bendus.
553 1802 628 1839 Sed
657 1779 838 1839 iudicium
868 1810 925 1839 est
951 1809 1055 1838 actus
1079 1802 1257 1849 iustitiae;
1287 1814 1420 1840 secun-

362 1855 454 1892 dum
482 1855 572 1892 illud
601 1855 741 1891 Psalmi
765 1867 848 1891 xcui
867 1854 905 1891 *t
938 1848 1138 1904 Quousque
1165 1856 1300 1893 iustitia
1333 1867 1420 1894 con-

360 1913 529 1945 vertatur
547 1909 584 1945 in
605 1908 792 1944 iudicium.
818 1908 919 1955 Ergo
940 1907 1251 1946 inconvenienter
1268 1909 1420 1948 videtur

362 1961 550 1998 Dominus
572 1961 752 1998 iudicium
772 1960 1021 2009 prohibuisse.
1049 1962 1097 1998 Et
1115 1961 1165 1998 ita
1183 1962 1334 2000 videtur
1359 1964 1419 2000 lex

360 2026 463 2051 nova
490 2014 760 2051 insufficienter
785 2013 982 2050 hominem
1012 2014 1207 2051 ordinasse
1235 2016 1332 2053 circa
1365 2016 1419 2053 in—

361 2067 516 2104 teriores
545 2074 660 2104 actus.
1336 2083 1353 2089 ⁴*

414 2121 487 2157 SED
507 2132 651 2157 CONTRA
670 2132 736 2157 EST
754 2120 860 2168 quod
878 2121 1110 2168 Augustinus
1140 2121 1238 2170 dicit,
1259 2121 1297 2159 in
1321 2083 1417 2160 libro

359 2174 405 2210 de
433 2175 551 2210 Serm.
582 2175 694 2210 Dom.
724 2173 760 2209 in
790 2174 925 2210 Monte
947 2173 982 2210 *z
1017 2175 1339 2213 Considerandum
1366 2182 1421 2213 est

360 2227 460 2275 quia,
489 2239 574 2263 cum
602 2227 706 2272 dixit,
738 2241 756 2259 «
784 2227 857 2268 Qui
883 2228 988 2263 audit
1010 2229 1126 2264 verba
1154 2240 1239 2265 mea
1266 2230 1360 2266 haec
1381 2245 1414 2275 2,

360 2280 447 2316 satis
473 2280 663 2330 significat
686 2291 896 2316 sermonem
926 2281 1035 2316 istum
1063 2281 1222 2317 Domini
1246 2282 1418 2319 omnibus

354 2333 564 2381 praeceptis
595 2333 727 2381 quibus
755 2332 956 2369 christiana
992 2333 1068 2370 vita
1089 2335 1306 2382 formatur,
1339 2344 1418 2372 esse

355 2387 575 2434 perfectum.
1336 2400 1337 2410 ³

414 2439 638 2476 REsponnsso
657 2450 841 2475 mCENDUM
861 2438 981 2487 quod,
1002 2439 1096 2476 sicut
1116 2451 1160 2476 ex
1180 2439 1333 2478 inducta
1349 2451 1417 2478 au·-

362 2492 528 2529 ctoritate
556 2491 754 2539 Augustini
782 2499 957 2540 apparet,
987 2504 1113 2529 sermo
1142 2505 1257 2541 quem
1286 2493 1418 2530 Domi-

361 2557 430 2582 nus
459 2545 496 2581 in
524 2546 656 2581 Monte
684 2544 882 2593 proposuit
899 2546 930 2591 ⁴²,
960 2551 1078 2582 totam
1107 2546 1414 2584 informationem

361 2597 593 2635 Christianae
621 2597 721 2634 vitae
750 2597 926 2634 continet.
953 2598 995 2634 In
1024 2610 1101 2646 quo
1130 2600 1295 2647 perfecte
1322 2599 1415 2636 inte-

360 2651 477 2688 riores
506 2658 632 2687 motus
660 2650 825 2687 hominis
854 2651 1084 2688 ordinantur.
1116 2652 1217 2688 Nam
1246 2659 1333 2700 post
1352 2652 1416 2690 de-

360 2705 539 2740 claratum
560 2703 800 2740 beatitudinis
819 2704 953 2748 finem;
980 2711 1016 2740 et
1036 2705 1304 2747 commendata
1323 2717 1415 2754 apo-

359 2756 487 2793 stolica
508 2756 695 2804 dignitate,
712 2769 780 2805 per
799 2769 895 2805 quos
916 2764 994 2793 erat
1009 2757 1178 2794 doctrina
1198 2758 1415 2806 evangelica

359 2810 651 2857 promulganda3
682 2809 830 2846 ordinat
858 2810 1052 2846 interiores
1081 2810 1246 2847 hominis
1275 2818 1413 2858 motus,

358 2862 480 2910 primo
511 2862 665 2910 quidem
700 2869 885 2911 quantum
914 2863 961 2899 ad
991 2863 1180 2911 seipsum;
1215 2872 1250 2900 et
1279 2864 1415 2902 deinde

358 2923 542 2962 quantum
562 2915 609 2952 ad
629 2915 857 2963 proximum.

411 2969 605 3014 Quantum
625 2975 751 3004 autem
773 2968 821 3005 ad
841 2968 1021 3016 seipsum,
1043 2969 1258 3017 dupliciter;
1283 2982 1417 3006 secun-

359 3020 450 3056 dum
471 3021 567 3057 duos
586 3020 780 3057 interiores
803 3022 967 3058 hominis
990 3029 1116 3058 motus
1136 3022 1233 3058 circa
1256 3023 1414 3070 agenda,

358 3073 421 3120 qui
437 3071 451 3101 β
470 3081 555 3110 sunt
574 3074 748 3110 voluntas
769 3074 815 3111 de
835 3074 1000 3122 agendiS,
1023 3082 1059 3111 et
1081 3074 1236 3112 intentio
1257 3075 1304 3112 de
1323 3075 1412 3113 fine.

358 3125 466 3162 Unde
477 3126 600 3174 primo
617 3126 764 3163 ordinat
778 3127 942 3164 hominis
951 3128 1189 3164 voluntatem
1205 3127 1415 3166 seeundum

360 3177 506 3215 diversa
520 3179 610 3226 legis
629 3187 846 3228 praecepta:
868 3188 910 3217 ut
927 3180 1066 3217 scilicet
1080 3181 1265 3218 abstineat
1283 3181 1415 3229 aliquis

360 3242 436 3266 non
461 3232 585 3267 solum
606 3232 653 3268 ab
674 3232 918 3270 exterioribus
938 3229 1117 3281 operibus
1136 3246 1234 3281 quae
1253 3241 1340 3272 sunt
1359 3246 1416 3271 se-

360 3283 526 3319 cundum
546 3295 586 3320 se
614 3285 725 3331 mala,
746 3285 813 3322 sed
838 3285 950 3322 etiam
974 3286 1022 3322 ab
1042 3285 1291 3334 interioribus,
1313 3294 1348 3324 et
1366 3287 1414 3324 ab

360 3335 619 3371 occasionibus
640 3337 839 3374 malorum.
857 3359 879 3365 -
902 3338 1050 3374 Deinde
1071 3339 1220 3375 ordinat
1242 3339 1416 3377 intentio-

359 3399 447 3423 nem
463 3388 640 3434 hominis,
657 3389 798 3426 docens
813 3395 828 3418 Υ
843 3391 949 3437 quod
964 3390 1001 3427 in
1017 3391 1126 3428 bonis
1141 3403 1239 3439 quae
1255 3392 1414 3440 agimus,

410 3482 437 3517 α)
458 3483 513 3508 vias
532 3483 595 3510 eius.
610 3498 627 3502 —
646 3484 702 3508 via
722 3483 803 3517 (viam
824 3484 854 3519 Ρ)
874 3486 938 3513 eius,
958 3494 1024 3518 qzrze
1043 3495 1100 3512 cum
1122 3496 1173 3512 non
1194 3489 1288 3514 habeat
1304 3496 1412 3522 praece—

352 3522 458 3550 ptorem
479 3519 518 3543 vel
538 3519 628 3544 ducem
648 3519 694 3543 Pa.

1033 191 1297 238 QUAESTIO
1328 190 1465 238 CVIII,
1494 191 1788 228 ARTICULUS
1818 192 1868 228 III

1475 281 1600 318 neque
1620 282 1848 318 quaeramus
1866 271 2076 307 humanam
2099 272 2270 320 gloriam,
2287 285 2410 322 neque
2427 286 2537 311 mun-

1477 322 1594 359 danas
1614 322 1775 370 divitias,
1798 322 1902 372 quod
1931 331 1987 359 est
2014 323 2266 362 thesaurizare
2294 326 2332 362 in
2354 334 2463 363 terra.

1530 375 1819 423 Consequenter
1847 383 1974 412 autem
1997 376 2146 412 ordinat
2172 377 2390 416 interiorem
2413 379 2537 416 homi-

1475 427 1532 464 nis
1553 435 1700 464 motum
1720 428 1850 476 quoad
1870 428 2104 477 proximum:
2129 436 2171 466 ut
2190 429 2329 467 scilicet
2347 443 2435 468 eum
2457 444 2536 469 non

1474 481 1673 517 temerarie
1711 489 1775 518 aut
1811 481 1945 518 iniuste
1982 481 2215 529 iudicemus,
2245 490 2310 519 aut
2341 494 2536 532 praesum-

1473 540 1624 582 ptuose;
1654 546 1778 583 neque
1806 541 1935 571 tamen
1964 534 2017 570 sic
2041 533 2160 571 simus
2188 535 2291 583 apud
2318 536 2536 583 proximum

1474 586 1632 632 remissi,
1653 594 1693 623 ut
1722 587 1775 623 eis
1794 599 1900 624 sacra
1921 587 2216 634 committamus,
2242 587 2272 624 si
2291 587 2365 624 sint
2381 588 2534 636 indigni.

1527 639 1668 675 Ultimo
1685 647 1813 676 autern
1828 641 1940 677 docet
1950 640 2112 677 modurn
2127 640 2359 689 adimplendi
2375 653 2536 689 evange-

1474 691 1584 728 licam
1606 692 1839 728 doctrinam:
1859 692 1998 729 scilicet
2017 692 2258 741 implorando
2279 693 2450 730 divinum
2471 706 2535 731 au-

1473 744 1623 789 xilium;
1649 751 1686 780 et
1713 751 1891 781 conatum
1915 746 2148 794 apponendo
2168 746 2217 783 ad
2244 746 2534 794 ingrediendum

1474 808 1542 845 per
1565 804 1762 844 angustam
1783 805 1933 845 portam
1952 798 2139 846 perfectae
2159 799 2322 845 virtutis;
2350 807 2387 836 et
2410 807 2534 837 caute-

1473 850 1550 886 lam
1577 849 1795 886 adhibendo
1820 862 1868 886 ne
1892 863 1914 887 a
1937 851 2201 889 seductoribus
2229 864 2532 901 corrumpamur.

1474 903 1524 939 Et
1538 903 1642 951 quod
1658 903 1874 939 observatio
1893 904 2162 941 mandatorum
2183 905 2264 942 eius
2285 912 2340 942 est
2362 917 2535 943 necessa-

1474 955 1526 992 ria
1546 955 1594 992 ad
1613 955 1808 992 virtutem:
1835 967 1914 992 non
1934 964 2061 993 autem
2086 957 2224 994 sufficit
2241 959 2322 995 sola
2347 959 2534 996 confessio

1473 1007 1575 1054 fidei,
1596 1009 1658 1045 vel
1677 1008 1949 1045 miraculorum
1969 1009 2151 1057 operatio,
2170 1011 2233 1048 vel
2251 1011 2354 1048 solus
2373 1011 2533 1049 auditus.

1526 1062 1585 1097 AD
1605 1073 1742 1098 PR1MUM
1760 1073 1858 1098 ERGO
1878 1073 2062 1099 mcunnum
2081 1063 2188 1110 quod
2215 1064 2405 1101 Dominus
2435 1065 2534 1102 circa

1474 1113 1534 1150 illa
1565 1114 1655 1162 legis
1687 1121 1890 1162 praecepta
1923 1114 2236 1163 adimpletionem
2265 1118 2465 1166 apposuit,
2494 1118 2533 1154 in

1474 1166 1611 1215 quibus
1641 1167 1794 1203 Scribae
1823 1174 1860 1203 et
1887 1166 2080 1204 Pharisaei
2107 1180 2187 1205 non
2213 1177 2360 1206 rectum
2391 1170 2533 1207 intelle-

1475 1226 1577 1256 ctum
1593 1220 1795 1256 habebant.
1807 1221 1856 1256 Et
1869 1220 1944 1256 hoc
1959 1220 2202 1268 contingebat
2214 1222 2419 1271 praecipue
2435 1223 2533 1260 circa

1474 1272 1541 1309 tria
1561 1280 1762 1321 praecepta
1790 1272 1971 1320 decalogi.
2001 1274 2103 1310 Nam
2121 1273 2218 1310 circa
2235 1275 2531 1322 prohibitionem

1474 1324 1643 1362 adulterii
1672 1333 1707 1362 et
1734 1325 1939 1372 homicidii,
1960 1326 2212 1363 aestimabant
2230 1327 2354 1365 solum
2375 1327 2534 1366 exterio-

1475 1390 1556 1415 rem
1585 1386 1711 1415 actum
1738 1378 1943 1427 prohiberi,
1972 1391 2050 1416 non
2078 1386 2205 1416 autern
2228 1379 2447 1418 interiorem
2460 1392 2533 1431 ap-

1473 1431 1644 1479 petitum.
1666 1433 1782 1478 Quod
1802 1431 1922 1479 magis
1937 1432 2143 1469 credebant
2166 1432 2264 1470 circa
2283 1433 2533 1471 homicidium

1475 1491 1511 1520 et
1538 1484 1761 1521 adulterium
1787 1497 1904 1533 quarn
1934 1485 2030 1522 circa
2058 1486 2200 1522 furtum
2227 1486 2290 1523 vel
2318 1486 2455 1523 falsum
2476 1494 2533 1524 te·

1473 1537 1714 1584 stimonium,
1743 1537 1832 1585 quia
1859 1545 1986 1575 motus
2013 1538 2091 1575 irae
2118 1539 2157 1575 in
2185 1539 2433 1576 homicidium
2452 1547 2533 1581 tene

1475 1590 1580 1637 dens,
1611 1598 1646 1627 et
1675 1590 2002 1639 concupiscentiae
2030 1599 2158 1628 motus
2186 1592 2346 1629 tendens
2369 1592 2533 1630 inadul-

1473 1643 1622 1690 terium,
1641 1643 1818 1680 videntur
1836 1643 2045 1692 aliqualiter
2063 1644 2174 1681 nobis
2197 1657 2220 1681 a
2235 1653 2368 1682 natura
2387 1645 2532 1692 inesse3

1473 1708 1552 1734 non
1581 1704 1707 1733 autem
1736 1697 1923 1745 appetitus
1946 1697 2105 1744 iurandi,
2126 1698 2188 1734 vel
2207 1698 2344 1735 falsum
2366 1698 2533 1736 testimo-

1473 1749 1579 1786 nium
1608 1749 1768 1787 dicendi.
1788 1770 1813 1776 -
1834 1749 1942 1786 Circa
1979 1749 2189 1798 periurium
2218 1762 2312 1787 vero
2341 1751 2535 1789 habebant

1472 1802 1609 1839 falsum
1637 1802 1878 1849 intellectum,
1909 1803 2105 1841 credentes
2136 1802 2345 1852 periurium·
2375 1803 2532 1852 quidem

1473 1867 1555 1892 esse
1583 1863 1798 1904 peccatum;
1827 1856 2084 1893 iuramentum
2117 1864 2245 1894 autem
2279 1867 2424 1905 perfse-
2447 1867 2535 1894 esse

1472 1910 1729 1957 appetendum
1758 1917 1794 1946 et
1822 1909 2159 1957 frequentandum,
2189 1909 2279 1959 quia
2305 1909 2456 1948 videtur
2473 1910 2534 1950 «ad

1472 1961 1544 1998 Dei
1587 1962 1837 1998 reverentiam
1880 1962 2078 2010 pertinere.
2122 1963 2171 2000 Et
2211 1963 2301 2006 ideo
2340 1962 2532 2006 Dominus

1472 2014 1636 2051 ostendit
1662 2015 1919 2052 iuramentum
1947 2027 2027 2052 non
2055 2028 2139 2053 esse
2167 2016 2427 2065 appetendum
2451 2024 2530 2055 tan»

1471 2079 1589 2117 quam
1614 2069 1779 2114 bonum;
1810 2068 1877 2105 sed
1897 2069 2032 2110 melius
2053 2081 2134 2106 esse
2154 2069 2299 2118 absque
2318 2066 2532 2106 iuramento

1471 2121 1586 2169 loqui,
1616 2121 1685 2157 nisi
1714 2121 1917 2158 necessitas
1946 2129 2065 2170 cogat.
2484 2120 2514 2154 »ἔ
2526 2143 2529 2150 0

1523 2175 1582 2210 AD
1619 2186 1808 2211 SECUNDUM
1844 2186 2028 2212 DICENDUM
2065 2175 2170 2223 quod
2209 2174 2313 2212 circa
2343 2174 2532 2213 iudicialia

1470 2235 1672 2276 praecepta
1691 2227 1887 2276 dupliciter
1902 2227 2056 2265 Scribae
2077 2235 2113 2264 et
2131 2227 2324 2269 Pharisaei
2344 2229 2530 2265 errabant

1470 2280 1600 2317 Primo
1621 2280 1788 2328 quidem,
1810 2281 1898 2329 quia
1917 2281 2108 2329 quaedam
2128 2292 2226 2330 quae
2245 2281 2283 2318 in
2302 2282 2383 2329 lege
2404 2281 2532 2330 Moysi

1472 2340 1577 2370 erant
1604 2333 1737 2370 tradita
1763 2341 1946 2381 tanquam
1970 2332 2531 2382 permissiones-aestimatam

1472 2398 1554 2422 esse
1587 2398 1656 2433 per
1688 2399 1727 2423 se
1761 2387 1878 2423 iusta:
1908 2386 2047 2431 scilicet
2080 2387 2284 2436 repudium
2308 2386 2460 2433 uxoris,
2492 2394 2532 2425 et

1470 2451 1605 2476 usuras
1632 2439 1802 2488 accipere
1831 2439 1879 2477 ab
1913 2440 2111 2478 extraneis.
2146 2441 2195 2477 Et
2221 2440 2309 2478 ideo
2338 2439 2530 2477 Dominus

1469 2492 1663 2541 prohibuit
1690 2492 1816 2529 uxoris
1845 2492 2059 2541 repudium,
2081 2493 2214 2530 Matth.
2234 2504 2259 2529 v
2276 2492 2314 2538 *ς
2344 2500 2382 2530 et
2398 2503 2530 2530 usura-

1471 2557 1555 2582 rum
1586 2545 1865 2594 acceptionem,
1896 2546 1991 2582 Luc.
2014 2556 2049 2582 vt
2072 2545 2104 2590 ²⁸,
2133 2545 2294 2583 dicens.
2316 2545 2417 2582 Date
2448 2556 2529 2583 mue

1469 2603 1574 2634 tuum
1603 2598 1695 2634 nihil
1721 2599 1807 2635 inde
1832 2605 2035 2647 sperantes.
2250 2617 2256 2621 ·
2520 2626 2523 2628 -

1522 2651 1607 2687 Alio
1635 2651 1753 2688 modo
1783 2652 1958 2688 errabant
1987 2651 2181 2688 credentes
2205 2651 2396 2700 quaedam
2430 2627 2530 2710 quae

1469 2704 1528 2740 lex
1555 2712 1665 2740 vetus
1697 2704 1903 2741 instituerat
1937 2704 2110 2749 facienda
2142 2712 2299 2753 propter
2329 2704 2528 2752 iustitiam,

1470 2769 1551 2794 esse
1578 2759 1800 2805 exequenda
1819 2769 1864 2794 ex
1893 2757 2060 2806 appetitu
2080 2756 2292 2804 vindictae;
2313 2758 2375 2794 vel
2399 2769 2444 2795 ex
2463 2768 2528 2796 cu-

1469 2809 1622 2858 piditate
1650 2810 1916 2858 temporalium
1947 2822 2096 2856 rerum;
2125 2811 2188 2846 vel
2217 2822 2262 2847 ex
2292 2810 2381 2847 odio
2406 2810 2529 2849 inimi-

1470 2874 1613 2899 corum.
1644 2863 1692 2899 Et
1723 2864 1798 2899 hoc
1834 2863 1871 2900 in
1905 2863 2022 2900 tribus
2056 2863 2277 2912 praeceptis.
2306 2863 2529 2913 Appetitum

1470 2915 1571 2952 enim
1608 2915 1796 2952 vindictae
1834 2916 2038 2953 credebant
2066 2928 2149 2953 esse
2176 2915 2336 2963 licitum,
2374 2923 2531 2966 propter

1468 2975 1713 3018 praeceptum
1743 2969 1872 3005 datum
1903 2970 1950 3006 de
1978 2982 2105 3017 poena
2124 2969 2284 3006 talionis.
2310 2969 2428 3016 Quod
2449 2968 2530 3018 qui-

1469 3022 1559 3058 dem
1594 3021 1662 3057 fuit
1694 3021 1825 3058 datum
1863 3029 1903 3058 ut
1944 3022 2079 3058 iustitia
2112 3029 2346 3069 servaretur,
2381 3034 2460 3059 non
2489 3029 2531 3059 ut

1468 3075 1588 3112 homo
1617 3074 1822 3112 vindictam
1842 3082 2050 3124 quaereret.
2071 3076 2120 3112 Et
2144 3074 2231 3113 ideo
2256 3075 2459 3134 Dominus,
2480 3075 2529 3112 ad

1469 3127 1544 3164 hoc
1564 3127 1856 3175 removendum,
1878 3129 1990 3165 docet
2017 3127 2189 3165 animum
2208 3127 2373 3164 hominis
2393 3127 2446 3164 sic
2465 3127 2529 3166 de-

1470 3181 1558 3218 bere
1587 3192 1670 3217 esse
1699 3188 1964 3229 praeparatum
1994 3189 2055 3228 ut,
2084 3181 2116 3217 si
2143 3193 2300 3219 necesse
2326 3180 2389 3228 sit,
2403 3179 2527 3240 etiam

1468 3240 1620 3282 paratus
1648 3233 1694 3270 sit
1711 3235 1818 3281 plura
1846 3233 2081 3271 sustinere.-
2097 3234 2249 3272 Motum
2276 3229 2429 3290 autem

1470 3285 1592 3323 ditatis
1620 3286 1871 3324 aestimabant
1898 3299 1980 3324 esse
2009 3286 2162 3335 licitum,
2190 3293 2367 3336 propter

1469 3346 1533 3387 pta
1551 3338 1738 3378 iudicialia
1766 3339 1804 3376 in
1833 3339 1970 3388 quibus
2000 3339 2253 3378 mandabatur
2272 3328 2474 3382 restrium)
2473 3330 2527 3384 rei

1470 3392 1617 3429 ablatae
1641 3392 1724 3429 fieri
1749 3392 1862 3429 etiam
1888 3404 1976 3429 cum
2001 3392 2127 3440 aliqua
2155 3390 2381 3437 additione,
2397 3396 2439 3429 ut
2466 3402 2527 3427 su-

1520 3488 1545 3523 β)
1566 3490 1619 3522 qni.
1633 3504 1650 3507 —
1669 3497 1735 3522 quae
1755 3489 1883 3514 PCGIKa.

1520 3525 1546 3557 γ)
1566 3525 1670 3549 docens.
1684 3538 1702 3543 —-
1720 3524 1809 3549 dicens
1828 3525 1873 3548 Pa.

2557 2508 2566 2516 ·
2581 2505 2649 2527 Vers.
2663 2511 2702 2534 3²,

2557 2555 2565 2562 ·
2580 2551 2648 2574 νει-ε.
2662 2558 2704 2581 35>
