2840 4010
953 193 1218 239 QUAESTIO
1248 194 1437 240 LXXXV,
1466 194 1759 231 ARTICULUS
1787 194 1822 230 V

2403 197 2470 232 115

1092 327 1406 368 ARTICULUS
1438 328 1690 378 QUINTUS

586 419 742 450 UTRUM
765 420 881 451 Mons
904 421 962 450 ET
986 420 1070 450 AL11
1095 418 1377 450 CORPORALES
1402 419 1637 451 DEFECTUS
1652 421 1748 451 SINT
1771 422 1993 454 EFFl-:crus
2015 422 2200 454 PEccArl

759 498 791 522 11·
806 498 857 526 11⁰,
876 505 921 530 qu.
933 505 1015 526 curv,
1035 501 1083 521 art.
1100 504 1127 523 1:
1147 496 1167 520 11
1187 496 1269 523 Sent„
1285 496 1344 520 dist.
1358 503 1413 526 xxx,
1434 504 1478 529 qu.
1493 505 1510 525 ι,
1530 503 1576 522 art.
1594 506 1621 528 13
1640 499 1679 528 111,
1699 500 1758 523 dist.
1772 507 1821 530 xw,
1842 508 1887 532 qu.
1901 508 1918 529 ι,
1937 506 1984 526 art.
2001 509 2026 531 ¹3

460 532 501 563 lv,
516 533 634 565 Prolog.;
654 533 711 557 dist.
730 540 764 563 xv,
783 541 828 565 qu.
841 540 869 560 ιι,
888 537 935 557 art.
952 540 972 561 1,
993 532 1039 563 qu·
1061 531 1090 561 3;
1110 531 1143 555 IV
1165 531 1242 555 Cont.
1264 531 1350 559 Gent„
1370 538 1424 562 cap.
1438 539 1486 561 L113
1506 532 1547 557 De
1566 533 1650 562 Aialo,
1668 542 1711 565 qu.
1730 542 1754 562 v.
1773 540 1818 559 art.
1833 543 1864 566 45
1886 536 2029 568 Compend.
2052 536 2148 566 771eol„
2169 544 2223 570 cap.
2238 544 2328 568 exeun

990 567 1033 590 Ad
1052 566 1138 594 Rom„
1158 573 1212 598 cap.
1232 573 1255 593 ν,
1275 566 1383 595 lect-1113
1403 566 1446 590 Ad
1465 567 1555 595 Hebr„
1576 575 1631 599 cap.
1646 576 1678 598 lx,
1699 570 1755 593 lect.
1770 577 1795 594 V.

340 669 402 691 ),»ι

422 670 433 688 ι
446 677 496 703 f<
522 666 544 691 D
573 666 734 705 Quinum
753 666 807 690 sm
826 665 1065 691 PRocEmTUR.
1084 652 1243 690 Videtur
1262 652 1366 701 quod

336 686 499 765 (525⁴
522 719 626 743 mors
647 714 683 743 et
701 707 762 744 alii
778 708 994 754 corporales
1011 706 1178 742 defectus
1198 717 1276 742 non
1296 705 1368 742 sint

326 759 363 805 ἦγ’
428 789 445 800 q
463 764 488 808 ’ἦ
503 756 506 758 ’
523 758 676 797 effeetus
694 759 848 807 peccati.
872 760 911 796 Si
932 758 1031 797 enim
1047 770 1160 795 causa
1179 757 1288 794 fuerit
1307 770 1368 794 ae-

333 806 340 811 *
364 786 462 842 (εἶθ’)
480 808 653 858 Nqualis,
676 819 711 848 et
732 812 887 849 effectus
909 813 976 850 erit
995 810 1172 860 aequalis.
1200 811 1276 847 Sed
1301 810 1368 846 hu-

311 861 476 899 iusmodi
504 863 670 900 defectus
697 876 776 901 non
804 873 890 902 sunt
919 864 1096 915 aequales
1115 863 1153 899 in
1173 862 1366 910 omnibus,

312 914 380 951 sed
394 914 432 951 in
447 914 675 963 quibusdam
691 917 911 955 huiusmodi
928 918 1095 955 defectus
1111 914 1230 963 magis
1249 915 1368 952 abun-

313 966 417 1003 dant:
430 979 517 1004 cum
533 976 662 1006 tamen
675 979 875 1018 peccatum
885 971 1065 1019 originale
1081 968 1178 1006 sitin
1189 967 1367 1005 omnibus

312 1019 481 1067 aequale,
508 1020 603 1059 sicut
627 1021 769 1060 dictum
789 1031 844 1060 est
862 1023 894 1070 ⁹¹²,
916 1023 1021 1060 cuius
1046 1021 1222 1059 videntur
1240 1020 1368 1058 huius-

311 1070 418 1110 modi
446 1071 612 1111 defectus
641 1075 807 1112 maxime
837 1088 919 1113 esse
940 1076 1107 1113 effeetus.
1137 1073 1238 1121 Ergo
1264 1085 1368 1110 mors

313 1130 350 1161 et
376 1123 597 1163 huiusmodi
626 1128 793 1165 defectus
814 1141 891 1165 non
915 1136 1002 1166 sunt
1029 1126 1184 1165 effectus
1211 1126 1367 1174 peccati.

0 1211 6 1219 ,,
323 1206 346 1214 ,
366 1187 401 1213 2.
432 1177 670 1226 ΡΒΑΕΤΕΚΕΑ,
700 1189 846 1218 remota
873 1193 1002 1227 causa,
1032 1186 1251 1218 removetur
1281 1178 1370 1215 effe-

0 1260 6 1278 r
313 1234 422 1284 ctus,⁴
437 1231 514 1270 Sed
540 1233 691 1270 remoto
721 1234 826 1271 omni
853 1242 1010 1282 peccato
1039 1244 1108 1282 per
1136 1231 1367 1280 baptismum

236 1291 260 1295 ‘
306 1280 375 1318 ‘vel
398 1284 684 1333 poenitentiam,
705 1298 784 1323 non
803 1294 1050 1331 removentur
1067 1284 1286 1323 huiusmodi
1306 1286 1369 1322 de-

313 1333 444 1373 fectus.
474 1337 576 1385 Ergo
604 1351 683 1375 non
712 1347 798 1376 sunt
827 1339 982 1376 effectus
1010 1337 1167 1388 peccati.-

0 1406 8 1439 ι’
98 1424 100 1426 ,
367 1389 401 1425 3.
431 1389 668 1438 PRAETEREA,
697 1399 897 1440 peccatum
918 1391 1063 1429 actuale
1085 1391 1200 1427 habet
1218 1391 1302 1440 plus
1323 1391 1370 1428 de

313 1441 458 1478 ratione
487 1443 620 1491 culpae
649 1456 766 1491 quam
795 1444 986 1492 originale.
1018 1443 1094 1481 Sed
1112 1451 1312 1492 peccatum
1333 1457 1371 1480 a-

313 1494 434 1531 ctuale
463 1507 542 1531 non
573 1503 798 1533 transmutat
825 1505 999 1534 naturam
1034 1496 1203 1545 eorporis
1231 1496 1281 1533 ad
1310 1497 1372 1533 ali-

314 1557 430 1594 quem
449 1547 650 1585 defectum.
673 1549 774 1597 Ergo
794 1550 914 1586 multo
934 1549 1059 1587 minus
1077 1557 1278 1598 peccatum
1299 1550 1372 1586 ori-

311 1598 445 1646 ginale.
475 1601 567 1637 Non
596 1614 686 1649 ergo
706 1614 811 1638 mors
831 1610 868 1639 et
886 1602 946 1639 alii
966 1601 1133 1640 defectus
1157 1603 1373 1651 corporales

313 1659 401 1702 sunt
429 1652 585 1690 effectus
613 1655 770 1703 peccati.

368 1704 442 1742 SED
463 1717 608 1743 CONTRA
627 1719 692 1744 Esr
707 1707 811 1756 quod
827 1707 1033 1756 Apostolus
1053 1707 1152 1755 dicit,
1167 1708 1280 1745 Rom.
1296 1720 1319 1744 v
1335 1709 1370 1744 ³²:

312 1757 387 1795 Per
414 1760 746 1808 unumffhominem
769 1766 966 1808 peccatum
996 1761 1032 1797 in
1060 1761 1160 1797 hunc
1192 1762 1373 1798 mundum

314 1809 482 1858 intravit,
511 1816 547 1847 et
566 1824 639 1860 per
660 1818 856 1860 peccatum
886 1825 999 1850 mors.

368 1864 593 1902 RESPONDEo
622 1877 806 1903 mmmmm
825 1865 932 1913 quod
951 1864 1091 1914 aliquid
1115 1872 1171 1902 est
1191 1877 1304 1902 causa
1324 1866 1375 1902 al-

313 1915 428 1953 terius
448 1916 664 1964 dupliciter:
694 1931 772 1955 uno
794 1918 950 1968 quidem
970 1917 1101 1964 modo,
1121 1931 1190 1967 per
1209 1931 1269 1963 se;
1300 1919 1373 1955 alio

313 1969 445 2015 modo,
466 1982 535 2018 per
560 1970 746 2008 accidens.
775 1972 849 2008 Per
876 1983 915 2008 se
941 1970 1096 2019 quidem
1116 1978 1172 2007 est
1191 1983 1305 2008 causa
1324 1972 1375 2008 al-

313 2021 427 2058 terius
456 2023 560 2070 quod
594 2024 806 2061 secundum
824 2023 1004 2061 virtutem
1024 2036 1115 2060 suae
1134 2031 1292 2061 naturae
1311 2025 1372 2061 vel

313 2074 460 2111 formae
494 2075 671 2124 producit
703 2077 902 2113 effectum:
935 2075 1037 2113 unde
1071 2075 1238 2125 sequitur
1270 2077 1375 2125 quod

315 2126 472 2164 effectus
500 2128 546 2165 sit
573 2141 642 2177 per
669 2141 709 2167 se
742 2129 905 2166 intentus
934 2141 956 2166 a
985 2141 1109 2166 causa.
1142 2129 1253 2166 Unde
1288 2142 1375 2166 curn

313 2191 418 2217 mors
447 2188 482 2217 et
509 2180 729 2219 huiusmodi
759 2182 926 2219 defectus
946 2181 1020 2219 sint
1035 2188 1185 2230 praeter
1203 2181 1376 2219 intentio-

315 2245 405 2270 nem
433 2235 646 2282 peccantis,
676 2234 918 2272 manifestum
954 2243 1009 2272 est
1041 2234 1144 2283 quod
1175 2243 1375 2283 peccatum

316 2298 394 2322 non
423 2293 478 2322 est
505 2299 573 2336 per
601 2300 641 2325 se
670 2300 784 2325 causa
811 2287 970 2325 istorum
999 2287 1226 2325 defectuum.

369 2339 444 2375 Per
472 2339 647 2377 accidens
675 2347 803 2377 autem
832 2340 971 2388 aliquid
1001 2347 1056 2377 est
1080 2352 1195 2377 causa
1214 2340 1374 2387 alterius,

179 2397 197 2414 ‘⁸
317 2391 348 2429 si
367 2391 414 2428 sit
433 2403 547 2429 causa
575 2393 813 2430 removendo
835 2398 852 2414 α
878 2392 1101 2441 prohibens:
1131 2393 1226 2430 sicut
1245 2393 1378 2430 dicitur

78 2447 288 2497 seg-{pamgff
317 2444 355 2482 in
382 2444 470 2481 VIII
498 2446 646 2494 Physic.
662 2446 683 2467 '¹‘
711 2445 815 2494 quod
843 2445 1018 2482 divellens
1045 2446 1280 2492 columnam,
1304 2458 1376 2494 per

150 2490 157 2497 ⁵
177 2502 192 2536 β
217 2490 223 2497 ”
283 2490 289 2497 ’
317 2498 488 2535 accidens
507 2505 632 2536 movet
648 2497 663 2528 β
692 2498 851 2547 lapidem
877 2499 1075 2535 columnae
1091 2499 1374 2547 superpositum.

317 2551 367 2588 Et
388 2551 463 2587 hoc
491 2552 610 2589 modo
637 2559 838 2600 peccatum
865 2550 979 2599 primi
1006 2551 1170 2599 parentis
1190 2559 1245 2588 est
1265 2564 1377 2588 causa

317 2602 449 2640 mortis
465 2611 502 2640 et
520 2605 693 2641 omnium
712 2604 932 2641 huiusmodi
953 2603 1168 2641 defectuum
1187 2604 1225 2641 in
1245 2612 1378 2641 natura

317 2656 500 2704 humana,
521 2657 746 2707 inquantum
766 2669 834 2705 per
852 2664 1051 2705 peccatum
1074 2656 1186 2705 primi
1213 2657 1377 2706 parentis

319 2709 465 2746 sublata
485 2717 540 2746 est
559 2710 748 2757 originalis
767 2709 912 2756 iustitia,
930 2722 998 2758 per
1018 2722 1134 2758 quam
1154 2722 1232 2746 non
1253 2711 1377 2746 solum

318 2760 512 2799 inferiores
533 2762 681 2799 animae
700 2762 800 2799 vires
821 2762 1109 2799 continebantur
1136 2762 1206 2799 sub
1235 2762 1377 2800 ratione

319 2813 462 2863 absque
501 2815 606 2851 omni
643 2814 951 2862 deordinatione,
981 2815 1049 2852 sed
1083 2822 1206 2852 totum
1242 2827 1378 2864 corpus

177 2874 194 2900 Υ
320 2866 581 2904 continebatur
595 2872 611 2894 Υ
631 2867 700 2903 sub
721 2867 847 2904 anima
867 2868 1011 2917 absque
1032 2868 1138 2905 omni
1158 2867 1317 2914 defectu,
1338 2875 1379 2904 ut

80 2926 290 2974 ;Qu·xcv¹¹‚⁸rt·
318 2919 357 2955 in
386 2919 516 2956 Primo
535 2920 555 2942 '¹‘
582 2919 754 2957 habitum
788 2928 852 2957 est.
888 2921 936 2957 Et
964 2920 1063 2968 ideo,
1092 2921 1280 2958 subtracta
1307 2921 1378 2957 hac

91 2968 96 2974 ’
319 2971 488 3020 originali
509 2972 643 3009 iustitia
662 2985 730 3022 per
748 2981 947 3022 peccatum
962 2973 1073 3022 primi
1091 2974 1270 3022 parentis,
1287 2973 1380 3010 sicut

318 3026 514 3062 vulnerata
530 3033 586 3062 est
598 3025 768 3062 humana
786 3034 920 3063 natura
940 3034 1123 3075 quantum
1144 3026 1192 3063 ad
1213 3026 1379 3062 animam

81 3089 96 3097 ·’
117 3088 168 3110 Art-
195 3093 224 3136 ᾗ
251 3093 290 3114 qu·
318 3089 387 3126 per
415 3077 745 3115 deordinationem
773 3078 1043 3127 potentiarum,
1072 3086 1115 3116 ut
1142 3091 1256 3127 supra
1278 3078 1299 3100 '¹‘
1327 3078 1380 3116 di-

79 3119 195 3166 mm'ss
217 3129 224 3135 ”
243 3120 263 3142 ³'
320 3138 422 3167 ctum
453 3138 525 3176 est;
554 3130 604 3167 ita
634 3131 748 3168 etiam
773 3139 828 3168 est
847 3129 860 3152 δ
889 3131 1138 3180 corruptibilis
1159 3131 1293 3168 effecta
1312 3143 1381 3179 per

0 3215 4 3232 ι
320 3183 646 3220 deordinationem
671 3183 786 3232 ipsius
816 3183 995 3232 corporis.

20 1055 22 1058 Ι
69 1028 137 1083 ὶρπ.
145 1033 233 1055 uxxn,
242 1031 284 1050 art.

74 1708 165 1733 ’Ven-
179 1715 210 1732 η.

0 3150 4 3183 Π...
0 3053 8 3121 -ἨἯ,
0 2808 7 3045 εΜγνψ-ψ-ν-
0 2771 3 2796 -Α

374 3308 400 3339 α)
421 3306 588 3332 removendo.
606 3320 623 3323 -
643 3312 779 3330 removens
799 3305 854 3329 PsB
873 3310 898 3329 et
916 3312 942 3329 a.

373 3342 397 3375 β)
419 3345 512 3367 movet.
531 3356 548 3360 -
568 3342 652 3365 irruet
673 3338 928 3372 ACDEFG1Lsp13jv),
949 3339 1038 3363 diruet
1056 3339 1087 3366 Κ,
1107 3339 1191 3363 diruit
1211 3339 1254 3363 ΞΒ.

373 3380 398 3411 γ)
418 3378 465 3402 sed
484 3381 567 3402 totum
593 3383 689 3407 corpus
712 3375 904 3400 continebatur.
922 3388 939 3393 -
958 3374 1004 3398 sed
1023 3374 1103 3398 etiam
1127 3376 1210 3398 totum
1230 3380 1326 3404 corpus
1345 3373 1378 3398 E.

320 3417 403 3438 torum
423 3420 519 3444 corpus
538 3414 568 3440 A,
587 3412 633 3436 sed
653 3412 686 3441 (si
705 3412 734 3441 C)
756 3414 838 3435 totum
858 3417 953 3441 cor-pus
973 3413 1011 3434 est
1031 3409 1099 3433 (erat
1120 3409 1235 3442 HKLsB)
1256 3408 1339 3432 ceteri.

1475 653 1686 690 Subtractio
1716 663 1843 692 autem
1869 657 2057 704 originalis
2091 658 2248 695 iustitiae
2276 659 2391 696 habet
2417 671 2475 697 ra-

1421 704 1565 741 tionem
1600 718 1769 754 poenae,
1808 708 1901 744 sicut
1939 710 2048 746 etiam
2081 711 2284 748 subtractio
2321 711 2471 759 gratiae.

1421 757 1532 794 Unde
1562 758 1674 795 etiam
1703 771 1823 805 morS,
1854 769 1889 796 et
1909 773 2042 798 omnes
2064 763 2230 800 defectus
2259 766 2474 813 corporales

1423 819 1720 858 consequentes,
1759 820 1845 848 sunt
1878 814 2066 860 quaedam
2101 828 2249 863 poenae
2287 817 2474 865 originalis

1421 863 1578 910 peccati.
1609 864 1658 899 Et
1683 864 1858 912 quamvis
1882 865 2101 903 huiusmodi
2122 868 2287 905 defectus
2307 881 2384 906 non
2404 870 2475 907 sint

1422 915 1552 951 intenti
1572 928 1594 951 a
1613 924 1813 964 peccante,
1833 925 1919 954 sunt
1937 925 2065 955 tamen
2085 920 2243 957 ordinati
2263 922 2472 960 secundum

1422 967 1599 1004 iustitiam
1625 968 1696 1005 Dei
1715 969 1915 1016 punientis.

1475 1022 1534 1057 AD
1562 1032 1698 1057 PRlMUM
1726 1033 1823 1058 ERGO
1843 1034 2025 1059 DICENDUM
2045 1025 2149 1071 quod
2168 1025 2371 1073 aequalitas
2391 1040 2476 1064 cau-

1423 1085 1487 1109 sae
1506 1078 1518 1094 ⁵
1546 1085 1613 1122 per
1633 1086 1684 1120 se,
1706 1082 1834 1110 causat
1852 1075 2051 1123 aequalem
2073 1076 2271 1114 effectum:
2299 1091 2478 1126 augmen-

1422 1133 1497 1162 tata
1526 1126 1624 1163 enim
1653 1127 1715 1163 vel
1745 1126 1928 1163 diminuta
1953 1140 2064 1165 causa
2083 1141 2152 1177 per
2170 1142 2222 1177 se,
2244 1138 2399 1178 augetur
2417 1133 2478 1168 vel

1423 1178 1642 1215 diminuitur
1666 1179 1832 1215 effectus.
1864 1180 1940 1216 Sed
1969 1181 2171 1228 aequalitas
2201 1195 2335 1219 causae
2355 1196 2479 1220 remo—

1423 1231 1545 1268 ventis
1572 1231 1791 1280 prohibens,
1812 1244 1890 1268 non
1916 1234 2078 1271 ostendit
2106 1235 2370 1283 aequalitatem
2390 1237 2479 1273 effe-

1425 1292 1565 1320 ctuum.
1589 1284 1628 1320 Si
1647 1284 1729 1332 quis
1745 1284 1847 1321 enim
1867 1285 2015 1334 aequali
2034 1286 2197 1335 impulsu
2217 1288 2367 1325 divellat
2387 1289 2480 1326 duas

1425 1338 1634 1384 columnas,
1664 1349 1742 1374 non
1770 1337 1936 1385 sequitur
1957 1340 2060 1386 quod
2084 1339 2227 1388 lapides
2255 1342 2481 1390 superpositi

1425 1390 1629 1438 aequaliter
1646 1397 1889 1426 moveantur:
1915 1391 1982 1427 sed
2002 1390 2060 1427 ille
2075 1392 2245 1429 velocius
2264 1394 2481 1431 movebitur

1426 1442 1490 1491 qui
1505 1442 1655 1490 gravior
1671 1442 1738 1478 erit
1752 1442 1964 1479 seeundum
1979 1443 2248 1491 proprietatem
2264 1458 2354 1482 suae
2373 1455 2478 1483 natu-

1427 1507 1500 1541 rae,
1523 1494 1581 1530 cui
1602 1494 1822 1542 relinquitur
1846 1502 1993 1532 remoto
2014 1497 2248 1544 prohibente.
2280 1498 2342 1534 Sic
2359 1498 2480 1546 igitur,

1427 1555 1572 1584 remota
1601 1547 1768 1594 originali
1796 1547 1944 1594 iustitia,
1974 1556 2107 1585 natura
2129 1550 2296 1598 corporis
2324 1551 2481 1588 humani

1427 1601 1552 1636 relicta
1568 1607 1623 1636 est
1637 1599 1722 1636 sibi:
1744 1607 1780 1636 et
1798 1600 2009 1637 secundum
2028 1601 2114 1649 hoc,
2134 1602 2345 1639 secundum
2361 1603 2482 1640 diver—

1427 1653 1574 1689 sitatem
1603 1652 1780 1689 naturalis
1814 1653 2101 1701 complexionis,
2131 1656 2373 1702 quorundam
2402 1669 2481 1693 cor-

1426 1718 1520 1754 pora
1549 1705 1718 1753 pluribus
1752 1705 1958 1742 defectibus
1992 1706 2206 1754 subiacent,
2242 1709 2481 1756 quorundam

1427 1771 1519 1795 vero
1540 1758 1794 1806 paucioribus,
1816 1758 1991 1806 quamvis
2011 1759 2190 1796 existente
2211 1761 2377 1808 originali
2396 1774 2482 1810 pec-

1429 1819 1511 1848 cato
1542 1811 1701 1859 aequali.

1480 1866 1539 1900 AD
1559 1875 1747 1900 SECUNDUM
1767 1875 1950 1900 mCENDUM
1979 1864 2083 1912 quod
2112 1865 2221 1913 culpa
2241 1865 2428 1913 originalis
2449 1875 2484 1903 et

1429 1916 1582 1953 actualis
1602 1922 1819 1952 removetur
1848 1916 1895 1952 ab
1919 1916 2055 1952 eodem
2076 1929 2097 1953 a
2118 1929 2193 1966 quo
2222 1918 2334 1954 etiam
2363 1931 2484 1956 remo-

1428 1977 1564 2006 ventur
1601 1976 1636 2004 et
1672 1968 1890 2005 huiusmodi
1928 1969 2115 2015 defectus,
2151 1971 2360 2007 secundum
2395 1972 2484 2008 illud

1428 2021 1612 2070 Apostoli,
1633 2022 1744 2057 Rom.
1764 2033 1824 2057 vin
1844 2021 1879 2057 *τ
1906 2021 2115 2068 Vivificabit
2132 2023 2305 2060 mortalia
2325 2036 2484 2072 corpora

1428 2081 1550 2111 vestra
1578 2086 1650 2121 per
1682 2074 1947 2110 inhahitantem
1981 2075 2158 2122 Spiritum
2193 2076 2270 2112 eius
2299 2077 2335 2112 in
2363 2078 2484 2114 vohis:

1429 2128 1495 2164 sed
1523 2134 1727 2175 utrumque
1755 2126 1798 2163 fit
1826 2127 2035 2163 secundum
2059 2127 2232 2164 ordinem
2259 2128 2408 2166 divinae
2429 2142 2485 2166 sa-

1428 2180 1602 2229 pientiae,
1620 2191 1787 2226 congruo
1807 2186 1990 2227 tempore.
2014 2180 2174 2227 Oportet
2193 2181 2293 2217 enim
2314 2182 2419 2230 quod
2438 2184 2485 2220 ad

1428 2231 1750 2270 immortalitatem
1779 2239 1815 2268 et
1842 2231 2177 2280 impassibilitatem
2206 2233 2356 2280 gloriae,
2387 2247 2485 2282 quae

1430 2286 1467 2322 in
1497 2285 1645 2322 Christo
1679 2284 1854 2320 inchoata
1883 2292 1957 2331 est,
1989 2292 2024 2321 et
2051 2297 2119 2334 per
2151 2286 2342 2323 Christum
2376 2287 2485 2324 nobis

1431 2338 1630 2387 acquisita,
1658 2337 1928 2385 perveniamus
1957 2337 2181 2374 conformati
2207 2339 2310 2387 prius
2343 2340 2486 2387 passio-

1430 2391 1541 2428 nibus
1570 2390 1661 2426 eius.
1691 2389 1802 2426 Unde
1832 2397 1981 2438 oportet
2001 2385 2107 2438 quoii
2126 2391 2174 2427 ad
2193 2399 2343 2440 tempus
2371 2393 2486 2440 passi-

1431 2444 1551 2480 bilitas
1575 2442 1586 2467 ζ
1615 2442 1653 2478 in
1682 2441 1816 2478 nostris
1853 2442 2075 2490 corporibus
2103 2451 2312 2491 remaneat,
2342 2445 2390 2481 ad
2418 2445 2485 2481 im-

1430 2495 1711 2545 passibilitatem
1745 2494 1884 2542 gloriae
1916 2495 2212 2543 promerendam
2246 2497 2486 2534 conformiter

1433 2549 1592 2586 Christo.

1483 2604 1541 2638 AD
1570 2612 1728 2637 TERTuJM
1757 2611 1939 2638 DlCENDUM
1968 2601 2072 2648 quod
2100 2600 2139 2638 in
2166 2610 2322 2650 peccato
2352 2602 2483 2638 actuali

1432 2655 1507 2691 duo
1545 2665 1750 2702 possumus
1784 2652 2043 2690 considerare:
2077 2654 2214 2690 scilicet
2245 2654 2366 2702 ipsam
2399 2655 2484 2691 sub-

1432 2707 1606 2744 stantiam
1640 2713 1764 2752 actus,
1800 2712 1835 2741 et
1868 2705 2051 2742 rationem
2081 2707 2211 2754 culpae
2231 2706 2260 2743 ³³².
2296 2708 2352 2742 Ex
2379 2715 2483 2755 parte

1432 2760 1587 2808 quidem
1608 2757 1836 2795 substantiae
1856 2766 1972 2805 actus,
1987 2766 2110 2806 potest
2124 2766 2319 2807 peccatum
2341 2760 2484 2796 actuale

1432 2812 1597 2860 aliquem
1626 2811 1814 2847 defectum
1845 2811 2080 2859 corporalem
2115 2824 2285 2847 causare:
2315 2811 2409 2848 sicut
2441 2825 2484 2849 ex

1433 2865 1625 2913 superfluo
1660 2863 1744 2900 cibo
1778 2862 1890 2911 aliqui
1923 2862 2161 2900 infirmantur
2194 2872 2228 2900 et
2261 2864 2482 2901 moriuntur.

1434 2918 1509 2954 Sed
1537 2929 1580 2953 ex
1600 2923 1704 2965 parte
1735 2916 1888 2964 culpae,
1917 2916 2039 2963 privat
2066 2916 2221 2963 gratiam
2250 2929 2344 2964 quae
2374 2917 2483 2954 datur

1432 2970 1577 3007 homini
1607 2969 1655 3006 ad
1683 2968 1968 3005 rectificandum
1997 2968 2145 3005 animae
2174 2976 2289 3015 actus,
2319 2981 2396 3005 non
2421 2982 2485 3006 au-

1432 3030 1509 3060 tern
1544 3022 1592 3059 ad
1622 3021 1877 3058 cohibendum
1917 3020 2082 3057 defectus
2120 3022 2354 3069 corporales,
2393 3022 2487 3059 sicut

1433 3074 1620 3123 originalis
1658 3073 1792 3110 iustitia
1829 3072 2039 3110 cohibebat.
2078 3074 2125 3110 Et
2162 3073 2247 3110 ideo
2285 3082 2485 3122 peccatum

1433 3129 1577 3165 actuale
1598 3139 1675 3163 non
1696 3133 1822 3162 causat
1849 3125 2066 3162 huiusmodi
2093 3126 2271 3174 defectus,
2301 3126 2394 3163 sicut
2413 3127 2485 3164 ori-

1433 3181 1563 3229 ginale.

1486 3301 1509 3333 ὃ)
1529 3305 1576 3326 est.
1588 3314 1606 3318 -
1621 3301 1697 3324 Ιῑοηιο
1712 3303 1750 3323 est
1769 3300 1805 3329 K,
1825 3307 1871 3331 pro
1885 3299 1983 3331 effecta,
1997 3299 2102 3331 effectus
2120 3300 2352 3332 ACDEFGKpBH,
2367 3302 2484 3334 effectum

1433 3335 1666 3368 L;potent1·arum
1737 3334 1962 3358 deordinationem
1982 3341 2035 3359 orn.
2055 3334 2073 3358 1.

1486 3371 1508 3399 ε)
1527 3377 1630 3395 causae.
1648 3383 1667 3388 —
1684 3370 1788 3394 animae
1808 3368 1989 3400 ACDFGIp133
2008 3377 2104 3395 causae
2120 3377 2170 3401 per
2187 3377 2214 3395 se
2233 3378 2286 3395 om.
2306 3371 2336 3395 Κ.

1486 3405 1510 3436 ζ)
1527 3405 1698 3436 passibilitas.
1717 3418 1734 3423 —
1754 3405 1808 3429 eius
1823 3404 1986 3435 passibilitas
2006 3404 2052 3428 Pa.

2512 2046 2519 2052 ·
2536 2043 2601 2065 Vers.
2617 2050 2642 2065 11.

2511 2723 2521 2732 ⁸
2535 2722 2562 2743 D.
2578 2723 2628 2750 987.
