2840 4010
79 693 108 720 11,
123 697 175 720 cap.
189 697 212 713 x.

82 948 92 959 ·
107 946 166 975 cap.
179 952 214 969 m.

84 1404 208 1434 (nr-u.
215 1405 256 1428 ub.
265 1405 296 1432 11,

130 1447 138 1454 .
157 1437 184 1459 ι;
209 1431 252 1454 ub.
265 1431 297 1460 v,

952 176 1216 222 QUAESTIO
1246 177 1362 222 XCV,
1391 176 1687 214 ARTICULUS
1716 176 1779 223 111,
1809 176 1861 213 IV

2425 189 2494 226 177

1113 309 1429 352 ARTICULUS
1458 310 1686 353 TERTIUS

551 411 707 442 UTRUM
731 410 926 443 lsmoaus
950 409 1290 442 CONVENIENTER
1314 409 1602 446 QUALITATEM
1626 411 1749 443 LEGis
1773 411 2000 443 POSITIVAE
2024 411 2264 443 DESCRlBAT

406 517 415 530 ν
502 521 507 528 ι
530 512 553 537 D
572 512 732 538 Teanum
750 512 804 537 src
828 509 1067 536 PRocum‘rUR.
1096 496 1256 534 Videtur
1275 497 1381 545 quod

458 551 509 596 ζ’”““·
534 553 700 590 Isidorus
723 550 1034 590 inconvenienter
1052 549 1271 597 qualitatem
1291 549 1382 596 legis

321 724 418 757 ram,
447 711 651 749 secundum
678 706 982 747 consuetudinem
1008 709 1166 757 patriae,
1193 708 1273 744 loco
1293 713 1383 744 tem-

314 765 477 814 porique
503 763 747 808 convenkns,
776 762 1007 807 necessaria,
1039 761 1156 806 utilis,·
1182 761 1382 808 manifesta

321 828 480 866 quoque,
499 829 547 865 ne
567 815 711 863 aliquid
730 826 804 863 per
821 815 1083 851 obscuritatem
1112 815 1149 851 in
1173 814 1382 862 captionem

321 870 525 915 contineat;
542 867 653 917 *nullo
675 867 828 916 privato
856 867 1067 913 commodo,
1093 867 1160 904 sed
1179 877 1254 915 pro
1283 877 1384 902 com-

321 922 430 960 muni
456 921 609 959 utilitate
640 918 813 957 civiumss
839 921 990 968 scripta.
1020 921 1145 968 Supra
1165 920 1185 940 *
1213 918 1316 962 enim
1344 918 1383 955 in

321 974 440 1024 tribus
467 973 750 1021 conditionibus
770 974 987 1021 qualitatem
1007 973 1098 1020 legis
1118 971 1383 1021 explicaverat,

323 1026 470 1074 dicens:
499 1027 584 1064 Lex
615 1027 687 1063 erit
718 1039 830 1063 omne
862 1027 963 1075 quod
994 1026 1139 1062 ratione
1165 1024 1383 1072 constiterit,

322 1080 523 1119 dumtaxat
547 1080 648 1127 quod
674 1079 851 1129 religioni
877 1083 1075 1128 congruat,
1105 1077 1206 1126 quod
1226 1077 1385 1125 discipli-

323 1144 396 1171 nae
422 1132 631 1179 conveniat,
661 1133 762 1181 quod
787 1132 900 1169 saluti
915 1131 1103 1181 proficiat.
1133 1131 1234 1178 Ergo
1255 1141 1384 1178 super-

322 1185 402 1224 flue
426 1185 678 1234 postmodum
708 1185 945 1222 conditiones
972 1185 1063 1232 legis
1090 1182 1323 1232 multiplicat.

328 1239 685 1286 JQPRAETEREA,
713 1238 852 1275 iustitia
882 1250 969 1286 pars
1003 1244 1058 1274 est
1089 1235 1316 1281 honestatis;
1346 1243 1388 1272 ut

325 1291 472 1339 Tullius
502 1291 603 1338 dicit,
630 1291 668 1328 in
698 1291 778 1328 Ide
801 1291 908 1340 Offic.
929 1290 949 1312 *
975 1291 1078 1338 Ergo
1105 1296 1311 1338 postquam
1332 1288 1386 1325 di-

324 1351 430 1382 xerat
457 1345 622 1391 honesta,
653 1344 844 1392 superflue
873 1343 1021 1381 additur
1048 1342 1155 1380 iusta.

380 1398 416 1435 3.
431 1398 665 1443 Pmamm,
681 1397 740 1433 lex
754 1397 903 1445 scripta,
920 1395 1131 1433 secundum
1151 1393 1340 1432 Isidorum
1355 1394 1386 1442 ²⁸,

327 1457 459 1488 contra
479 1449 795 1487 consuetudinem
820 1449 1009 1486 dividitur.
1038 1449 1129 1486 Non
1149 1459 1238 1496 ergo
1258 1447 1389 1484 debuit

325 1503 366 1542 in
381 1502 602 1540 definitione
621 1502 712 1550 legis
730 1502 823 1551 poni
837 1502 943 1550 quod
964 1508 1062 1539 esset
1078 1501 1282 1538 secundum
1301 1512 1389 1537 con-

284 1591 285 1595 ,
324 1555 555 1594 suetudinem
579 1556 739 1603 patriae.

93 3145 304 3191 -Eernw1.,1ib'.V‚
350 3158 353 3162 ·
368 3143 370 3147 ¹
382 3155 397 3161 ''

93 3194 145 3217 οιρ.
159 3193 184 3210 π
197 3193 249 3216 sqq.

92 3265 106 3278 ⁵
117 3265 175 3294 Cap.
188 3271 221 3288 vr.

378 1620 416 1656 4.
445 1609 687 1656 PRAETEREA,
718 1608 986 1645 Necessarium
1017 1606 1211 1656 dupliciter
1242 1605 1387 1643 dicitur.

327 1660 476 1708 Scilicet
503 1661 542 1699 id
562 1662 666 1710 quod
687 1669 743 1698 est
762 1661 1016 1698 necessarium
1036 1659 1264 1708 simpliciter,
1284 1659 1388 1707 quod

325 1713 561 1763 impossibile
590 1722 645 1751 est
664 1715 769 1752 aliter
788 1726 828 1750 se
848 1715 1006 1751 habere:
1027 1720 1068 1750 ret
1085 1711 1304 1758 huiusmodi
1324 1724 1389 1749 ne-

327 1766 534 1804 cessarium
570 1779 650 1804 non
680 1767 852 1804 subiacet
883 1767 1053 1803 humano
1090 1765 1250 1803 iudicio:
1283 1765 1387 1802 unde

326 1820 410 1859 talis
437 1820 640 1857 necessitas
668 1820 717 1857 ad
745 1820 867 1867 legem
887 1820 1098 1856 humanam
1117 1830 1196 1856 non
1213 1817 1386 1867 pertinet.

327 1874 397 1911 Est
424 1872 538 1910 etiam
566 1872 706 1921 aliquid
734 1872 990 1910 necessarium
1009 1878 1164 1921 propter
1181 1871 1322 1908 finem:
1352 1878 1389 1908 et

326 1926 415 1973 talis*
438 1925 641 1963 necessitas
669 1925 774 1977 idem
803 1933 858 1962 est
885 1926 990 1974 quod
1017 1924 1165 1964 utilitas.
1193 1924 1297 1972 Ergo
1326 1937 1387 1961 su—

326 1979 474 2028 perflue
501 1986 706 2028 utrumque
734 1978 897 2027 ponitur,
924 1978 1133 2014 necessaria
1161 1983 1198 2014 et
1225 1977 1333 2014 utilis.

381 2033 458 2070 SED
485 2043 632 2068 CONTRA
659 2043 726 2068 EST
753 2031 955 2078 auctoritas
983 2030 1100 2079 ipsius
1129 2029 1273 2068 Isidori.

380 2086 608 2122 REsponnEo
639 2095 825 2121 DiCENDUM
861 2083 966 2133 quod
1002 2082 1298 2132 uniuscuiusque
1335 2082 1389 2119 rei

327 2149 427 2186 quae
455 2145 512 2174 est
537 2144 693 2186 propter
719 2137 851 2184 finem,
881 2149 1036 2174 necesse
1064 2143 1120 2174 est
1141 2136 1247 2185 quod
1266 2136 1390 2173 forma

329 2190 602 2229 determinetur
629 2190 841 2228 secundum
869 2189 1157 2238 proportionem
1177 2189 1226 2226 ad
1245 2189 1386 2235 finem;

329 2243 426 2281 sicut
457 2244 582 2280 forma
613 2254 738 2280 serrae
771 2243 853 2279 talis
882 2250 938 2279 est
971 2242 1093 2291 qualis
1125 2242 1305 2280 convenit
1332 2255 1389 2279 se-

226 2316 247 2349 g
329 2296 461 2343 ctioni3
490 2303 534 2333 ut
558 2303 662 2345 patet
693 2296 731 2332 in
765 2297 796 2332 11
824 2296 973 2344 Physic.
993 2295 1013 2317 '¹‘
1042 2294 1244 2342 Quaelibet
1275 2295 1389 2332 etiam

329 2361 389 2387 res
417 2356 519 2386 recta
547 2356 583 2387 et
610 2356 829 2386 mensurata
857 2355 1006 2396 oportet
1032 2348 1138 2396 quod
1159 2348 1298 2386 habeat
1316 2348 1391 2385 for-⁴

329 2414 434 2439 mam
461 2401 787 2451 proportionalem
800 2406 816 2429 Υ
835 2414 926 2438 suae
951 2401 1100 2448 regulae
1119 2407 1161 2439 et,
1173 2413 1389 2439 mensurae.

232 2485 241 2494 .
330 2456 410 2492 Lex
429 2462 557 2493 autem
584 2455 755 2492 humana
781 2462 987 2502 utrumque
1010 2453 1142 2498 habet:
1171 2454 1260 2503 quia
1280 2461 1316 2491 et
1335 2461 1391 2490 est

330 2508 472 2556 aliquid
500 2507 714 2545 ordinatum
736 2507 784 2544 ad
812 2507 949 2553 finem;
981 2514 1016 2543 et
1040 2514 1096 2543 est
1119 2507 1307 2556 quaedam
1333 2520 1389 2544 re-

383 2612 411 2644 a)
426 2611 567 2644 positiuae.
585 2625 604 2630 -
616 2611 759 2643 ponendae
777 2611 1046 2644 ABCDEFGIKLpI-I.

384 2646 409 2680 β)
428 2647 534 2672 civium.
552 2661 571 2666 —
589 2646 706 2672 omnium
726 2646 837 2671 codices.

1437 500 1524 545 gula
1550 500 1612 536 vel
1650 512 1830 537 mensura
1859 501 2026 548 regulata
2061 501 2124 538 vel
2150 507 2369 538 mensurata
2406 513 2498 550 qua-

1439 551 1527 587 dam
1548 551 1732 600 superiori
1753 565 1953 599 mensura3
1975 566 2072 601 quae
2094 554 2251 602 quidem
2273 561 2327 590 est
2347 552 2496 602 duplex,

1437 603 1576 640 scilicet
1603 606 1662 641 lex
1683 605 1810 642 divina
1830 614 1866 642 et
1885 607 1943 642 lex
1963 614 2117 643 naturae
2131 606 2162 653 ⁹¹⁶,
2183 614 2224 643 ut
2256 618 2302 642 ex
2329 605 2498 654 supradi-

1439 656 1504 692 ctis
1518 656 1538 677 '¹‘
1555 664 1669 705 patet.
1693 658 1793 694 Finis
1813 666 1940 695 autem
1960 659 2152 695 humanae
2177 658 2267 707 legis
2288 666 2344 695 est
2362 658 2498 696 utilitas

1438 708 1659 754 hominum;
1686 710 1780 747 sicut
1800 710 1913 747 etiam
1934 711 2169 760 Iurisperitus
2184 711 2204 733 '¹‘
2224 711 2322 749 dicit.
2344 712 2393 748 Et
2410 711 2497 748 ideo

1439 761 1604 798 Isidorus
1634 762 1671 799 in
1700 763 1915 799 conditione
1948 764 2056 811 legis,
2086 764 2210 812 primo
2241 764 2396 813 quidem
2430 763 2498 801 tria

1437 814 1579 862 posuit:
1603 814 1741 851 scilicet
1756 816 1860 864 quod
1875 816 2050 866 religioni
2063 822 2260 866 congruat,
2272 817 2498 866 inquantum

1439 867 1578 903 scilicet
1607 875 1662 903 est
1694 868 1980 916 proportionata
2012 869 2083 916 legi
2113 869 2284 915 divinae;
2314 869 2418 918 quod
2445 870 2498 906 di-

1438 920 1617 968 sciplinae
1644 921 1860 967 conveniat,
1890 921 2113 969 inquantum
2136 930 2190 958 est
2213 922 2498 970 proportionata

1439 972 1510 1020 legi
1534 980 1711 1018 naturae;
1742 973 1848 1020 quod
1866 973 1978 1010 saluti
1989 974 2178 1022 proficiat,
2198 974 2423 1022 inquantum
2445 982 2499 1011 est

1439 1025 1726 1074 proportionata
1754 1026 1897 1062 utilitati
1925 1026 2133 1063 humanae.

1494 1079 1542 1114 Et
1569 1078 1619 1115 ad
1645 1078 1742 1114 haec
1759 1078 1829 1115 tria
1854 1091 1989 1115 omnes
2017 1079 2111 1115 aliae
2141 1078 2376 1115 conditiones
2405 1091 2498 1127 quas

1439 1138 1573 1179 postea
1600 1131 1725 1180 ponit,
1755 1131 1997 1168 reducuntur.
2024 1132 2126 1168 Nam
2148 1132 2250 1179 quod
2277 1130 2410 1168 dicitur
2434 1132 2499 1168 ho-

1441 1190 1561 1230 nesta,
1582 1185 1740 1221 refertur
1767 1184 1816 1222 ad
1839 1185 1913 1221 hoc
1941 1186 2045 1232 quod
2065 1184 2233 1232 religioni
2261 1191 2453 1231 congruat.
2474 1205 2498 1212 -

1443 1237 1560 1283 Quod
1588 1244 1716 1273 autem
1745 1237 1928 1284 subditur,
1954 1238 2064 1282 iusta,
2086 1237 2272 1285 possibilis
2295 1236 2499 1274 secundum

1442 1295 1630 1336 naturam,
1658 1291 1861 1326 secundum
1891 1290 2192 1326 consuetudinem
2222 1290 2387 1337 patriae,
2416 1289 2497 1326 Ioco

1441 1344 1671 1391 temporique
1694 1344 1928 1389 conveniens,
1948 1342 2096 1379 additur
2120 1342 2168 1379 ad
2186 1343 2261 1379 hoc
2280 1341 2384 1390 quod
2409 1354 2501 1378 eon-

1441 1396 1570 1433 veniat
1591 1395 1820 1444 disciplinae.
1840 1395 2054 1432 Attenditur
2074 1395 2176 1432 enim
2195 1395 2364 1431 humana
2392 1393 2500 1431 disci-

1442 1449 1544 1497 plina
1571 1448 1739 1497 primum
1767 1448 1924 1497 quidem
1953 1455 2138 1495 quantum
2167 1447 2216 1484 ad
2244 1447 2416 1484 ordinem
2443 1459 2500 1483 ra-

1442 1502 1566 1548 tionis,
1597 1501 1661 1550 qui
1688 1501 1913 1549 importatur
1940 1500 1978 1537 in
2006 1501 2080 1537 hoc
2108 1500 2213 1548 quod
2237 1499 2368 1536 dicitur
2391 1499 2498 1536 iusta.

1445 1555 1636 1601 Secundo,
1652 1561 1837 1602 quantum
1858 1554 1906 1590 ad
1925 1553 2139 1589 facultatem
2159 1552 2360 1599 agentium.
2377 1552 2501 1588 Debet

1445 1607 1546 1644 enim
1571 1619 1653 1644 esse
1674 1606 1867 1655 disciplina
1887 1605 2119 1642 conveniens
2145 1604 2350 1653 unicuique
2369 1617 2501 1641 secun-

1445 1661 1537 1698 dum
1557 1672 1666 1696 suam
1685 1658 1986 1708 possibilitatem,
2016 1659 2217 1695 observata
2245 1657 2358 1694 etiam
2382 1655 2501 1705 possi-

1443 1713 1582 1750 bilitate
1602 1720 1757 1749 naturae
1778 1714 1871 1759 (non
1891 1711 1991 1748 enim
2012 1711 2147 1747 eadem
2167 1718 2253 1747 sunt
2266 1709 2501 1758 imponenda

1441 1766 1581 1815 pueris,
1602 1778 1701 1814 quae
1718 1765 1965 1814 imponuntur
1982 1763 2073 1800 viris
2091 1763 2294 1812 perfectis);
2315 1770 2349 1799 et
2370 1775 2502 1799 secun-

1444 1819 1536 1856 dum
1565 1820 1775 1855 humanam
1796 1816 2130 1862 consuetudinem;
2159 1828 2237 1865 non
2257 1814 2358 1852 enim
2377 1822 2502 1863 potest

1441 1872 1561 1909 homo
1581 1872 1685 1908 solus
1708 1871 1746 1908 in
1765 1870 1943 1907 societate
1962 1869 2104 1915 vivere,
2126 1868 2205 1905 aliis
2223 1866 2236 1889 δ
2256 1880 2405 1904 morem
2424 1879 2503 1904 non

1442 1937 1587 1972 gerens.
1604 1923 1747 1970 Tertio,
1765 1930 1950 1972 quantum
1965 1922 2014 1959 ad
2034 1921 2178 1959 debitas
2195 1920 2501 1966 circumstantias,

1444 1978 1548 2023 dicit,
1578 1977 1659 2014 loco
1687 1976 1918 2025 temporique
1949 1974 2182 2012 conveniens
2213 1995 2236 2001 -
2253 1972 2381 2026 NQuod
2408 1985 2501 2010 vero

1444 2030 1625 2077 subditur,
1656 2029 1882 2075 necessaria,
1912 2028 2025 2073 utilis,
2057 2035 2139 2074 ete„
2169 2027 2325 2063 refertur
2352 2025 2401 2063 ad
2427 2026 2503 2062 hoc

1443 2083 1548 2131 quod
1582 2082 1756 2131 expediat
1784 2081 1909 2119 saluti:
1943 2089 1986 2118 ut
2013 2080 2214 2117 necessitas
2246 2079 2427 2116 referatur
2455 2078 2504 2115 ad

1442 2136 1694 2173 remotionem
1718 2135 1926 2180 malorum;
1955 2134 2103 2180 utilitas,
2124 2133 2172 2169 ad
2195 2131 2504 2169 consecutionem

1442 2190 1651 2234 bonorum;
1679 2187 1930 2225 manifestatio
1951 2199 2059 2233 vero,
2081 2186 2129 2222 ad
2149 2185 2364 2223 cavendum
2388 2196 2504 2221 nocu-

1444 2250 1615 2279 mentum
1635 2241 1741 2291 quod
1761 2253 1806 2278 ex
1825 2241 1906 2289 ipsa
1923 2241 2007 2288 lege
2029 2246 2159 2288 posset
2177 2237 2391 2287 provenire.
2412 2258 2435 2264 -
2455 2237 2506 2273 Et

1444 2296 1544 2344 quia,
1575 2295 1668 2332 sicut
1699 2306 1814 2343 supra
1831 2294 1852 2314 '¹‘
1881 2293 2023 2330 dictum
2053 2299 2119 2338 est,
2149 2292 2208 2328 lex
2236 2289 2429 2327 ordinatur
2457 2289 2504 2327 ad

1445 2349 1590 2385 bonum
1620 2359 1838 2393 commune,
1867 2347 1943 2383 hoc
1961 2346 2094 2397 ipsum
2107 2345 2146 2381 in
2164 2344 2297 2381 ultima
2315 2350 2420 2392 parte
2441 2343 2504 2380 de—

1445 2400 1716 2445 terminationis
1744 2399 1965 2437 ostenditur.

1499 2455 1548 2491 Et
1574 2466 1644 2502 per
1670 2454 1746 2490 hoc
1772 2459 1876 2501 patet
1903 2451 2101 2500 responsio
2130 2449 2179 2487 ad
2208 2449 2366 2487 obiecta.

1499 2610 1526 2643 γ)
1539 2610 1779 2642 proportionalem.
1798 2623 1815 2628 -—
1829 2608 2064 2641 proportionatam
2084 2608 2131 2632 Pa.

1499 2645 1523 2678 ὃ)
1543 2645 1612 2670 aliis.
1630 2659 1649 2664 —
1667 2645 1781 2670 aliorum
1801 2644 1848 2670 Pa.

1110 2790 1425 2840 ARTICULUS
1456 2790 1728 2841 QUARTUS

590 2884 747 2916 UTRUM
770 2884 964 2916 ISIDORUS
983 2884 1322 2916 CONVENIENTER
1345 2885 1493 2916 PONAT
1516 2883 1766 2915 DIVISIONEM
1789 2882 2071 2914 HUMANARUM
2094 2881 2243 2911 LEGUM

1210 2977 1213 2980 ’
1283 2965 1307 2990 V
1327 2963 1422 2993 ahie„
1442 2964 1499 2988 lect.
1513 2971 1556 2987 xn.

370 3066 429 3108 ᾗ)
449 3071 521 3116 ³513<
542 3063 566 3089 D
586 3062 758 3094 QUARTUM
776 3062 830 3089 stc
849 3063 1088 3090 nocam-mn.
1109 3051 1270 3089 Videtur
1285 3051 1391 3100 quod

365 3104 856 3161 „juzinconvenienter
885 3105 1050 3142 Isidorus
1080 3104 1306 3142 divisionem
1338 3105 1394 3141 le-

354 3158 426 3211 ft,
449 3171 472 3208 5
494 3160 514 3194 6
543 3168 635 3206 gum
654 3158 910 3194 humanarum
930 3165 1048 3206 ponat
1060 3156 1093 3204 ³⁸,
1114 3156 1194 3194 sive
1213 3157 1302 3194 iuris
1322 3157 1392 3194 hu-

388 3182 488 3237 4⁸⁸³)
503 3199 660 3247 mani.
691 3209 770 3247 Sub
789 3211 865 3247 hoc
885 3210 986 3247 enim
1005 3209 1085 3247 iure
1105 3209 1394 3258 comprehendit

333 3264 390 3301 ius
398 3264 580 3314 gentium,
592 3263 696 3312 quod
711 3263 799 3300 ideo
810 3263 864 3300 sic
878 3262 1107 3309 nominatur,
1118 3270 1160 3299 ut
1173 3261 1254 3311 ipse
1264 3262 1353 3300 dicit
1359 3263 1391 3310 ²³⁸,

333 3317 423 3376 quia
438 3328 484 3353 eo
505 3328 634 3353 omnes
649 3317 741 3364 fere
758 3321 888 3365 gentes
907 3321 1072 3352 utuntur.
1103 3315 1180 3352 Sed
1198 3315 1294 3352 sicut
1311 3315 1392 3364 ipse

334 3369 469 3417 d1·cit·,
486 3370 544 3407 ius
562 3369 735 3407 naturale
753 3374 806 3405 est
823 3369 924 3417 quod
941 3373 996 3405 est
1011 3379 1210 3405 commune
1223 3369 1391 3405 omnium

333 3423 539 3468 nationum.
570 3423 672 3471 Ergo
702 3422 759 3459 ius
787 3421 955 3469 gentium
985 3433 1064 3458 non
1084 3421 1296 3458 continetur
1323 3421 1393 3457 sub

333 3474 415 3513 iure
431 3474 597 3524 positivo
617 3475 801 3522 humano,
817 3474 884 3512 sed
905 3474 1024 3522 magis
1040 3473 1110 3511 sub
1126 3473 1205 3511 iure
1221 3472 1390 3512 naturali.

475 3547 584 3572 Summa
603 3547 704 3571 Tuaor..
724 3547 754 3571 D.
773 3546 887 3571 Tamus
906 3545 938 3570 T.
957 3546 999 3570 IV.

1501 3063 1536 3087 2.
1566 3051 1804 3096 PRAE'OEREA,
1836 3061 1879 3085 ea
1907 3060 2003 3097 quae
2036 3047 2179 3084 habent
2212 3046 2374 3083 eandem
2402 3046 2504 3094 vim,

1446 3116 1524 3141 non
1552 3103 1730 3140 videntur
1757 3101 1963 3138 formaliter
1992 3100 2152 3146 differre,
2182 3099 2248 3136 sed
2278 3100 2402 3136 solum
2426 3111 2506 3136 ma-

1446 3156 1631 3193 terialiter.
1663 3155 1739 3192 Sed
1768 3155 1879 3204 leges,
1895 3153 2100 3202 plebiscita,
2119 3151 2448 3199 senatusconsulta,
2470 3159 2507 3189 et

1447 3210 1519 3246 alia
1545 3207 1764 3245 huiusmodi
1792 3218 1890 3255 quae
1920 3206 2026 3255 ponit
2042 3205 2074 3253 *‚
2104 3204 2235 3242 omnia
2256 3205 2398 3242 habent
2418 3217 2506 3242 ean-

1448 3262 1537 3299 dem
1565 3261 1657 3298 vim.
1688 3261 1789 3307 Ergo
1818 3259 1968 3296 videtur
1995 3258 2100 3307 quod
2128 3270 2206 3295 non
2235 3257 2410 3296 differant
2435 3258 2505 3295 nisi

1448 3313 1697 3351 materialiter.
1738 3312 1815 3350 Sed
1843 3312 1924 3348 talis
1957 3311 2143 3348 distinctio
2171 3311 2210 3348 in
2238 3318 2316 3348 arte
2344 3323 2422 3348 non
2451 3319 2507 3348 est

1448 3367 1631 3404 curanda:
1653 3377 1739 3402 cum
1767 3365 1886 3414 possit
1913 3376 1994 3401 esse
2022 3364 2061 3401 in
2089 3363 2292 3401 infinitum.
2322 3364 2423 3412 Ergo
2452 3363 2506 3400 in-

1448 3418 1720 3456 convenienter
1753 3417 1972 3456 huiusmodi
2007 3416 2143 3455 divisio
2173 3418 2427 3454 humanarum
2456 3417 2506 3453 le-

1447 3485 1538 3521 gum
1566 3471 1824 3509 introducitur.

2332 3540 2363 3564 23

2524 616 2535 627 ⁸
2550 615 2579 637 D.
2594 616 2634 638 811.

2526 664 2535 673 ·
2550 663 2602 685 Art.
2617 664 2734 690 praecem

2525 695 2642 738 fluam?
2648 694 2700 744 r·
2707 696 2736 738 3.-

2524 742 2614 790 ssgffg'et
2622 733 2736 764 Sena’tus-

2531 2298 2542 2308 ⁸
2553 2298 2599 2325 Qu.
2615 2303 2650 2324 xc,
2666 2300 2708 2319 art.
2720 2303 2741 2319 2.

2533 3217 2542 3226 ·
2559 3215 2615 3243 Cap.
2630 3221 2654 3237 rx
2669 3220 2719 3243 sqq.
