<?xml version="1.0" encoding="UTF-8"?>
<!DOCTYPE html PUBLIC "-//W3C//DTD XHTML 1.0 Transitional//EN"
    "http://www.w3.org/TR/xhtml1/DTD/xhtml1-transitional.dtd">
<html xmlns="http://www.w3.org/1999/xhtml" xml:lang="en" lang="en">
 <head>
  <title>
</title>
<meta http-equiv="Content-Type" content="text/html;charset=utf-8" />
  <meta name='ocr-system' content='tesseract 3.04.00' />
  <meta name='ocr-capabilities' content='ocr_page ocr_carea ocr_par ocr_line ocrx_word'/>
</head>
<body>
  <div class='ocr_page' id='page_1' title='image "./operaomniaiussui07thom/operaomniaiussui07thom_0033.png"; bbox 0 0 2840 4010; ppageno 0'>
   <div class='ocr_carea' id='block_1_1' title="bbox 14 2254 276 2294">
    <p class='ocr_par' dir='ltr' id='par_1_1' title="bbox 14 2254 276 2294">
     <span class='ocr_line' id='line_1_1' title="bbox 14 2254 276 2294; baseline 0.008 -8"><span class='ocrx_word' id='word_1_1' title='bbox 14 2254 17 2293; x_wconf 35' lang='lat'>&#39;-</span> <span class='ocrx_word' id='word_1_2' title='bbox 39 2265 276 2294; x_wconf 38' lang='lat' dir='ltr'>”Quamnam</span> 
     </span>
    </p>
   </div>
   <div class='ocr_carea' id='block_1_2' title="bbox 0 883 29 4010">
    <p class='ocr_par' dir='ltr' id='par_1_2' title="bbox 0 883 29 4010">
     <span class='ocr_line' id='line_1_2' title="bbox 0 883 29 4010; baseline 0 0"><span class='ocrx_word' id='word_1_3' title='bbox 0 883 29 4010; x_wconf 95' lang='lat' dir='ltr'> </span> 
     </span>
    </p>
   </div>
   <div class='ocr_carea' id='block_1_3' title="bbox 969 184 2466 232">
    <p class='ocr_par' dir='ltr' id='par_1_3' title="bbox 969 184 2466 232">
     <span class='ocr_line' id='line_1_3' title="bbox 969 184 2466 232; baseline 0.004 -12"><span class='ocrx_word' id='word_1_4' title='bbox 969 184 1236 230; x_wconf 84' lang='lat' dir='ltr'>QUAEST1O</span> <span class='ocrx_word' id='word_1_5' title='bbox 1268 184 1440 232; x_wconf 80' lang='lat' dir='ltr'>Lxxm,</span> <span class='ocrx_word' id='word_1_6' title='bbox 1470 185 1763 223; x_wconf 84' lang='lat' dir='ltr'>ARTICULUS</span> <span class='ocrx_word' id='word_1_7' title='bbox 1794 187 1806 221; x_wconf 94' lang='lat'><em>1</em></span> <span class='ocrx_word' id='word_1_8' title='bbox 2418 190 2466 226; x_wconf 85' lang='lat'>25</span> 
     </span>
    </p>
   </div>
   <div class='ocr_carea' id='block_1_4' title="bbox 568 391 2206 571">
    <p class='ocr_par' dir='ltr' id='par_1_4' title="bbox 568 391 2206 571">
     <span class='ocr_line' id='line_1_4' title="bbox 691 391 2091 474; baseline 0.003 -20"><span class='ocrx_word' id='word_1_9' title='bbox 691 391 1101 474; x_wconf 75' lang='lat' dir='ltr'><strong>QUAESTIO</strong></span> <span class='ocrx_word' id='word_1_10' title='bbox 1139 398 2091 458; x_wconf 80' lang='lat' dir='ltr'>SEPTUAGESIMATERTIA</span> 
     </span>
     <span class='ocr_line' id='line_1_5' title="bbox 568 522 2206 571; baseline 0.005 -7"><span class='ocrx_word' id='word_1_11' title='bbox 568 525 658 565; x_wconf 83' lang='lat' dir='ltr'>DE</span> <span class='ocrx_word' id='word_1_12' title='bbox 703 524 1249 564; x_wconf 81' lang='lat' dir='ltr'><strong>COMPARATIONE</strong></span> <span class='ocrx_word' id='word_1_13' title='bbox 1292 522 1755 568; x_wconf 83' lang='lat' dir='ltr'><strong>PECCATORUM</strong></span> <span class='ocrx_word' id='word_1_14' title='bbox 1797 523 1886 569; x_wconf 84' lang='lat' dir='ltr'>AD</span> <span class='ocrx_word' id='word_1_15' title='bbox 1925 523 2206 571; x_wconf 75' lang='lat' dir='ltr'>INV1CEM</span> 
     </span>
    </p>
   </div>
   <div class='ocr_carea' id='block_1_5' title="bbox 1113 635 1666 662">
    <p class='ocr_par' dir='ltr' id='par_1_5' title="bbox 1113 635 1666 662">
     <span class='ocr_line' id='line_1_6' title="bbox 1113 635 1666 662; baseline 0.004 -2"><span class='ocrx_word' id='word_1_16' title='bbox 1113 635 1147 660; x_wconf 83' lang='lat' dir='ltr'>IN</span> <span class='ocrx_word' id='word_1_17' title='bbox 1175 635 1295 660; x_wconf 82' lang='lat' dir='ltr'>DECEM</span> <span class='ocrx_word' id='word_1_18' title='bbox 1323 635 1523 661; x_wconf 82' lang='lat' dir='ltr'>ARTICULOS</span> <span class='ocrx_word' id='word_1_19' title='bbox 1550 637 1666 662; x_wconf 84' lang='lat' dir='ltr'>DIVISA</span> 
     </span>
    </p>
   </div>
   <div class='ocr_carea' id='block_1_6' title="bbox 214 727 1363 1308">
    <p class='ocr_par' dir='ltr' id='par_1_6' title="bbox 214 727 1363 1308">
     <span class='ocr_line' id='line_1_7' title="bbox 307 727 1363 818; baseline 0 -54"><span class='ocrx_word' id='word_1_20' title='bbox 307 736 496 818; x_wconf 65' lang='lat' dir='ltr'>Damae</span> <span class='ocrx_word' id='word_1_21' title='bbox 538 727 856 764; x_wconf 78' lang='lat' dir='ltr'>considerandum</span> <span class='ocrx_word' id='word_1_22' title='bbox 895 735 950 764; x_wconf 90' lang='lat' dir='ltr'>est</span> <span class='ocrx_word' id='word_1_23' title='bbox 991 729 1038 765; x_wconf 78' lang='lat' dir='ltr'>de¹</span> <span class='ocrx_word' id='word_1_24' title='bbox 1076 728 1363 777; x_wconf 70' lang='lat' dir='ltr'>comparatione</span> 
     </span>
     <span class='ocr_line' id='line_1_8' title="bbox 214 787 962 836; baseline 0 -13"><span class='ocrx_word' id='word_1_25' title='bbox 214 802 258 818; x_wconf 75' lang='lat' dir='ltr'>ux</span> <span class='ocrx_word' id='word_1_26' title='bbox 387 794 632 836; x_wconf 89' lang='lat' dir='ltr'>peccatorum</span> <span class='ocrx_word' id='word_1_27' title='bbox 661 787 710 823; x_wconf 89' lang='lat' dir='ltr'>ad</span> <span class='ocrx_word' id='word_1_28' title='bbox 738 787 903 824; x_wconf 87' lang='lat' dir='ltr'>invicem</span> <span class='ocrx_word' id='word_1_29' title='bbox 931 787 962 824; x_wconf 70' lang='lat'>³¹⁸.</span> 
     </span>
     <span class='ocr_line' id='line_1_9' title="bbox 305 844 1017 894; baseline 0 -11"><span class='ocrx_word' id='word_1_30' title='bbox 305 844 353 883; x_wconf 75' lang='lat' dir='ltr'>Et</span> <span class='ocrx_word' id='word_1_31' title='bbox 382 845 479 882; x_wconf 89' lang='lat' dir='ltr'>cirea</span> <span class='ocrx_word' id='word_1_32' title='bbox 506 845 581 882; x_wconf 87' lang='lat' dir='ltr'>hoc</span> <span class='ocrx_word' id='word_1_33' title='bbox 608 847 842 894; x_wconf 75' lang='lat' dir='ltr'>quaeruntur</span> <span class='ocrx_word' id='word_1_34' title='bbox 871 846 1017 883; x_wconf 86' lang='lat' dir='ltr'>decem.</span> 
     </span>
     <span class='ocr_line' id='line_1_10' title="bbox 358 903 1362 954; baseline 0.002 -14"><span class='ocrx_word' id='word_1_35' title='bbox 358 903 509 940; x_wconf 76' lang='lat' dir='ltr'>Prir&#39;no:</span> <span class='ocrx_word' id='word_1_36' title='bbox 538 907 666 940; x_wconf 78' lang='lat' dir='ltr'>utrum</span> <span class='ocrx_word' id='word_1_37' title='bbox 695 905 823 941; x_wconf 89' lang='lat' dir='ltr'>omnia</span> <span class='ocrx_word' id='word_1_38' title='bbox 842 913 997 954; x_wconf 89' lang='lat' dir='ltr'>peccata</span> <span class='ocrx_word' id='word_1_39' title='bbox 1017 913 1053 942; x_wconf 90' lang='lat' dir='ltr'>et</span> <span class='ocrx_word' id='word_1_40' title='bbox 1070 905 1162 943; x_wconf 79' lang='lat' dir='ltr'>vitia</span> <span class='ocrx_word' id='word_1_41' title='bbox 1181 905 1253 942; x_wconf 80' lang='lat' dir='ltr'>sint&#39;</span> <span class='ocrx_word' id='word_1_42' title='bbox 1273 906 1362 942; x_wconf 85' lang='lat' dir='ltr'>con-</span> 
     </span>
     <span class='ocr_line' id='line_1_11' title="bbox 410 962 517 999; baseline 0 0"><span class='ocrx_word' id='word_1_43' title='bbox 410 962 517 999; x_wconf 65' lang='lat' dir='ltr'>neira.</span> 
     </span>
     <span class='ocr_line' id='line_1_12' title="bbox 358 1021 1117 1072; baseline 0.004 -15"><span class='ocrx_word' id='word_1_44' title='bbox 358 1021 558 1058; x_wconf 86' lang='lat' dir='ltr'>Secundo:</span> <span class='ocrx_word' id='word_1_45' title='bbox 587 1029 715 1059; x_wconf 91' lang='lat' dir='ltr'>utrum</span> <span class='ocrx_word' id='word_1_46' title='bbox 744 1023 875 1060; x_wconf 88' lang='lat' dir='ltr'>omnia</span> <span class='ocrx_word' id='word_1_47' title='bbox 903 1023 975 1060; x_wconf 91' lang='lat' dir='ltr'>sint</span> <span class='ocrx_word' id='word_1_48' title='bbox 1000 1023 1117 1072; x_wconf 84' lang='lat' dir='ltr'>paria.</span> 
     </span>
     <span class='ocr_line' id='line_1_13' title="bbox 357 1081 1363 1132; baseline 0.002 -15"><span class='ocrx_word' id='word_1_49' title='bbox 357 1081 509 1118; x_wconf 90' lang='lat' dir='ltr'>Tertio:</span> <span class='ocrx_word' id='word_1_50' title='bbox 538 1089 664 1118; x_wconf 89' lang='lat' dir='ltr'>utrum</span> <span class='ocrx_word' id='word_1_51' title='bbox 691 1082 854 1129; x_wconf 88' lang='lat' dir='ltr'>gravitas</span> <span class='ocrx_word' id='word_1_52' title='bbox 881 1090 1125 1132; x_wconf 85' lang='lat' dir='ltr'>peccatorum</span> <span class='ocrx_word' id='word_1_53' title='bbox 1150 1082 1363 1119; x_wconf 89' lang='lat' dir='ltr'>attendatur</span> 
     </span>
     <span class='ocr_line' id='line_1_14' title="bbox 411 1139 812 1178; baseline 0.005 -2"><span class='ocrx_word' id='word_1_54' title='bbox 411 1139 623 1177; x_wconf 90' lang='lat' dir='ltr'>secundum</span> <span class='ocrx_word' id='word_1_55' title='bbox 652 1140 812 1178; x_wconf 88' lang='lat' dir='ltr'>obiecta.</span> 
     </span>
     <span class='ocr_line' id='line_1_15' title="bbox 358 1200 1361 1249; baseline 0.002 -14"><span class='ocrx_word' id='word_1_56' title='bbox 358 1200 526 1246; x_wconf 85' lang='lat' dir='ltr'>Quarto:</span> <span class='ocrx_word' id='word_1_57' title='bbox 555 1207 682 1237; x_wconf 86' lang='lat' dir='ltr'>utrum</span> <span class='ocrx_word' id='word_1_58' title='bbox 707 1201 918 1238; x_wconf 90' lang='lat' dir='ltr'>secundum</span> <span class='ocrx_word' id='word_1_59' title='bbox 943 1201 1159 1249; x_wconf 86' lang='lat' dir='ltr'>dignitatem</span> <span class='ocrx_word' id='word_1_60' title='bbox 1182 1201 1361 1238; x_wconf 79' lang='lat' dir='ltr'>virtutum</span> 
     </span>
     <span class='ocr_line' id='line_1_16' title="bbox 346 1258 1017 1308; baseline 0.004 -15"><span class='ocrx_word' id='word_1_61' title='bbox 346 1278 350 1279; x_wconf 33' lang='grc' dir='ltr'><em>ν</em></span> <span class='ocrx_word' id='word_1_62' title='bbox 392 1258 549 1306; x_wconf 44' lang='lat' dir='ltr'>“quibus</span> <span class='ocrx_word' id='word_1_63' title='bbox 576 1266 733 1306; x_wconf 91' lang='lat' dir='ltr'>peccata</span> <span class='ocrx_word' id='word_1_64' title='bbox 761 1267 1017 1308; x_wconf 89' lang='lat' dir='ltr'>opponuntur.</span> 
     </span>
    </p>
   </div>
   <div class='ocr_carea' id='block_1_7' title="bbox 1469 728 2468 830">
    <p class='ocr_par' dir='ltr' id='par_1_7' title="bbox 1469 728 2468 830">
     <span class='ocr_line' id='line_1_17' title="bbox 1469 728 2468 783; baseline 0.01 -20"><span class='ocrx_word' id='word_1_65' title='bbox 1469 728 1632 775; x_wconf 87' lang='lat' dir='ltr'>Quinto.</span> <span class='ocrx_word' id='word_1_66' title='bbox 1660 737 1786 766; x_wconf 90' lang='lat' dir='ltr'>utrum</span> <span class='ocrx_word' id='word_1_67' title='bbox 1815 740 1969 779; x_wconf 89' lang='lat' dir='ltr'>peccata</span> <span class='ocrx_word' id='word_1_68' title='bbox 2007 734 2168 771; x_wconf 90' lang='lat' dir='ltr'>earnalia</span> <span class='ocrx_word' id='word_1_69' title='bbox 2197 735 2269 772; x_wconf 92' lang='lat' dir='ltr'>sint</span> <span class='ocrx_word' id='word_1_70' title='bbox 2294 736 2468 783; x_wconf 82' lang='lat' dir='ltr'>graviora</span> 
     </span>
     <span class='ocr_line' id='line_1_18' title="bbox 1521 782 1878 830; baseline 0.006 -13"><span class='ocrx_word' id='word_1_71' title='bbox 1521 793 1637 829; x_wconf 85' lang='lat' dir='ltr'>quarn</span> <span class='ocrx_word' id='word_1_72' title='bbox 1666 782 1878 830; x_wconf 83' lang='lat' dir='ltr'>spiritualia.</span> 
     </span>
    </p>
   </div>
   <div class='ocr_carea' id='block_1_8' title="bbox 1469 834 2469 1306">
    <p class='ocr_par' dir='ltr' id='par_1_8' title="bbox 1470 834 2467 937">
     <span class='ocr_line' id='line_1_19' title="bbox 1470 834 2467 887; baseline 0.009 -18"><span class='ocrx_word' id='word_1_73' title='bbox 1470 834 1605 870; x_wconf 86' lang='lat' dir='ltr'>Sexto:</span> <span class='ocrx_word' id='word_1_74' title='bbox 1624 838 1751 871; x_wconf 86' lang='lat' dir='ltr'>utrum</span> <span class='ocrx_word' id='word_1_75' title='bbox 1772 836 1982 872; x_wconf 91' lang='lat' dir='ltr'>secundum</span> <span class='ocrx_word' id='word_1_76' title='bbox 2003 850 2133 874; x_wconf 82' lang='lat' dir='ltr'>causas</span> <span class='ocrx_word' id='word_1_77' title='bbox 2153 847 2394 887; x_wconf 88' lang='lat' dir='ltr'>peccatorum</span> <span class='ocrx_word' id='word_1_78' title='bbox 2415 849 2467 878; x_wconf 90' lang='lat' dir='ltr'>at-</span> 
     </span>
     <span class='ocr_line' id='line_1_20' title="bbox 1521 886 2165 937; baseline 0.008 -15"><span class='ocrx_word' id='word_1_79' title='bbox 1521 886 1695 923; x_wconf 84' lang='lat' dir='ltr'>tendatur</span> <span class='ocrx_word' id='word_1_80' title='bbox 1722 887 1883 934; x_wconf 87' lang='lat' dir='ltr'>gravitas</span> <span class='ocrx_word' id='word_1_81' title='bbox 1912 896 2165 937; x_wconf 80' lang='lat' dir='ltr'>peccatorum</span> 
     </span>
    </p>

    <p class='ocr_par' dir='ltr' id='par_1_9' title="bbox 1470 939 2391 987">
     <span class='ocr_line' id='line_1_21' title="bbox 1470 939 2391 987; baseline 0.008 -12"><span class='ocrx_word' id='word_1_82' title='bbox 1470 939 1663 987; x_wconf 85' lang='lat' dir='ltr'>Septimo:</span> <span class='ocrx_word' id='word_1_83' title='bbox 1691 947 1819 976; x_wconf 89' lang='lat' dir='ltr'>utrum</span> <span class='ocrx_word' id='word_1_84' title='bbox 1848 941 2058 978; x_wconf 89' lang='lat' dir='ltr'>secundum</span> <span class='ocrx_word' id='word_1_85' title='bbox 2087 943 2391 982; x_wconf 83' lang='lat' dir='ltr'>circumstantias.</span> 
     </span>
    </p>

    <p class='ocr_par' dir='ltr' id='par_1_10' title="bbox 1471 991 2469 1081">
     <span class='ocr_line' id='line_1_22' title="bbox 1471 991 2469 1047; baseline 0.007 -20"><span class='ocrx_word' id='word_1_86' title='bbox 1471 991 1644 1047; x_wconf 67' lang='lat' dir='ltr'>Octavo:</span> <span class='ocrx_word' id='word_1_87' title='bbox 1671 999 1799 1029; x_wconf 87' lang='lat' dir='ltr'>utrum</span> <span class='ocrx_word' id='word_1_88' title='bbox 1833 994 2040 1031; x_wconf 89' lang='lat' dir='ltr'>secundum</span> <span class='ocrx_word' id='word_1_89' title='bbox 2075 996 2317 1043; x_wconf 87' lang='lat' dir='ltr'>quantitatem</span> <span class='ocrx_word' id='word_1_90' title='bbox 2352 1009 2469 1034; x_wconf 90' lang='lat' dir='ltr'>nocu-</span> 
     </span>
     <span class='ocr_line' id='line_1_23' title="bbox 1522 1052 1651 1081; baseline 0.008 -1"><span class='ocrx_word' id='word_1_91' title='bbox 1522 1052 1651 1081; x_wconf 80' lang='lat' dir='ltr'>menti.</span> 
     </span>
    </p>

    <p class='ocr_par' dir='ltr' id='par_1_11' title="bbox 1469 1097 2467 1199">
     <span class='ocr_line' id='line_1_24' title="bbox 1469 1097 2467 1149; baseline 0.005 -16"><span class='ocrx_word' id='word_1_92' title='bbox 1469 1097 1606 1134; x_wconf 91' lang='lat' dir='ltr'>Nono:</span> <span class='ocrx_word' id='word_1_93' title='bbox 1626 1098 1752 1134; x_wconf 82' lang='lat' dir='ltr'>utrum</span> <span class='ocrx_word' id='word_1_94' title='bbox 1777 1098 1987 1135; x_wconf 88' lang='lat' dir='ltr'>secundum</span> <span class='ocrx_word' id='word_1_95' title='bbox 2007 1099 2263 1137; x_wconf 92' lang='lat' dir='ltr'>conditionem</span> <span class='ocrx_word' id='word_1_96' title='bbox 2282 1111 2467 1149; x_wconf 84' lang='lat' dir='ltr'>personae</span> 
     </span>
     <span class='ocr_line' id='line_1_25' title="bbox 1522 1149 1919 1199; baseline 0.005 -14"><span class='ocrx_word' id='word_1_97' title='bbox 1522 1149 1559 1186; x_wconf 91' lang='lat' dir='ltr'>in</span> <span class='ocrx_word' id='word_1_98' title='bbox 1587 1160 1703 1199; x_wconf 88' lang='lat' dir='ltr'>quam</span> <span class='ocrx_word' id='word_1_99' title='bbox 1732 1158 1919 1199; x_wconf 89' lang='lat' dir='ltr'>peccatur.</span> 
     </span>
    </p>

    <p class='ocr_par' dir='ltr' id='par_1_12' title="bbox 1469 1202 2469 1306">
     <span class='ocr_line' id='line_1_26' title="bbox 1469 1202 2469 1255; baseline 0.005 -17"><span class='ocrx_word' id='word_1_100' title='bbox 1469 1202 1650 1239; x_wconf 86' lang='lat' dir='ltr'>Decimo:</span> <span class='ocrx_word' id='word_1_101' title='bbox 1679 1204 1805 1240; x_wconf 72' lang='lat' dir='ltr'>utrum</span> <span class='ocrx_word' id='word_1_102' title='bbox 1833 1211 1988 1252; x_wconf 91' lang='lat' dir='ltr'>propter</span> <span class='ocrx_word' id='word_1_103' title='bbox 2015 1204 2313 1252; x_wconf 86' lang='lat' dir='ltr'>magnitudinem</span> <span class='ocrx_word' id='word_1_104' title='bbox 2341 1218 2469 1255; x_wconf 88' lang='lat' dir='ltr'>perso-</span> 
     </span>
     <span class='ocr_line' id='line_1_27' title="bbox 1521 1256 2296 1306; baseline 0.005 -15"><span class='ocrx_word' id='word_1_105' title='bbox 1521 1267 1592 1291; x_wconf 85' lang='lat' dir='ltr'>nae</span> <span class='ocrx_word' id='word_1_106' title='bbox 1620 1256 1811 1304; x_wconf 71' lang='lat' dir='ltr'>pecca&#39;ntis</span> <span class='ocrx_word' id='word_1_107' title='bbox 1840 1263 2061 1304; x_wconf 86' lang='lat' dir='ltr'>aggravetur</span> <span class='ocrx_word' id='word_1_108' title='bbox 2086 1266 2296 1306; x_wconf 89' lang='lat' dir='ltr'>peccatum.</span> 
     </span>
    </p>
   </div>
   <div class='ocr_carea' id='block_1_9' title="bbox 878 1367 1896 1492">
    <p class='ocr_par' dir='ltr' id='par_1_13' title="bbox 878 1367 1896 1492">
     <span class='ocr_line' id='line_1_28' title="bbox 1111 1367 1660 1410; baseline 0.004 -2"><span class='ocrx_word' id='word_1_109' title='bbox 1111 1367 1427 1409; x_wconf 90' lang='lat' dir='ltr'>ARTICULUS</span> <span class='ocrx_word' id='word_1_110' title='bbox 1458 1369 1660 1410; x_wconf 88' lang='lat' dir='ltr'>PRIMUS</span> 
     </span>
     <span class='ocr_line' id='line_1_29' title="bbox 878 1459 1896 1492; baseline 0.002 -2"><span class='ocrx_word' id='word_1_111' title='bbox 878 1459 1049 1490; x_wconf 87' lang='lat' dir='ltr'>UTRUM</span> <span class='ocrx_word' id='word_1_112' title='bbox 1079 1459 1234 1490; x_wconf 76' lang='lat' dir='ltr'><strong>OMNIA</strong></span> <span class='ocrx_word' id='word_1_113' title='bbox 1261 1459 1491 1490; x_wconf 78' lang='lat' dir='ltr'><strong>PECCATA</strong></span> <span class='ocrx_word' id='word_1_114' title='bbox 1519 1460 1630 1491; x_wconf 86' lang='lat' dir='ltr'>SINT</span> <span class='ocrx_word' id='word_1_115' title='bbox 1662 1461 1896 1492; x_wconf 83' lang='lat' dir='ltr'>CONNEXA</span> 
     </span>
    </p>
   </div>
   <div class='ocr_carea' id='block_1_10' title="bbox 943 1537 1835 1571">
    <p class='ocr_par' dir='ltr' id='par_1_14' title="bbox 943 1537 1835 1571">
     <span class='ocr_line' id='line_1_30' title="bbox 943 1537 1835 1571; baseline 0.002 -10"><span class='ocrx_word' id='word_1_116' title='bbox 943 1537 972 1561; x_wconf 85' lang='lat'>111</span> <span class='ocrx_word' id='word_1_117' title='bbox 988 1537 1071 1565; x_wconf 75' lang='lat' dir='ltr'>Sent„</span> <span class='ocrx_word' id='word_1_118' title='bbox 1087 1537 1144 1562; x_wconf 88' lang='lat' dir='ltr'>dist.</span> <span class='ocrx_word' id='word_1_119' title='bbox 1159 1544 1240 1566; x_wconf 80' lang='lat' dir='ltr'>xxxV1,</span> <span class='ocrx_word' id='word_1_120' title='bbox 1254 1543 1300 1562; x_wconf 79' lang='lat' dir='ltr'>art.</span> <span class='ocrx_word' id='word_1_121' title='bbox 1316 1537 1346 1568; x_wconf 83' lang='lat'>5;</span> <span class='ocrx_word' id='word_1_122' title='bbox 1361 1537 1402 1567; x_wconf 81' lang='lat' dir='ltr'>lv,</span> <span class='ocrx_word' id='word_1_123' title='bbox 1418 1538 1475 1562; x_wconf 86' lang='lat' dir='ltr'>dist.</span> <span class='ocrx_word' id='word_1_124' title='bbox 1490 1545 1539 1568; x_wconf 78' lang='lat' dir='ltr'>xvr,</span> <span class='ocrx_word' id='word_1_125' title='bbox 1554 1542 1598 1571; x_wconf 81' lang='lat' dir='ltr'>qu.</span> <span class='ocrx_word' id='word_1_126' title='bbox 1611 1545 1637 1568; x_wconf 82' lang='lat' dir='ltr'>u,</span> <span class='ocrx_word' id='word_1_127' title='bbox 1653 1544 1698 1563; x_wconf 79' lang='lat' dir='ltr'>art.</span> <span class='ocrx_word' id='word_1_128' title='bbox 1715 1547 1735 1568; x_wconf 83' lang='grc' dir='ltr'>ι,</span> <span class='ocrx_word' id='word_1_129' title='bbox 1751 1540 1797 1571; x_wconf 70' lang='lat' dir='ltr'>qu·</span> <span class='ocrx_word' id='word_1_130' title='bbox 1812 1547 1835 1564; x_wconf 86' lang='lat'>2.</span> 
     </span>
    </p>
   </div>
   <div class='ocr_carea' id='block_1_11' title="bbox 65 1634 519 1879">
    <p class='ocr_par' dir='ltr' id='par_1_15' title="bbox 65 1634 519 1879">
     <span class='ocr_line' id='line_1_31' title="bbox 65 1634 519 1879; baseline 0 2131"><span class='ocrx_word' id='word_1_131' title='bbox 65 1634 519 1879; x_wconf 95' lang='lat' dir='ltr'> </span> 
     </span>
    </p>
   </div>
   <div class='ocr_carea' id='block_1_12' title="bbox 268 1865 1366 2570">
    <p class='ocr_par' dir='ltr' id='par_1_16' title="bbox 268 1865 1366 2150">
     <span class='ocr_line' id='line_1_32' title="bbox 307 1865 1365 1938; baseline -0.001 -11"><span class='ocrx_word' id='word_1_132' title='bbox 307 1889 482 1928; x_wconf 87' lang='lat' dir='ltr'>omnium</span> <span class='ocrx_word' id='word_1_133' title='bbox 511 1865 791 1927; x_wconf 45' lang='lat' dir='ltr'>mandatorum·</span> <span class='ocrx_word' id='word_1_134' title='bbox 808 1889 911 1937; x_wconf 88' lang='lat' dir='ltr'>legis,</span> <span class='ocrx_word' id='word_1_135' title='bbox 941 1890 1045 1938; x_wconf 88' lang='lat' dir='ltr'>quod</span> <span class='ocrx_word' id='word_1_136' title='bbox 1072 1890 1214 1926; x_wconf 89' lang='lat' dir='ltr'>habere</span> <span class='ocrx_word' id='word_1_137' title='bbox 1235 1890 1365 1926; x_wconf 89' lang='lat' dir='ltr'>omnia</span> 
     </span>
     <span class='ocr_line' id='line_1_33' title="bbox 268 1942 1364 1992; baseline 0.001 -14"><span class='ocrx_word' id='word_1_138' title='bbox 268 1968 277 1978; x_wconf 81' lang='lat'><em>‚</em></span> <span class='ocrx_word' id='word_1_139' title='bbox 305 1950 481 1992; x_wconf 80' lang='lat' dir='ltr'>peccata:</span> <span class='ocrx_word' id='word_1_140' title='bbox 511 1943 614 1992; x_wconf 93' lang='lat' dir='ltr'>quia,</span> <span class='ocrx_word' id='word_1_141' title='bbox 635 1943 730 1980; x_wconf 89' lang='lat' dir='ltr'>sicut</span> <span class='ocrx_word' id='word_1_142' title='bbox 747 1942 974 1980; x_wconf 90' lang='lat' dir='ltr'>Ambrosius</span> <span class='ocrx_word' id='word_1_143' title='bbox 1003 1942 1091 1980; x_wconf 88' lang='lat' dir='ltr'>dicit</span> <span class='ocrx_word' id='word_1_144' title='bbox 1107 1942 1142 1989; x_wconf 66' lang='lat'>²⁸,</span> <span class='ocrx_word' id='word_1_145' title='bbox 1165 1948 1364 1990; x_wconf 85' lang='lat' dir='ltr'>peccatum</span> 
     </span>
     <span class='ocr_line' id='line_1_34' title="bbox 305 1995 1364 2046; baseline -0.001 -14"><span class='ocrx_word' id='word_1_146' title='bbox 305 2001 360 2032; x_wconf 84' lang='lat' dir='ltr'>est</span> <span class='ocrx_word' id='word_1_147' title='bbox 385 1996 632 2045; x_wconf 81' lang='lat' dir='ltr'>transgressio</span> <span class='ocrx_word' id='word_1_148' title='bbox 666 1995 759 2046; x_wconf 83' lang='lat' dir='ltr'>legis</span> <span class='ocrx_word' id='word_1_149' title='bbox 790 1996 956 2041; x_wconf 74' lang='lat' dir='ltr'>divinae,</span> <span class='ocrx_word' id='word_1_150' title='bbox 985 2001 1021 2032; x_wconf 90' lang='lat' dir='ltr'>et</span> <span class='ocrx_word' id='word_1_151' title='bbox 1045 1995 1258 2032; x_wconf 85' lang='lat' dir='ltr'>caelestium</span> <span class='ocrx_word' id='word_1_152' title='bbox 1286 1996 1364 2032; x_wconf 88' lang='lat' dir='ltr'>ino-</span> 
     </span>
     <span class='ocr_line' id='line_1_35' title="bbox 305 2048 1366 2097; baseline -0.001 -12"><span class='ocrx_word' id='word_1_153' title='bbox 305 2048 487 2085; x_wconf 87' lang='lat' dir='ltr'>bedientia</span> <span class='ocrx_word' id='word_1_154' title='bbox 520 2049 797 2085; x_wconf 85' lang='lat' dir='ltr'>mandatorum.</span> <span class='ocrx_word' id='word_1_155' title='bbox 834 2049 935 2096; x_wconf 82' lang='lat' dir='ltr'>Ergo</span> <span class='ocrx_word' id='word_1_156' title='bbox 971 2048 1201 2097; x_wconf 89' lang='lat' dir='ltr'>quicumque</span> <span class='ocrx_word' id='word_1_157' title='bbox 1235 2056 1366 2097; x_wconf 89' lang='lat' dir='ltr'>peccat</span> 
     </span>
     <span class='ocr_line' id='line_1_36' title="bbox 304 2101 1255 2150; baseline -0.001 -12"><span class='ocrx_word' id='word_1_158' title='bbox 304 2113 382 2138; x_wconf 90' lang='lat' dir='ltr'>uno</span> <span class='ocrx_word' id='word_1_159' title='bbox 413 2107 430 2123; x_wconf 81' lang='lat'>‘²</span> <span class='ocrx_word' id='word_1_160' title='bbox 456 2108 626 2150; x_wconf 87' lang='lat' dir='ltr'>peccato,</span> <span class='ocrx_word' id='word_1_161' title='bbox 655 2101 850 2138; x_wconf 89' lang='lat' dir='ltr'>subiicitur</span> <span class='ocrx_word' id='word_1_162' title='bbox 877 2101 1053 2138; x_wconf 87' lang='lat' dir='ltr'>omnibus</span> <span class='ocrx_word' id='word_1_163' title='bbox 1081 2101 1255 2149; x_wconf 88' lang='lat' dir='ltr'>peccatis.</span> 
     </span>
    </p>

    <p class='ocr_par' dir='ltr' id='par_1_17' title="bbox 302 2154 1366 2519">
     <span class='ocr_line' id='line_1_37' title="bbox 359 2154 1366 2203; baseline -0.001 -12"><span class='ocrx_word' id='word_1_164' title='bbox 359 2166 395 2190; x_wconf 81' lang='lat'>2.</span> <span class='ocrx_word' id='word_1_165' title='bbox 415 2155 648 2201; x_wconf 72' lang='lat' dir='ltr'>PRAETEREA,</span> <span class='ocrx_word' id='word_1_166' title='bbox 669 2154 865 2203; x_wconf 90' lang='lat' dir='ltr'>quodlibet</span> <span class='ocrx_word' id='word_1_167' title='bbox 882 2161 1083 2202; x_wconf 88' lang='lat' dir='ltr'>peccatum</span> <span class='ocrx_word' id='word_1_168' title='bbox 1110 2154 1274 2191; x_wconf 88' lang='lat' dir='ltr'>excludit</span> <span class='ocrx_word' id='word_1_169' title='bbox 1291 2154 1366 2191; x_wconf 83' lang='lat' dir='ltr'>vir-</span> 
     </span>
     <span class='ocr_line' id='line_1_38' title="bbox 304 2206 1362 2255; baseline 0 -12"><span class='ocrx_word' id='word_1_170' title='bbox 304 2214 423 2244; x_wconf 88' lang='lat' dir='ltr'>tutem</span> <span class='ocrx_word' id='word_1_171' title='bbox 452 2206 522 2244; x_wconf 88' lang='lat' dir='ltr'>sibi</span> <span class='ocrx_word' id='word_1_172' title='bbox 550 2207 779 2255; x_wconf 89' lang='lat' dir='ltr'>oppositam.</span> <span class='ocrx_word' id='word_1_173' title='bbox 810 2207 888 2243; x_wconf 88' lang='lat' dir='ltr'>Sed</span> <span class='ocrx_word' id='word_1_174' title='bbox 907 2206 972 2255; x_wconf 90' lang='lat' dir='ltr'>qui</span> <span class='ocrx_word' id='word_1_175' title='bbox 992 2214 1092 2243; x_wconf 87' lang='lat' dir='ltr'>caret</span> <span class='ocrx_word' id='word_1_176' title='bbox 1119 2219 1196 2244; x_wconf 89' lang='lat' dir='ltr'>una</span> <span class='ocrx_word' id='word_1_177' title='bbox 1214 2207 1362 2254; x_wconf 88' lang='lat' dir='ltr'>virtute,</span> 
     </span>
     <span class='ocr_line' id='line_1_39' title="bbox 305 2259 1364 2308; baseline 0 -12"><span class='ocrx_word' id='word_1_178' title='bbox 305 2267 407 2297; x_wconf 79' lang='lat' dir='ltr'>earet</span> <span class='ocrx_word' id='word_1_179' title='bbox 439 2260 638 2306; x_wconf 90' lang='lat' dir='ltr'>omnibus,</span> <span class='ocrx_word' id='word_1_180' title='bbox 667 2267 709 2296; x_wconf 93' lang='lat' dir='ltr'>ut</span> <span class='ocrx_word' id='word_1_181' title='bbox 743 2267 848 2308; x_wconf 88' lang='lat' dir='ltr'>patet</span> <span class='ocrx_word' id='word_1_182' title='bbox 879 2271 924 2296; x_wconf 88' lang='lat' dir='ltr'>ex</span> <span class='ocrx_word' id='word_1_183' title='bbox 957 2259 1178 2308; x_wconf 86' lang='lat' dir='ltr'>supradictis</span> <span class='ocrx_word' id='word_1_184' title='bbox 1200 2259 1230 2296; x_wconf 56' lang='grc' dir='ltr'>’ἦ</span> <span class='ocrx_word' id='word_1_185' title='bbox 1262 2261 1364 2308; x_wconf 91' lang='lat' dir='ltr'>Ergo</span> 
     </span>
     <span class='ocr_line' id='line_1_40' title="bbox 304 2312 1363 2362; baseline 0 -13"><span class='ocrx_word' id='word_1_186' title='bbox 304 2312 371 2362; x_wconf 85' lang='lat' dir='ltr'>qui</span> <span class='ocrx_word' id='word_1_187' title='bbox 395 2320 529 2361; x_wconf 83' lang='lat' dir='ltr'>peceat</span> <span class='ocrx_word' id='word_1_188' title='bbox 555 2325 634 2349; x_wconf 93' lang='lat' dir='ltr'>uno</span> <span class='ocrx_word' id='word_1_189' title='bbox 662 2320 832 2361; x_wconf 81' lang='lat' dir='ltr'>peccate,</span> <span class='ocrx_word' id='word_1_190' title='bbox 861 2312 1032 2360; x_wconf 89' lang='lat' dir='ltr'>privatur</span> <span class='ocrx_word' id='word_1_191' title='bbox 1051 2313 1229 2349; x_wconf 89' lang='lat' dir='ltr'>omnibus</span> <span class='ocrx_word' id='word_1_192' title='bbox 1247 2313 1363 2350; x_wconf 89' lang='lat' dir='ltr'>virtu—</span> 
     </span>
     <span class='ocr_line' id='line_1_41' title="bbox 304 2365 1365 2414; baseline -0.001 -12"><span class='ocrx_word' id='word_1_193' title='bbox 304 2365 413 2402; x_wconf 87' lang='lat' dir='ltr'>tibus.</span> <span class='ocrx_word' id='word_1_194' title='bbox 445 2365 522 2403; x_wconf 90' lang='lat' dir='ltr'>Sed</span> <span class='ocrx_word' id='word_1_195' title='bbox 549 2365 613 2414; x_wconf 91' lang='lat' dir='ltr'>qui</span> <span class='ocrx_word' id='word_1_196' title='bbox 633 2373 734 2402; x_wconf 89' lang='lat' dir='ltr'>caret</span> <span class='ocrx_word' id='word_1_197' title='bbox 751 2365 901 2412; x_wconf 86' lang='lat' dir='ltr'>virtute,</span> <span class='ocrx_word' id='word_1_198' title='bbox 922 2365 1037 2401; x_wconf 85' lang='lat' dir='ltr'>habet</span> <span class='ocrx_word' id='word_1_199' title='bbox 1055 2365 1188 2402; x_wconf 90' lang='lat' dir='ltr'>vitium</span> <span class='ocrx_word' id='word_1_200' title='bbox 1207 2365 1277 2402; x_wconf 93' lang='lat' dir='ltr'>sibi</span> <span class='ocrx_word' id='word_1_201' title='bbox 1297 2378 1365 2414; x_wconf 93' lang='lat' dir='ltr'>op-</span> 
     </span>
     <span class='ocr_line' id='line_1_42' title="bbox 302 2417 1365 2467; baseline 0 -12"><span class='ocrx_word' id='word_1_202' title='bbox 302 2417 482 2467; x_wconf 87' lang='lat' dir='ltr'>positum.</span> <span class='ocrx_word' id='word_1_203' title='bbox 513 2419 614 2466; x_wconf 89' lang='lat' dir='ltr'>Ergo</span> <span class='ocrx_word' id='word_1_204' title='bbox 644 2418 709 2466; x_wconf 90' lang='lat' dir='ltr'>qui</span> <span class='ocrx_word' id='word_1_205' title='bbox 735 2419 851 2455; x_wconf 82' lang='lat' dir='ltr'>habet</span> <span class='ocrx_word' id='word_1_206' title='bbox 879 2429 998 2454; x_wconf 89' lang='lat' dir='ltr'>unum</span> <span class='ocrx_word' id='word_1_207' title='bbox 1019 2426 1229 2466; x_wconf 87' lang='lat' dir='ltr'>peccatum,</span> <span class='ocrx_word' id='word_1_208' title='bbox 1250 2419 1365 2456; x_wconf 89' lang='lat' dir='ltr'>habet</span> 
     </span>
     <span class='ocr_line' id='line_1_43' title="bbox 304 2471 629 2519; baseline -0.003 -11"><span class='ocrx_word' id='word_1_209' title='bbox 304 2471 435 2509; x_wconf 85' lang='lat' dir='ltr'>omnia</span> <span class='ocrx_word' id='word_1_210' title='bbox 461 2478 629 2519; x_wconf 90' lang='lat' dir='ltr'>peccata.</span> 
     </span>
    </p>

    <p class='ocr_par' dir='ltr' id='par_1_18' title="bbox 360 2520 1362 2570">
     <span class='ocr_line' id='line_1_44' title="bbox 360 2520 1362 2570; baseline -0.002 -8"><span class='ocrx_word' id='word_1_211' title='bbox 360 2525 394 2562; x_wconf 84' lang='lat'>3.</span> <span class='ocrx_word' id='word_1_212' title='bbox 424 2525 657 2570; x_wconf 79' lang='lat' dir='ltr'>PRAETEREA,</span> <span class='ocrx_word' id='word_1_213' title='bbox 677 2523 833 2560; x_wconf 89' lang='lat' dir='ltr'>virtutes</span> <span class='ocrx_word' id='word_1_214' title='bbox 862 2535 996 2559; x_wconf 89' lang='lat' dir='ltr'>omnes</span> <span class='ocrx_word' id='word_1_215' title='bbox 1015 2520 1030 2551; x_wconf 74' lang='grc' dir='ltr'><strong>β</strong></span> <span class='ocrx_word' id='word_1_216' title='bbox 1054 2531 1141 2560; x_wconf 91' lang='lat' dir='ltr'>sunt</span> <span class='ocrx_word' id='word_1_217' title='bbox 1169 2536 1362 2560; x_wconf 85' lang='lat' dir='ltr'>connexae</span> 
     </span>
    </p>
   </div>
   <div class='ocr_carea' id='block_1_13' title="bbox 241 2575 1364 2626">
    <p class='ocr_par' dir='ltr' id='par_1_19' title="bbox 241 2575 1364 2626">
     <span class='ocr_line' id='line_1_45' title="bbox 241 2575 1364 2626; baseline -0.001 -12"><span class='ocrx_word' id='word_1_218' title='bbox 241 2602 248 2608; x_wconf 88' lang='lat'>-</span> <span class='ocrx_word' id='word_1_219' title='bbox 269 2603 276 2614; x_wconf 82' lang='grc'>,</span> <span class='ocrx_word' id='word_1_220' title='bbox 304 2589 403 2626; x_wconf 83' lang='lat' dir='ltr'>quae</span> <span class='ocrx_word' id='word_1_221' title='bbox 423 2576 656 2614; x_wconf 86' lang='lat' dir='ltr'>conveniunt</span> <span class='ocrx_word' id='word_1_222' title='bbox 682 2576 721 2613; x_wconf 89' lang='lat' dir='ltr'>in</span> <span class='ocrx_word' id='word_1_223' title='bbox 748 2589 826 2613; x_wconf 91' lang='lat' dir='ltr'>uno</span> <span class='ocrx_word' id='word_1_224' title='bbox 846 2575 1043 2624; x_wconf 78' lang='lat' dir='ltr'>principie,</span> <span class='ocrx_word' id='word_1_225' title='bbox 1063 2583 1105 2612; x_wconf 90' lang='lat' dir='ltr'>ut</span> <span class='ocrx_word' id='word_1_226' title='bbox 1120 2589 1233 2625; x_wconf 90' lang='lat' dir='ltr'>supra</span> <span class='ocrx_word' id='word_1_227' title='bbox 1252 2575 1272 2597; x_wconf 82' lang='lat'><em>*</em></span> <span class='ocrx_word' id='word_1_228' title='bbox 1299 2578 1364 2613; x_wconf 90' lang='lat' dir='ltr'>ha-</span> 
     </span>
    </p>
   </div>
   <div class='ocr_carea' id='block_1_14' title="bbox 303 2629 1364 2888">
    <p class='ocr_par' dir='ltr' id='par_1_20' title="bbox 303 2629 1364 2888">
     <span class='ocr_line' id='line_1_46' title="bbox 303 2629 1363 2667; baseline -0.001 0"><span class='ocrx_word' id='word_1_229' title='bbox 303 2629 425 2667; x_wconf 86' lang='lat' dir='ltr'>bitum</span> <span class='ocrx_word' id='word_1_230' title='bbox 455 2637 520 2666; x_wconf 91' lang='lat' dir='ltr'>est.</span> <span class='ocrx_word' id='word_1_231' title='bbox 551 2629 628 2666; x_wconf 89' lang='lat' dir='ltr'>Sed</span> <span class='ocrx_word' id='word_1_232' title='bbox 657 2629 752 2665; x_wconf 88' lang='lat' dir='ltr'>sicut</span> <span class='ocrx_word' id='word_1_233' title='bbox 777 2629 934 2666; x_wconf 90' lang='lat' dir='ltr'>virtutes</span> <span class='ocrx_word' id='word_1_234' title='bbox 962 2629 1195 2666; x_wconf 86' lang='lat' dir='ltr'>conveniunt</span> <span class='ocrx_word' id='word_1_235' title='bbox 1223 2630 1261 2666; x_wconf 92' lang='lat' dir='ltr'>in</span> <span class='ocrx_word' id='word_1_236' title='bbox 1284 2642 1363 2666; x_wconf 94' lang='lat' dir='ltr'>uno</span> 
     </span>
     <span class='ocr_line' id='line_1_47' title="bbox 303 2681 1362 2731; baseline 0 -12"><span class='ocrx_word' id='word_1_237' title='bbox 303 2682 504 2731; x_wconf 77' lang='lat' dir='ltr'>principio,</span> <span class='ocrx_word' id='word_1_238' title='bbox 534 2682 584 2718; x_wconf 88' lang='lat' dir='ltr'>ita</span> <span class='ocrx_word' id='word_1_239' title='bbox 618 2689 653 2718; x_wconf 94' lang='lat' dir='ltr'>et</span> <span class='ocrx_word' id='word_1_240' title='bbox 680 2689 856 2730; x_wconf 88' lang='lat' dir='ltr'>peccata:</span> <span class='ocrx_word' id='word_1_241' title='bbox 887 2681 975 2729; x_wconf 91' lang='lat' dir='ltr'>quia</span> <span class='ocrx_word' id='word_1_242' title='bbox 1003 2681 1098 2717; x_wconf 89' lang='lat' dir='ltr'>sicut</span> <span class='ocrx_word' id='word_1_243' title='bbox 1131 2694 1242 2718; x_wconf 89' lang='lat' dir='ltr'>amor</span> <span class='ocrx_word' id='word_1_244' title='bbox 1268 2683 1362 2728; x_wconf 84' lang='lat' dir='ltr'>Dei,</span> 
     </span>
     <span class='ocr_line' id='line_1_48' title="bbox 303 2733 1363 2784; baseline 0.001 -13"><span class='ocrx_word' id='word_1_245' title='bbox 303 2736 369 2784; x_wconf 86' lang='lat' dir='ltr'>qui</span> <span class='ocrx_word' id='word_1_246' title='bbox 382 2735 484 2783; x_wconf 86' lang='lat' dir='ltr'>facit</span> <span class='ocrx_word' id='word_1_247' title='bbox 511 2734 695 2771; x_wconf 79' lang='lat' dir='ltr'>civitatem</span> <span class='ocrx_word' id='word_1_248' title='bbox 724 2736 816 2780; x_wconf 86' lang='lat' dir='ltr'>Dei,</span> <span class='ocrx_word' id='word_1_249' title='bbox 847 2742 903 2771; x_wconf 91' lang='lat' dir='ltr'>est</span> <span class='ocrx_word' id='word_1_250' title='bbox 928 2733 1156 2783; x_wconf 90' lang='lat' dir='ltr'>principium</span> <span class='ocrx_word' id='word_1_251' title='bbox 1185 2742 1221 2771; x_wconf 91' lang='lat' dir='ltr'>et</span> <span class='ocrx_word' id='word_1_252' title='bbox 1258 2735 1363 2772; x_wconf 86' lang='lat' dir='ltr'>radix</span> 
     </span>
     <span class='ocr_line' id='line_1_49' title="bbox 304 2787 1362 2836; baseline -0.001 -11"><span class='ocrx_word' id='word_1_253' title='bbox 304 2787 477 2825; x_wconf 82' lang='lat' dir='ltr'>omnium</span> <span class='ocrx_word' id='word_1_254' title='bbox 503 2787 698 2834; x_wconf 84' lang='lat' dir='ltr'>virtutum,</span> <span class='ocrx_word' id='word_1_255' title='bbox 728 2787 778 2824; x_wconf 88' lang='lat' dir='ltr'>ita</span> <span class='ocrx_word' id='word_1_256' title='bbox 805 2799 916 2824; x_wconf 90' lang='lat' dir='ltr'>amor</span> <span class='ocrx_word' id='word_1_257' title='bbox 941 2788 1011 2833; x_wconf 89' lang='lat' dir='ltr'>sui,</span> <span class='ocrx_word' id='word_1_258' title='bbox 1036 2787 1102 2834; x_wconf 85' lang='lat' dir='ltr'>qui</span> <span class='ocrx_word' id='word_1_259' title='bbox 1115 2788 1219 2836; x_wconf 88' lang='lat' dir='ltr'>facit</span> <span class='ocrx_word' id='word_1_260' title='bbox 1236 2788 1362 2824; x_wconf 81' lang='lat' dir='ltr'>civita-</span> 
     </span>
     <span class='ocr_line' id='line_1_50' title="bbox 303 2839 1364 2888; baseline 0.001 -12"><span class='ocrx_word' id='word_1_261' title='bbox 303 2846 376 2877; x_wconf 87' lang='lat' dir='ltr'>tem</span> <span class='ocrx_word' id='word_1_262' title='bbox 395 2839 615 2888; x_wconf 81' lang='lat' dir='ltr'>Babylonis,</span> <span class='ocrx_word' id='word_1_263' title='bbox 636 2847 691 2876; x_wconf 92' lang='lat' dir='ltr'>est</span> <span class='ocrx_word' id='word_1_264' title='bbox 710 2840 815 2877; x_wconf 86' lang='lat' dir='ltr'>radix</span> <span class='ocrx_word' id='word_1_265' title='bbox 835 2839 1008 2877; x_wconf 89' lang='lat' dir='ltr'>omnium</span> <span class='ocrx_word' id='word_1_266' title='bbox 1037 2848 1301 2888; x_wconf 87' lang='lat' dir='ltr'>peccatorum;</span> <span class='ocrx_word' id='word_1_267' title='bbox 1321 2848 1364 2877; x_wconf 93' lang='lat' dir='ltr'>ut</span> 
     </span>
    </p>
   </div>
   <div class='ocr_carea' id='block_1_15' title="bbox 234 2892 1361 2952">
    <p class='ocr_par' dir='ltr' id='par_1_21' title="bbox 234 2892 1361 2952">
     <span class='ocr_line' id='line_1_51' title="bbox 234 2892 1361 2952; baseline -0.002 -20"><span class='ocrx_word' id='word_1_268' title='bbox 234 2908 276 2932; x_wconf 85' lang='lat'>¹·.·</span> <span class='ocrx_word' id='word_1_269' title='bbox 303 2900 406 2952; x_wconf 76' lang='lat' dir='ltr'>patet</span> <span class='ocrx_word' id='word_1_270' title='bbox 432 2904 501 2941; x_wconf 88' lang='lat' dir='ltr'>per</span> <span class='ocrx_word' id='word_1_271' title='bbox 528 2892 795 2940; x_wconf 88' lang='lat' dir='ltr'>Augustinum,</span> <span class='ocrx_word' id='word_1_272' title='bbox 826 2893 914 2929; x_wconf 91' lang='lat' dir='ltr'>XIV</span> <span class='ocrx_word' id='word_1_273' title='bbox 937 2893 983 2929; x_wconf 86' lang='lat' dir='ltr'>de</span> <span class='ocrx_word' id='word_1_274' title='bbox 1007 2893 1086 2929; x_wconf 78' lang='lat' dir='ltr'>Civ.</span> <span class='ocrx_word' id='word_1_275' title='bbox 1107 2894 1183 2929; x_wconf 89' lang='lat' dir='ltr'>Dei</span> <span class='ocrx_word' id='word_1_276' title='bbox 1198 2893 1228 2929; x_wconf 70' lang='lat'>²¹⁶.</span> <span class='ocrx_word' id='word_1_277' title='bbox 1259 2894 1361 2941; x_wconf 87' lang='lat' dir='ltr'>Ergo</span> 
     </span>
    </p>
   </div>
   <div class='ocr_carea' id='block_1_16' title="bbox 303 2945 1362 3100">
    <p class='ocr_par' dir='ltr' id='par_1_22' title="bbox 303 2945 1362 3100">
     <span class='ocr_line' id='line_1_52' title="bbox 304 2945 1362 2994; baseline 0 -11"><span class='ocrx_word' id='word_1_278' title='bbox 304 2946 417 2983; x_wconf 87' lang='lat' dir='ltr'>etiarn</span> <span class='ocrx_word' id='word_1_279' title='bbox 446 2945 576 2982; x_wconf 89' lang='lat' dir='ltr'>omnia</span> <span class='ocrx_word' id='word_1_280' title='bbox 603 2945 692 2982; x_wconf 90' lang='lat' dir='ltr'>vitia</span> <span class='ocrx_word' id='word_1_281' title='bbox 712 2954 748 2982; x_wconf 90' lang='lat' dir='ltr'>et</span> <span class='ocrx_word' id='word_1_282' title='bbox 775 2952 931 2994; x_wconf 87' lang='lat' dir='ltr'>peccata</span> <span class='ocrx_word' id='word_1_283' title='bbox 959 2952 1045 2982; x_wconf 93' lang='lat' dir='ltr'>sunt</span> <span class='ocrx_word' id='word_1_284' title='bbox 1074 2957 1257 2993; x_wconf 89' lang='lat' dir='ltr'>connexa,</span> <span class='ocrx_word' id='word_1_285' title='bbox 1278 2946 1327 2983; x_wconf 89' lang='lat' dir='ltr'>ita</span> <span class='ocrx_word' id='word_1_286' title='bbox 1346 2952 1362 2974; x_wconf 76' lang='grc' dir='ltr'><strong>Υ</strong></span> 
     </span>
     <span class='ocr_line' id='line_1_53' title="bbox 303 2998 1075 3047; baseline -0.003 -11"><span class='ocrx_word' id='word_1_287' title='bbox 303 3006 344 3036; x_wconf 93' lang='lat' dir='ltr'>ut</span> <span class='ocrx_word' id='word_1_288' title='bbox 371 2998 436 3047; x_wconf 91' lang='lat' dir='ltr'>qui</span> <span class='ocrx_word' id='word_1_289' title='bbox 463 3010 584 3035; x_wconf 91' lang='lat' dir='ltr'>unum</span> <span class='ocrx_word' id='word_1_290' title='bbox 613 2998 739 3046; x_wconf 87' lang='lat' dir='ltr'>habet,</span> <span class='ocrx_word' id='word_1_291' title='bbox 767 2999 907 3036; x_wconf 89' lang='lat' dir='ltr'>habeat</span> <span class='ocrx_word' id='word_1_292' title='bbox 935 2998 1075 3035; x_wconf 86' lang='lat' dir='ltr'>omnia.</span> 
     </span>
     <span class='ocr_line' id='line_1_54' title="bbox 357 3051 1361 3100; baseline 0 -12"><span class='ocrx_word' id='word_1_293' title='bbox 357 3052 432 3088; x_wconf 77' lang='lat' dir='ltr'>SED</span> <span class='ocrx_word' id='word_1_294' title='bbox 460 3062 620 3098; x_wconf 78' lang='lat' dir='ltr'>CONTRA,</span> <span class='ocrx_word' id='word_1_295' title='bbox 650 3051 840 3100; x_wconf 87' lang='lat' dir='ltr'>quaedam</span> <span class='ocrx_word' id='word_1_296' title='bbox 867 3051 958 3088; x_wconf 89' lang='lat' dir='ltr'>vitia</span> <span class='ocrx_word' id='word_1_297' title='bbox 986 3058 1073 3088; x_wconf 86' lang='lat' dir='ltr'>sunt</span> <span class='ocrx_word' id='word_1_298' title='bbox 1100 3051 1170 3088; x_wconf 89' lang='lat' dir='ltr'>sibi</span> <span class='ocrx_word' id='word_1_299' title='bbox 1197 3051 1361 3088; x_wconf 89' lang='lat' dir='ltr'>invicem</span> 
     </span>
    </p>
   </div>
   <div class='ocr_carea' id='block_1_17' title="bbox 123 3104 1363 3163">
    <p class='ocr_par' dir='ltr' id='par_1_23' title="bbox 123 3104 1363 3163">
     <span class='ocr_line' id='line_1_55' title="bbox 123 3104 1363 3163; baseline 0.001 -24"><span class='ocrx_word' id='word_1_300' title='bbox 123 3117 138 3139; x_wconf 72' lang='lat' dir='ltr'>p</span> <span class='ocrx_word' id='word_1_301' title='bbox 195 3117 211 3139; x_wconf 76' lang='grc' dir='ltr'>ι,</span> <span class='ocrx_word' id='word_1_302' title='bbox 243 3118 274 3159; x_wconf 77' lang='lat'>&#39;¹3</span> <span class='ocrx_word' id='word_1_303' title='bbox 304 3104 499 3151; x_wconf 90' lang='lat' dir='ltr'>contraria,</span> <span class='ocrx_word' id='word_1_304' title='bbox 520 3111 561 3140; x_wconf 92' lang='lat' dir='ltr'>ut</span> <span class='ocrx_word' id='word_1_305' title='bbox 581 3110 684 3151; x_wconf 87' lang='lat' dir='ltr'>patet</span> <span class='ocrx_word' id='word_1_306' title='bbox 701 3115 769 3152; x_wconf 90' lang='lat' dir='ltr'>per</span> <span class='ocrx_word' id='word_1_307' title='bbox 787 3104 1106 3163; x_wconf 86' lang='lat' dir='ltr'>Philosophum,</span> <span class='ocrx_word' id='word_1_308' title='bbox 1098 3116 1137 3140; x_wconf 83' lang='lat' dir='ltr'>in</span> <span class='ocrx_word' id='word_1_309' title='bbox 1156 3105 1187 3140; x_wconf 91' lang='lat' dir='ltr'>II</span> <span class='ocrx_word' id='word_1_310' title='bbox 1207 3105 1326 3140; x_wconf 87' lang='lat' dir='ltr'>Ethic.</span> <span class='ocrx_word' id='word_1_311' title='bbox 1343 3104 1363 3126; x_wconf 76' lang='lat'>’¹‘</span> 
     </span>
    </p>
   </div>
   <div class='ocr_carea' id='block_1_18' title="bbox 303 3156 1363 3362">
    <p class='ocr_par' dir='ltr' id='par_1_24' title="bbox 303 3156 1361 3300">
     <span class='ocr_line' id='line_1_56' title="bbox 304 3156 1360 3205; baseline -0.001 -11"><span class='ocrx_word' id='word_1_312' title='bbox 304 3157 381 3194; x_wconf 87' lang='lat' dir='ltr'>Sed</span> <span class='ocrx_word' id='word_1_313' title='bbox 410 3156 644 3205; x_wconf 86' lang='lat' dir='ltr'>impossibile</span> <span class='ocrx_word' id='word_1_314' title='bbox 665 3163 720 3192; x_wconf 91' lang='lat' dir='ltr'>est</span> <span class='ocrx_word' id='word_1_315' title='bbox 739 3156 924 3193; x_wconf 86' lang='lat' dir='ltr'>contraria</span> <span class='ocrx_word' id='word_1_316' title='bbox 948 3156 1087 3193; x_wconf 91' lang='lat' dir='ltr'>simul</span> <span class='ocrx_word' id='word_1_317' title='bbox 1078 3168 1202 3194; x_wconf 89' lang='lat' dir='ltr'>messe</span> <span class='ocrx_word' id='word_1_318' title='bbox 1222 3156 1360 3193; x_wconf 90' lang='lat' dir='ltr'>eidem.</span> 
     </span>
     <span class='ocr_line' id='line_1_57' title="bbox 303 3208 1361 3258; baseline -0.001 -11"><span class='ocrx_word' id='word_1_319' title='bbox 303 3211 405 3258; x_wconf 85' lang='lat' dir='ltr'>Ergo</span> <span class='ocrx_word' id='word_1_320' title='bbox 435 3208 667 3258; x_wconf 88' lang='lat' dir='ltr'>impossibile</span> <span class='ocrx_word' id='word_1_321' title='bbox 688 3216 743 3245; x_wconf 89' lang='lat' dir='ltr'>est</span> <span class='ocrx_word' id='word_1_322' title='bbox 763 3209 892 3245; x_wconf 89' lang='lat' dir='ltr'>omnia</span> <span class='ocrx_word' id='word_1_323' title='bbox 919 3216 1076 3257; x_wconf 88' lang='lat' dir='ltr'>peccata</span> <span class='ocrx_word' id='word_1_324' title='bbox 1106 3215 1142 3245; x_wconf 92' lang='lat' dir='ltr'>et</span> <span class='ocrx_word' id='word_1_325' title='bbox 1168 3209 1259 3246; x_wconf 86' lang='lat' dir='ltr'>vitia</span> <span class='ocrx_word' id='word_1_326' title='bbox 1279 3221 1361 3246; x_wconf 90' lang='lat' dir='ltr'>esse</span> 
     </span>
     <span class='ocr_line' id='line_1_58' title="bbox 303 3262 782 3300; baseline -0.006 0"><span class='ocrx_word' id='word_1_327' title='bbox 303 3263 375 3300; x_wconf 91' lang='lat' dir='ltr'>sibi</span> <span class='ocrx_word' id='word_1_328' title='bbox 402 3262 566 3299; x_wconf 85' lang='lat' dir='ltr'>invicem</span> <span class='ocrx_word' id='word_1_329' title='bbox 597 3273 782 3298; x_wconf 74' lang='lat' dir='ltr'>connexa.v</span> 
     </span>
    </p>

    <p class='ocr_par' dir='ltr' id='par_1_25' title="bbox 357 3313 1363 3362">
     <span class='ocr_line' id='line_1_59' title="bbox 357 3313 1363 3362; baseline -0.002 -10"><span class='ocrx_word' id='word_1_330' title='bbox 357 3317 580 3352; x_wconf 80' lang='lat' dir='ltr'>RESPONDEO</span> <span class='ocrx_word' id='word_1_331' title='bbox 609 3326 793 3351; x_wconf 63' lang='lat' dir='ltr'>mensuum</span> <span class='ocrx_word' id='word_1_332' title='bbox 826 3313 930 3362; x_wconf 93' lang='lat' dir='ltr'>quod</span> <span class='ocrx_word' id='word_1_333' title='bbox 967 3313 1071 3349; x_wconf 90' lang='lat' dir='ltr'>aliter</span> <span class='ocrx_word' id='word_1_334' title='bbox 1098 3325 1138 3349; x_wconf 92' lang='lat' dir='ltr'>se</span> <span class='ocrx_word' id='word_1_335' title='bbox 1166 3314 1280 3350; x_wconf 87' lang='lat' dir='ltr'>habet</span> <span class='ocrx_word' id='word_1_336' title='bbox 1307 3314 1363 3350; x_wconf 91' lang='lat' dir='ltr'>in-</span> 
     </span>
    </p>
   </div>
   <div class='ocr_carea' id='block_1_19' title="bbox 357 3428 1362 3498">
    <p class='ocr_par' dir='ltr' id='par_1_26' title="bbox 357 3428 1362 3498">
     <span class='ocr_line' id='line_1_60' title="bbox 357 3428 667 3462; baseline -0.006 -9"><span class='ocrx_word' id='word_1_337' title='bbox 357 3428 384 3462; x_wconf 82' lang='grc' dir='ltr'>α)</span> <span class='ocrx_word' id='word_1_338' title='bbox 405 3436 466 3453; x_wconf 84' lang='lat' dir='ltr'>uno.</span> <span class='ocrx_word' id='word_1_339' title='bbox 484 3442 502 3447; x_wconf 95' lang='lat'>—</span> <span class='ocrx_word' id='word_1_340' title='bbox 522 3429 547 3452; x_wconf 81' lang='lat' dir='ltr'>in</span> <span class='ocrx_word' id='word_1_341' title='bbox 569 3435 620 3452; x_wconf 84' lang='lat' dir='ltr'>uno</span> <span class='ocrx_word' id='word_1_342' title='bbox 640 3428 667 3451; x_wconf 84' lang='lat' dir='ltr'>P.</span> 
     </span>
     <span class='ocr_line' id='line_1_61' title="bbox 357 3461 1362 3498; baseline -0.005 -9"><span class='ocrx_word' id='word_1_343' title='bbox 357 3463 382 3498; x_wconf 82' lang='grc' dir='ltr'>β)</span> <span class='ocrx_word' id='word_1_344' title='bbox 402 3470 500 3488; x_wconf 87' lang='lat' dir='ltr'>omnes.</span> <span class='ocrx_word' id='word_1_345' title='bbox 512 3477 531 3482; x_wconf 97' lang='lat'>—</span> <span class='ocrx_word' id='word_1_346' title='bbox 545 3463 605 3487; x_wconf 90' lang='lat' dir='ltr'>Orn.</span> <span class='ocrx_word' id='word_1_347' title='bbox 619 3461 887 3494; x_wconf 74' lang='lat' dir='ltr'>ABCEFGHIKLpD.</span> <span class='ocrx_word' id='word_1_348' title='bbox 906 3475 922 3480; x_wconf 93' lang='lat'>—</span> <span class='ocrx_word' id='word_1_349' title='bbox 943 3462 992 3486; x_wconf 82' lang='lat' dir='ltr'>Pro</span> <span class='ocrx_word' id='word_1_350' title='bbox 1012 3469 1086 3493; x_wconf 84' lang='lat' dir='ltr'>quae,</span> <span class='ocrx_word' id='word_1_351' title='bbox 1107 3462 1168 3493; x_wconf 85' lang='lat' dir='ltr'>quia</span> <span class='ocrx_word' id='word_1_352' title='bbox 1182 3461 1296 3491; x_wconf 73' lang='lat' dir='ltr'>DEFsB5</span> <span class='ocrx_word' id='word_1_353' title='bbox 1317 3461 1362 3492; x_wconf 83' lang='lat' dir='ltr'>qui</span> 
     </span>
    </p>
   </div>
   <div class='ocr_carea' id='block_1_20' title="bbox 303 3500 963 3576">
    <p class='ocr_par' dir='ltr' id='par_1_27' title="bbox 303 3500 963 3576">
     <span class='ocr_line' id='line_1_62' title="bbox 303 3500 397 3532; baseline -0.011 -8"><span class='ocrx_word' id='word_1_354' title='bbox 303 3500 397 3532; x_wconf 75' lang='lat' dir='ltr'>Axpss.</span> 
     </span>
     <span class='ocr_line' id='line_1_63' title="bbox 445 3550 963 3576; baseline -0.006 0"><span class='ocrx_word' id='word_1_355' title='bbox 445 3554 553 3576; x_wconf 71' lang='lat' dir='ltr'>Smnmr,</span> <span class='ocrx_word' id='word_1_356' title='bbox 573 3551 673 3575; x_wconf 61' lang='lat' dir='ltr'>Tuam..</span> <span class='ocrx_word' id='word_1_357' title='bbox 694 3551 723 3574; x_wconf 75' lang='lat' dir='ltr'>D.</span> <span class='ocrx_word' id='word_1_358' title='bbox 739 3550 852 3574; x_wconf 65' lang='lat' dir='ltr'>Tnmm:</span> <span class='ocrx_word' id='word_1_359' title='bbox 872 3550 902 3574; x_wconf 82' lang='lat' dir='ltr'>T.</span> <span class='ocrx_word' id='word_1_360' title='bbox 922 3551 963 3574; x_wconf 78' lang='lat' dir='ltr'>lv.</span> 
     </span>
    </p>
   </div>
   <div class='ocr_carea' id='block_1_21' title="bbox 1417 1626 2470 1992">
    <p class='ocr_par' dir='ltr' id='par_1_28' title="bbox 1417 1626 2470 1992">
     <span class='ocr_line' id='line_1_64' title="bbox 1418 1626 2469 1677; baseline 0.004 -15"><span class='ocrx_word' id='word_1_361' title='bbox 1418 1626 1533 1663; x_wconf 91' lang='lat' dir='ltr'>tentio</span> <span class='ocrx_word' id='word_1_362' title='bbox 1562 1626 1705 1675; x_wconf 87' lang='lat' dir='ltr'>agentis</span> <span class='ocrx_word' id='word_1_363' title='bbox 1732 1628 1942 1664; x_wconf 90' lang='lat' dir='ltr'>secundum</span> <span class='ocrx_word' id='word_1_364' title='bbox 1970 1628 2147 1665; x_wconf 89' lang='lat' dir='ltr'>virtutem</span> <span class='ocrx_word' id='word_1_365' title='bbox 2167 1628 2215 1665; x_wconf 87' lang='lat' dir='ltr'>ad</span> <span class='ocrx_word' id='word_1_366' title='bbox 2234 1629 2469 1677; x_wconf 89' lang='lat' dir='ltr'>sequendum</span> 
     </span>
     <span class='ocr_line' id='line_1_65' title="bbox 1418 1679 2470 1729; baseline 0.003 -14"><span class='ocrx_word' id='word_1_367' title='bbox 1418 1679 1616 1726; x_wconf 88' lang='lat' dir='ltr'>rationem,</span> <span class='ocrx_word' id='word_1_368' title='bbox 1643 1687 1679 1716; x_wconf 91' lang='lat' dir='ltr'>et</span> <span class='ocrx_word' id='word_1_369' title='bbox 1706 1680 1810 1716; x_wconf 92' lang='lat' dir='ltr'>aliter</span> <span class='ocrx_word' id='word_1_370' title='bbox 1831 1680 1986 1717; x_wconf 91' lang='lat' dir='ltr'>intentio</span> <span class='ocrx_word' id='word_1_371' title='bbox 2010 1681 2198 1729; x_wconf 91' lang='lat' dir='ltr'>peccantis</span> <span class='ocrx_word' id='word_1_372' title='bbox 2219 1683 2265 1719; x_wconf 90' lang='lat' dir='ltr'>ad</span> <span class='ocrx_word' id='word_1_373' title='bbox 2286 1682 2470 1718; x_wconf 89' lang='lat' dir='ltr'>diverten-</span> 
     </span>
     <span class='ocr_line' id='line_1_66' title="bbox 1419 1732 2469 1781; baseline 0.002 -13"><span class='ocrx_word' id='word_1_374' title='bbox 1419 1732 1511 1768; x_wconf 91' lang='lat' dir='ltr'>dum</span> <span class='ocrx_word' id='word_1_375' title='bbox 1532 1745 1553 1768; x_wconf 90' lang='lat' dir='ltr'>a</span> <span class='ocrx_word' id='word_1_376' title='bbox 1573 1732 1728 1769; x_wconf 91' lang='lat' dir='ltr'>ratione.</span> <span class='ocrx_word' id='word_1_377' title='bbox 1751 1732 1958 1769; x_wconf 90' lang='lat' dir='ltr'>Cuiuslibet</span> <span class='ocrx_word' id='word_1_378' title='bbox 1978 1733 2077 1769; x_wconf 91' lang='lat' dir='ltr'>enim</span> <span class='ocrx_word' id='word_1_379' title='bbox 2098 1734 2240 1781; x_wconf 88' lang='lat' dir='ltr'>agentis</span> <span class='ocrx_word' id='word_1_380' title='bbox 2260 1735 2469 1771; x_wconf 91' lang='lat' dir='ltr'>secundum</span> 
     </span>
     <span class='ocr_line' id='line_1_67' title="bbox 1418 1784 2470 1835; baseline 0.002 -14"><span class='ocrx_word' id='word_1_381' title='bbox 1418 1784 1595 1821; x_wconf 89' lang='lat' dir='ltr'>virtutem</span> <span class='ocrx_word' id='word_1_382' title='bbox 1615 1785 1770 1822; x_wconf 89' lang='lat' dir='ltr'>intentio</span> <span class='ocrx_word' id='word_1_383' title='bbox 1800 1793 1855 1822; x_wconf 91' lang='lat' dir='ltr'>est</span> <span class='ocrx_word' id='word_1_384' title='bbox 1872 1793 1913 1822; x_wconf 87' lang='lat' dir='ltr'>ut</span> <span class='ocrx_word' id='word_1_385' title='bbox 1941 1786 2093 1822; x_wconf 89' lang='lat' dir='ltr'>rationis</span> <span class='ocrx_word' id='word_1_386' title='bbox 2112 1784 2125 1807; x_wconf 68' lang='grc' dir='ltr'><strong>ὅ</strong></span> <span class='ocrx_word' id='word_1_387' title='bbox 2145 1788 2312 1834; x_wconf 90' lang='lat' dir='ltr'>regulam</span> <span class='ocrx_word' id='word_1_388' title='bbox 2336 1798 2470 1835; x_wconf 86' lang='lat' dir='ltr'>sequa—</span> 
     </span>
     <span class='ocr_line' id='line_1_68' title="bbox 1417 1838 2470 1877; baseline 0.002 -4"><span class='ocrx_word' id='word_1_389' title='bbox 1417 1844 1496 1873; x_wconf 87' lang='lat' dir='ltr'>tur:</span> <span class='ocrx_word' id='word_1_390' title='bbox 1527 1845 1562 1874; x_wconf 92' lang='lat' dir='ltr'>et</span> <span class='ocrx_word' id='word_1_391' title='bbox 1588 1838 1674 1874; x_wconf 91' lang='lat' dir='ltr'>ideo</span> <span class='ocrx_word' id='word_1_392' title='bbox 1708 1838 1882 1875; x_wconf 88' lang='lat' dir='ltr'>omniurn</span> <span class='ocrx_word' id='word_1_393' title='bbox 1909 1838 2091 1875; x_wconf 85' lang='lat' dir='ltr'>virtutum</span> <span class='ocrx_word' id='word_1_394' title='bbox 2128 1839 2283 1876; x_wconf 89' lang='lat' dir='ltr'>intentio</span> <span class='ocrx_word' id='word_1_395' title='bbox 2312 1839 2350 1876; x_wconf 89' lang='lat' dir='ltr'>in</span> <span class='ocrx_word' id='word_1_396' title='bbox 2368 1840 2470 1877; x_wconf 90' lang='lat' dir='ltr'>idem</span> 
     </span>
     <span class='ocr_line' id='line_1_69' title="bbox 1418 1890 2470 1939; baseline 0.002 -13"><span class='ocrx_word' id='word_1_397' title='bbox 1418 1890 1545 1927; x_wconf 90' lang='lat' dir='ltr'>tendit.</span> <span class='ocrx_word' id='word_1_398' title='bbox 1562 1891 1611 1927; x_wconf 90' lang='lat' dir='ltr'>Et</span> <span class='ocrx_word' id='word_1_399' title='bbox 1628 1898 1782 1939; x_wconf 89' lang='lat' dir='ltr'>propter</span> <span class='ocrx_word' id='word_1_400' title='bbox 1801 1892 1874 1927; x_wconf 90' lang='lat' dir='ltr'>hoc</span> <span class='ocrx_word' id='word_1_401' title='bbox 1895 1903 2029 1928; x_wconf 91' lang='lat' dir='ltr'>omnes</span> <span class='ocrx_word' id='word_1_402' title='bbox 2047 1891 2203 1928; x_wconf 90' lang='lat' dir='ltr'>virtutes</span> <span class='ocrx_word' id='word_1_403' title='bbox 2222 1892 2363 1928; x_wconf 88' lang='lat' dir='ltr'>habent</span> <span class='ocrx_word' id='word_1_404' title='bbox 2382 1904 2470 1928; x_wconf 90' lang='lat' dir='ltr'>con-</span> 
     </span>
     <span class='ocr_line' id='line_1_70' title="bbox 1418 1943 2469 1992; baseline 0.002 -13"><span class='ocrx_word' id='word_1_405' title='bbox 1418 1943 1620 1980; x_wconf 88' lang='lat' dir='ltr'>nexionem</span> <span class='ocrx_word' id='word_1_406' title='bbox 1649 1943 1697 1980; x_wconf 92' lang='lat' dir='ltr'>ad</span> <span class='ocrx_word' id='word_1_407' title='bbox 1725 1943 1890 1980; x_wconf 89' lang='lat' dir='ltr'>invicem</span> <span class='ocrx_word' id='word_1_408' title='bbox 1914 1944 1952 1980; x_wconf 91' lang='lat' dir='ltr'>in</span> <span class='ocrx_word' id='word_1_409' title='bbox 1976 1944 2119 1980; x_wconf 85' lang='lat' dir='ltr'>ratione</span> <span class='ocrx_word' id='word_1_410' title='bbox 2145 1947 2248 1981; x_wconf 81' lang='lat' dir='ltr'>&#39;recta</span> <span class='ocrx_word' id='word_1_411' title='bbox 2266 1944 2469 1992; x_wconf 86' lang='lat' dir='ltr'>agibilium,</span> 
     </span>
    </p>
   </div>
   <div class='ocr_carea' id='block_1_22' title="bbox 1419 1996 2699 2044">
    <p class='ocr_par' dir='ltr' id='par_1_29' title="bbox 1419 1996 2699 2044">
     <span class='ocr_line' id='line_1_71' title="bbox 1419 1996 2699 2044; baseline 0.002 -12"><span class='ocrx_word' id='word_1_412' title='bbox 1419 2008 1515 2044; x_wconf 91' lang='lat' dir='ltr'>quae</span> <span class='ocrx_word' id='word_1_413' title='bbox 1553 2003 1609 2032; x_wconf 88' lang='lat' dir='ltr'>est</span> <span class='ocrx_word' id='word_1_414' title='bbox 1645 1997 1869 2044; x_wconf 89' lang='lat' dir='ltr'>prudentia,</span> <span class='ocrx_word' id='word_1_415' title='bbox 1905 1996 2000 2033; x_wconf 91' lang='lat' dir='ltr'>sicut</span> <span class='ocrx_word' id='word_1_416' title='bbox 2031 2009 2144 2044; x_wconf 87' lang='lat' dir='ltr'>supra</span> <span class='ocrx_word' id='word_1_417' title='bbox 2177 1997 2317 2034; x_wconf 87' lang='lat' dir='ltr'>dictum</span> <span class='ocrx_word' id='word_1_418' title='bbox 2350 1997 2370 2018; x_wconf 84' lang='lat'>*</span> <span class='ocrx_word' id='word_1_419' title='bbox 2405 2006 2470 2034; x_wconf 89' lang='lat' dir='ltr'>est.</span> <span class='ocrx_word' id='word_1_420' title='bbox 2499 2003 2651 2030; x_wconf 44' lang='lat' dir='ltr'>&#39;Qu-ma</span> <span class='ocrx_word' id='word_1_421' title='bbox 2691 2009 2699 2024; x_wconf 88' lang='lat'>¹</span> 
     </span>
    </p>
   </div>
   <div class='ocr_carea' id='block_1_23' title="bbox 1416 2049 2471 2993">
    <p class='ocr_par' dir='ltr' id='par_1_30' title="bbox 1416 2049 2471 2824">
     <span class='ocr_line' id='line_1_72' title="bbox 1419 2049 2470 2098; baseline 0.002 -13"><span class='ocrx_word' id='word_1_422' title='bbox 1419 2049 1495 2085; x_wconf 92' lang='lat' dir='ltr'>Sed</span> <span class='ocrx_word' id='word_1_423' title='bbox 1523 2049 1678 2085; x_wconf 86' lang='lat' dir='ltr'>intentio</span> <span class='ocrx_word' id='word_1_424' title='bbox 1698 2049 1888 2098; x_wconf 87' lang='lat' dir='ltr'>peccantis</span> <span class='ocrx_word' id='word_1_425' title='bbox 1916 2061 1994 2086; x_wconf 92' lang='lat' dir='ltr'>non</span> <span class='ocrx_word' id='word_1_426' title='bbox 2023 2056 2077 2085; x_wconf 90' lang='lat' dir='ltr'>est</span> <span class='ocrx_word' id='word_1_427' title='bbox 2105 2049 2154 2086; x_wconf 88' lang='lat' dir='ltr'>ad</span> <span class='ocrx_word' id='word_1_428' title='bbox 2180 2051 2254 2086; x_wconf 91' lang='lat' dir='ltr'>hoc</span> <span class='ocrx_word' id='word_1_429' title='bbox 2283 2050 2386 2097; x_wconf 93' lang='lat' dir='ltr'>quod</span> <span class='ocrx_word' id='word_1_430' title='bbox 2415 2063 2470 2086; x_wconf 92' lang='lat' dir='ltr'>re-</span> 
     </span>
     <span class='ocr_line' id='line_1_73' title="bbox 1419 2101 2471 2150; baseline 0.002 -12"><span class='ocrx_word' id='word_1_431' title='bbox 1419 2101 1526 2138; x_wconf 89' lang='lat' dir='ltr'>cedat</span> <span class='ocrx_word' id='word_1_432' title='bbox 1554 2102 1601 2138; x_wconf 89' lang='lat' dir='ltr'>ab</span> <span class='ocrx_word' id='word_1_433' title='bbox 1631 2114 1677 2138; x_wconf 91' lang='lat' dir='ltr'>eo</span> <span class='ocrx_word' id='word_1_434' title='bbox 1706 2102 1811 2150; x_wconf 92' lang='lat' dir='ltr'>quod</span> <span class='ocrx_word' id='word_1_435' title='bbox 1847 2110 1902 2138; x_wconf 91' lang='lat' dir='ltr'>est</span> <span class='ocrx_word' id='word_1_436' title='bbox 1930 2103 2140 2139; x_wconf 90' lang='lat' dir='ltr'>secundum</span> <span class='ocrx_word' id='word_1_437' title='bbox 2170 2102 2374 2139; x_wconf 89' lang='lat' dir='ltr'>rationem:</span> <span class='ocrx_word' id='word_1_438' title='bbox 2404 2104 2471 2140; x_wconf 90' lang='lat' dir='ltr'>sed</span> 
     </span>
     <span class='ocr_line' id='line_1_74' title="bbox 1418 2154 2471 2203; baseline 0.002 -13"><span class='ocrx_word' id='word_1_439' title='bbox 1418 2154 1542 2203; x_wconf 90' lang='lat' dir='ltr'>potius</span> <span class='ocrx_word' id='word_1_440' title='bbox 1569 2162 1610 2191; x_wconf 92' lang='lat' dir='ltr'>ut</span> <span class='ocrx_word' id='word_1_441' title='bbox 1637 2154 1766 2192; x_wconf 85' lang='lat' dir='ltr'>tendat</span> <span class='ocrx_word' id='word_1_442' title='bbox 1791 2154 1830 2191; x_wconf 92' lang='lat' dir='ltr'>in</span> <span class='ocrx_word' id='word_1_443' title='bbox 1859 2154 2013 2202; x_wconf 87' lang='lat' dir='ltr'>aliquod</span> <span class='ocrx_word' id='word_1_444' title='bbox 2037 2155 2182 2191; x_wconf 90' lang='lat' dir='ltr'>bonum</span> <span class='ocrx_word' id='word_1_445' title='bbox 2208 2155 2419 2203; x_wconf 86' lang='lat' dir='ltr'>appetibile,</span> <span class='ocrx_word' id='word_1_446' title='bbox 2449 2168 2471 2192; x_wconf 93' lang='lat' dir='ltr'>a</span> 
     </span>
     <span class='ocr_line' id='line_1_75' title="bbox 1418 2207 2471 2255; baseline 0.001 -12"><span class='ocrx_word' id='word_1_447' title='bbox 1418 2219 1495 2255; x_wconf 91' lang='lat' dir='ltr'>quo</span> <span class='ocrx_word' id='word_1_448' title='bbox 1525 2207 1691 2255; x_wconf 88' lang='lat' dir='ltr'>speciem</span> <span class='ocrx_word' id='word_1_449' title='bbox 1720 2207 1882 2244; x_wconf 86' lang='lat' dir='ltr'>sortitur.</span> <span class='ocrx_word' id='word_1_450' title='bbox 1913 2207 2142 2244; x_wconf 89' lang='lat' dir='ltr'>Huiusmodi</span> <span class='ocrx_word' id='word_1_451' title='bbox 2167 2214 2293 2244; x_wconf 88' lang='lat' dir='ltr'>autem</span> <span class='ocrx_word' id='word_1_452' title='bbox 2313 2208 2414 2245; x_wconf 93' lang='lat' dir='ltr'>bona</span> <span class='ocrx_word' id='word_1_453' title='bbox 2433 2208 2471 2244; x_wconf 94' lang='lat' dir='ltr'>in</span> 
     </span>
     <span class='ocr_line' id='line_1_76' title="bbox 1419 2260 2470 2308; baseline 0.001 -12"><span class='ocrx_word' id='word_1_454' title='bbox 1419 2272 1515 2308; x_wconf 89' lang='lat' dir='ltr'>quae</span> <span class='ocrx_word' id='word_1_455' title='bbox 1535 2260 1653 2296; x_wconf 90' lang='lat' dir='ltr'>tendit</span> <span class='ocrx_word' id='word_1_456' title='bbox 1679 2260 1836 2297; x_wconf 92' lang='lat' dir='ltr'>intentio</span> <span class='ocrx_word' id='word_1_457' title='bbox 1854 2260 2045 2308; x_wconf 89' lang='lat' dir='ltr'>peccantis</span> <span class='ocrx_word' id='word_1_458' title='bbox 2073 2272 2095 2296; x_wconf 90' lang='lat' dir='ltr'>a</span> <span class='ocrx_word' id='word_1_459' title='bbox 2114 2260 2257 2297; x_wconf 90' lang='lat' dir='ltr'>ratione</span> <span class='ocrx_word' id='word_1_460' title='bbox 2279 2261 2470 2307; x_wconf 89' lang='lat' dir='ltr'>recedens,</span> 
     </span>
     <span class='ocr_line' id='line_1_77' title="bbox 1419 2312 2471 2360; baseline 0.001 -11"><span class='ocrx_word' id='word_1_461' title='bbox 1419 2320 1504 2349; x_wconf 89' lang='lat' dir='ltr'>sunt</span> <span class='ocrx_word' id='word_1_462' title='bbox 1533 2313 1706 2360; x_wconf 87' lang='lat' dir='ltr'>diversa,</span> <span class='ocrx_word' id='word_1_463' title='bbox 1737 2313 1879 2349; x_wconf 90' lang='lat' dir='ltr'>nullam</span> <span class='ocrx_word' id='word_1_464' title='bbox 1910 2312 2185 2349; x_wconf 88' lang='lat' dir='ltr'>connexionem</span> <span class='ocrx_word' id='word_1_465' title='bbox 2218 2313 2395 2349; x_wconf 87' lang='lat' dir='ltr'>habentia</span> <span class='ocrx_word' id='word_1_466' title='bbox 2422 2314 2471 2350; x_wconf 86' lang='lat' dir='ltr'>ad</span> 
     </span>
     <span class='ocr_line' id='line_1_78' title="bbox 1418 2365 2469 2403; baseline 0.001 -2"><span class='ocrx_word' id='word_1_467' title='bbox 1418 2365 1603 2402; x_wconf 88' lang='lat' dir='ltr'>invicem:</span> <span class='ocrx_word' id='word_1_468' title='bbox 1631 2365 1752 2402; x_wconf 89' lang='lat' dir='ltr'>immo</span> <span class='ocrx_word' id='word_1_469' title='bbox 1789 2366 1900 2402; x_wconf 85' lang='lat' dir='ltr'>etiarn</span> <span class='ocrx_word' id='word_1_470' title='bbox 1934 2365 2123 2403; x_wconf 87' lang='lat' dir='ltr'>interdum</span> <span class='ocrx_word' id='word_1_471' title='bbox 2157 2373 2242 2402; x_wconf 91' lang='lat' dir='ltr'>sunt</span> <span class='ocrx_word' id='word_1_472' title='bbox 2274 2366 2469 2402; x_wconf 87' lang='lat' dir='ltr'>contraria.</span> 
     </span>
     <span class='ocr_line' id='line_1_79' title="bbox 1419 2418 2470 2467; baseline -0.001 -12"><span class='ocrx_word' id='word_1_473' title='bbox 1419 2418 1519 2455; x_wconf 89' lang='lat' dir='ltr'>Cum</span> <span class='ocrx_word' id='word_1_474' title='bbox 1547 2418 1656 2466; x_wconf 87' lang='lat' dir='ltr'>igitur</span> <span class='ocrx_word' id='word_1_475' title='bbox 1674 2418 1765 2455; x_wconf 90' lang='lat' dir='ltr'>vitia</span> <span class='ocrx_word' id='word_1_476' title='bbox 1785 2426 1821 2454; x_wconf 93' lang='lat' dir='ltr'>et</span> <span class='ocrx_word' id='word_1_477' title='bbox 1847 2425 2002 2466; x_wconf 89' lang='lat' dir='ltr'>peccata</span> <span class='ocrx_word' id='word_1_478' title='bbox 2030 2418 2195 2467; x_wconf 90' lang='lat' dir='ltr'>speciem</span> <span class='ocrx_word' id='word_1_479' title='bbox 2224 2419 2387 2455; x_wconf 88' lang='lat' dir='ltr'>habeant</span> <span class='ocrx_word' id='word_1_480' title='bbox 2414 2431 2470 2455; x_wconf 90' lang='lat' dir='ltr'>se-</span> 
     </span>
     <span class='ocr_line' id='line_1_80' title="bbox 1419 2470 2470 2519; baseline 0 -12"><span class='ocrx_word' id='word_1_481' title='bbox 1419 2471 1587 2508; x_wconf 90' lang='lat' dir='ltr'>cundum</span> <span class='ocrx_word' id='word_1_482' title='bbox 1615 2470 1705 2508; x_wconf 92' lang='lat' dir='ltr'>illud</span> <span class='ocrx_word' id='word_1_483' title='bbox 1726 2471 1773 2508; x_wconf 84' lang='lat' dir='ltr'>ad</span> <span class='ocrx_word' id='word_1_484' title='bbox 1802 2471 1907 2519; x_wconf 90' lang='lat' dir='ltr'>quod</span> <span class='ocrx_word' id='word_1_485' title='bbox 1931 2478 2211 2517; x_wconf 89' lang='lat' dir='ltr'>convertuntur,</span> <span class='ocrx_word' id='word_1_486' title='bbox 2232 2471 2470 2507; x_wconf 89' lang='lat' dir='ltr'>manifestum</span> 
     </span>
     <span class='ocr_line' id='line_1_81' title="bbox 1419 2523 2469 2572; baseline -0.001 -12"><span class='ocrx_word' id='word_1_487' title='bbox 1419 2532 1473 2560; x_wconf 91' lang='lat' dir='ltr'>est</span> <span class='ocrx_word' id='word_1_488' title='bbox 1493 2524 1613 2572; x_wconf 90' lang='lat' dir='ltr'>quod,</span> <span class='ocrx_word' id='word_1_489' title='bbox 1638 2524 1849 2560; x_wconf 89' lang='lat' dir='ltr'>secundum</span> <span class='ocrx_word' id='word_1_490' title='bbox 1877 2523 1965 2560; x_wconf 91' lang='lat' dir='ltr'>illud</span> <span class='ocrx_word' id='word_1_491' title='bbox 1985 2525 2088 2572; x_wconf 87' lang='lat' dir='ltr'>quod</span> <span class='ocrx_word' id='word_1_492' title='bbox 2107 2523 2251 2572; x_wconf 91' lang='lat' dir='ltr'>perficit</span> <span class='ocrx_word' id='word_1_493' title='bbox 2274 2523 2437 2571; x_wconf 88' lang='lat' dir='ltr'>speciem</span> <span class='ocrx_word' id='word_1_494' title='bbox 2458 2528 2469 2544; x_wconf 73' lang='lat'>⁵</span> 
     </span>
     <span class='ocr_line' id='line_1_82' title="bbox 1416 2576 2470 2625; baseline 0 -13"><span class='ocrx_word' id='word_1_495' title='bbox 1416 2584 1673 2625; x_wconf 90' lang='lat' dir='ltr'>peccatorum,</span> <span class='ocrx_word' id='word_1_496' title='bbox 1694 2576 1836 2612; x_wconf 88' lang='lat' dir='ltr'>nullam</span> <span class='ocrx_word' id='word_1_497' title='bbox 1856 2577 2132 2613; x_wconf 88' lang='lat' dir='ltr'>connexionem</span> <span class='ocrx_word' id='word_1_498' title='bbox 2151 2577 2291 2613; x_wconf 87' lang='lat' dir='ltr'>habent</span> <span class='ocrx_word' id='word_1_499' title='bbox 2318 2583 2470 2624; x_wconf 88' lang='lat' dir='ltr'>peccata</span> 
     </span>
     <span class='ocr_line' id='line_1_83' title="bbox 1418 2629 2470 2677; baseline -0.002 -11"><span class='ocrx_word' id='word_1_500' title='bbox 1418 2630 1465 2666; x_wconf 90' lang='lat' dir='ltr'>ad</span> <span class='ocrx_word' id='word_1_501' title='bbox 1494 2629 1669 2666; x_wconf 83' lang='lat' dir='ltr'>invicem.</span> <span class='ocrx_word' id='word_1_502' title='bbox 1695 2629 1786 2665; x_wconf 93' lang='lat' dir='ltr'>Non</span> <span class='ocrx_word' id='word_1_503' title='bbox 1816 2629 1916 2665; x_wconf 82' lang='lat' dir='ltr'>enim</span> <span class='ocrx_word' id='word_1_504' title='bbox 1943 2637 2142 2677; x_wconf 90' lang='lat' dir='ltr'>peccatum</span> <span class='ocrx_word' id='word_1_505' title='bbox 2171 2629 2414 2665; x_wconf 89' lang='lat' dir='ltr'>committitur</span> <span class='ocrx_word' id='word_1_506' title='bbox 2431 2629 2470 2664; x_wconf 90' lang='lat' dir='ltr'>in</span> 
     </span>
     <span class='ocr_line' id='line_1_84' title="bbox 1417 2681 2470 2727; baseline -0.002 -8"><span class='ocrx_word' id='word_1_507' title='bbox 1417 2681 1634 2719; x_wconf 88' lang='lat' dir='ltr'>accedendo</span> <span class='ocrx_word' id='word_1_508' title='bbox 1655 2693 1676 2718; x_wconf 89' lang='lat' dir='ltr'>a</span> <span class='ocrx_word' id='word_1_509' title='bbox 1693 2681 1928 2718; x_wconf 89' lang='lat' dir='ltr'>multitudine</span> <span class='ocrx_word' id='word_1_510' title='bbox 1949 2682 1997 2718; x_wconf 89' lang='lat' dir='ltr'>ad</span> <span class='ocrx_word' id='word_1_511' title='bbox 2017 2682 2210 2727; x_wconf 88' lang='lat' dir='ltr'>unitatem,</span> <span class='ocrx_word' id='word_1_512' title='bbox 2227 2682 2319 2717; x_wconf 89' lang='lat' dir='ltr'>sicut</span> <span class='ocrx_word' id='word_1_513' title='bbox 2338 2681 2470 2717; x_wconf 89' lang='lat' dir='ltr'>accidit</span> 
     </span>
     <span class='ocr_line' id='line_1_85' title="bbox 1417 2734 2469 2783; baseline -0.002 -12"><span class='ocrx_word' id='word_1_514' title='bbox 1417 2735 1454 2772; x_wconf 91' lang='lat' dir='ltr'>in</span> <span class='ocrx_word' id='word_1_515' title='bbox 1479 2734 1679 2771; x_wconf 88' lang='lat' dir='ltr'>virtutibus</span> <span class='ocrx_word' id='word_1_516' title='bbox 1708 2746 1804 2783; x_wconf 90' lang='lat' dir='ltr'>quae</span> <span class='ocrx_word' id='word_1_517' title='bbox 1833 2742 1919 2771; x_wconf 90' lang='lat' dir='ltr'>sunt</span> <span class='ocrx_word' id='word_1_518' title='bbox 1947 2746 2156 2771; x_wconf 86' lang='lat' dir='ltr'>connexae:</span> <span class='ocrx_word' id='word_1_519' title='bbox 2187 2734 2254 2770; x_wconf 89' lang='lat' dir='ltr'>sed</span> <span class='ocrx_word' id='word_1_520' title='bbox 2281 2734 2403 2781; x_wconf 89' lang='lat' dir='ltr'>potius</span> <span class='ocrx_word' id='word_1_521' title='bbox 2432 2734 2469 2769; x_wconf 88' lang='lat' dir='ltr'>in</span> 
     </span>
     <span class='ocr_line' id='line_1_86' title="bbox 1417 2786 2257 2824; baseline -0.002 0"><span class='ocrx_word' id='word_1_522' title='bbox 1417 2787 1631 2824; x_wconf 91' lang='lat' dir='ltr'>recedendo</span> <span class='ocrx_word' id='word_1_523' title='bbox 1660 2786 1708 2823; x_wconf 91' lang='lat' dir='ltr'>ab</span> <span class='ocrx_word' id='word_1_524' title='bbox 1734 2786 1875 2823; x_wconf 89' lang='lat' dir='ltr'>unitate</span> <span class='ocrx_word' id='word_1_525' title='bbox 1895 2787 1943 2823; x_wconf 90' lang='lat' dir='ltr'>ad</span> <span class='ocrx_word' id='word_1_526' title='bbox 1970 2787 2257 2823; x_wconf 90' lang='lat' dir='ltr'>multitudinem.</span> 
     </span>
    </p>

    <p class='ocr_par' dir='ltr' id='par_1_31' title="bbox 1416 2838 2469 2993">
     <span class='ocr_line' id='line_1_87' title="bbox 1469 2838 2469 2886; baseline -0.003 -10"><span class='ocrx_word' id='word_1_527' title='bbox 1469 2841 1527 2876; x_wconf 86' lang='grc' dir='ltr'>Αι)</span> <span class='ocrx_word' id='word_1_528' title='bbox 1556 2851 1692 2876; x_wconf 67' lang='grc' dir='ltr'>ΡκιΜυΜ</span> <span class='ocrx_word' id='word_1_529' title='bbox 1720 2851 1817 2876; x_wconf 80' lang='lat' dir='ltr'>ERGO</span> <span class='ocrx_word' id='word_1_530' title='bbox 1847 2851 2029 2876; x_wconf 78' lang='lat' dir='ltr'>DmENDUM</span> <span class='ocrx_word' id='word_1_531' title='bbox 2049 2839 2152 2886; x_wconf 93' lang='lat' dir='ltr'>quod</span> <span class='ocrx_word' id='word_1_532' title='bbox 2173 2839 2330 2874; x_wconf 87' lang='lat' dir='ltr'>Iacobus</span> <span class='ocrx_word' id='word_1_533' title='bbox 2349 2838 2469 2885; x_wconf 91' lang='lat' dir='ltr'>loqui-</span> 
     </span>
     <span class='ocr_line' id='line_1_88' title="bbox 1416 2891 2469 2941; baseline -0.003 -12"><span class='ocrx_word' id='word_1_534' title='bbox 1416 2901 1475 2929; x_wconf 90' lang='lat' dir='ltr'>tur</span> <span class='ocrx_word' id='word_1_535' title='bbox 1503 2893 1550 2929; x_wconf 89' lang='lat' dir='ltr'>de</span> <span class='ocrx_word' id='word_1_536' title='bbox 1578 2899 1735 2941; x_wconf 91' lang='lat' dir='ltr'>peccato</span> <span class='ocrx_word' id='word_1_537' title='bbox 1760 2904 1840 2928; x_wconf 91' lang='lat' dir='ltr'>non</span> <span class='ocrx_word' id='word_1_538' title='bbox 1860 2904 1903 2928; x_wconf 92' lang='lat' dir='ltr'>ex</span> <span class='ocrx_word' id='word_1_539' title='bbox 1923 2899 2028 2940; x_wconf 88' lang='lat' dir='ltr'>parte</span> <span class='ocrx_word' id='word_1_540' title='bbox 2048 2891 2316 2936; x_wconf 88' lang='lat' dir='ltr'>conversionis,</span> <span class='ocrx_word' id='word_1_541' title='bbox 2337 2902 2469 2927; x_wconf 90' lang='lat' dir='ltr'>secun-</span> 
     </span>
     <span class='ocr_line' id='line_1_89' title="bbox 1417 2943 2469 2993; baseline -0.003 -10"><span class='ocrx_word' id='word_1_542' title='bbox 1417 2946 1509 2983; x_wconf 92' lang='lat' dir='ltr'>dum</span> <span class='ocrx_word' id='word_1_543' title='bbox 1547 2944 1652 2993; x_wconf 92' lang='lat' dir='ltr'>quod</span> <span class='ocrx_word' id='word_1_544' title='bbox 1684 2952 1839 2993; x_wconf 90' lang='lat' dir='ltr'>peccata</span> <span class='ocrx_word' id='word_1_545' title='bbox 1873 2945 2166 2992; x_wconf 87' lang='lat' dir='ltr'>distinguuntur,</span> <span class='ocrx_word' id='word_1_546' title='bbox 2201 2943 2294 2979; x_wconf 89' lang='lat' dir='ltr'>sicut</span> <span class='ocrx_word' id='word_1_547' title='bbox 2328 2943 2469 2980; x_wconf 88' lang='lat' dir='ltr'>dictum</span> 
     </span>
    </p>
   </div>
   <div class='ocr_carea' id='block_1_24' title="bbox 1418 2995 2697 3055">
    <p class='ocr_par' dir='ltr' id='par_1_32' title="bbox 1418 2995 2697 3055">
     <span class='ocr_line' id='line_1_90' title="bbox 1418 2995 2697 3055; baseline -0.003 -20"><span class='ocrx_word' id='word_1_548' title='bbox 1418 3006 1472 3035; x_wconf 88' lang='lat' dir='ltr'>est</span> <span class='ocrx_word' id='word_1_549' title='bbox 1490 2998 1525 3034; x_wconf 78' lang='lat' dir='ltr'>*z</span> <span class='ocrx_word' id='word_1_550' title='bbox 1556 2999 1623 3035; x_wconf 91' lang='lat' dir='ltr'>sed</span> <span class='ocrx_word' id='word_1_551' title='bbox 1651 2997 1816 3045; x_wconf 90' lang='lat' dir='ltr'>loquitur</span> <span class='ocrx_word' id='word_1_552' title='bbox 1841 2997 1886 3034; x_wconf 92' lang='lat' dir='ltr'>de</span> <span class='ocrx_word' id='word_1_553' title='bbox 1916 2997 1969 3034; x_wconf 88' lang='lat' dir='ltr'>eis</span> <span class='ocrx_word' id='word_1_554' title='bbox 1998 3009 2042 3032; x_wconf 91' lang='lat' dir='ltr'>ex</span> <span class='ocrx_word' id='word_1_555' title='bbox 2062 3004 2165 3044; x_wconf 90' lang='lat' dir='ltr'>parte</span> <span class='ocrx_word' id='word_1_556' title='bbox 2189 2995 2398 3032; x_wconf 86' lang='lat' dir='ltr'>aversionis</span> <span class='ocrx_word' id='word_1_557' title='bbox 2416 2995 2468 3042; x_wconf 45' lang='grc' dir='ltr'>*ἦ</span> <span class='ocrx_word' id='word_1_558' title='bbox 2497 3001 2600 3048; x_wconf 57' lang='grc' dir='ltr'>·,,ΟΙ);ο</span> <span class='ocrx_word' id='word_1_559' title='bbox 2556 3006 2638 3055; x_wconf 41' lang='lat'>⁴¹¹}</span> <span class='ocrx_word' id='word_1_560' title='bbox 2642 3004 2697 3022; x_wconf 56' lang='grc' dir='ltr'>πω</span> 
     </span>
    </p>
   </div>
   <div class='ocr_carea' id='block_1_25' title="bbox 1416 3048 2469 3149">
    <p class='ocr_par' dir='ltr' id='par_1_33' title="bbox 1416 3048 2469 3149">
     <span class='ocr_line' id='line_1_91' title="bbox 1416 3048 2469 3099; baseline -0.003 -12"><span class='ocrx_word' id='word_1_561' title='bbox 1416 3051 1640 3099; x_wconf 88' lang='lat' dir='ltr'>inquantum</span> <span class='ocrx_word' id='word_1_562' title='bbox 1670 3050 1807 3086; x_wconf 90' lang='lat' dir='ltr'>scilicet</span> <span class='ocrx_word' id='word_1_563' title='bbox 1826 3051 1944 3086; x_wconf 92' lang='lat' dir='ltr'>homo</span> <span class='ocrx_word' id='word_1_564' title='bbox 1964 3048 2158 3097; x_wconf 89' lang='lat' dir='ltr'>peccando</span> <span class='ocrx_word' id='word_1_565' title='bbox 2180 3048 2320 3084; x_wconf 88' lang='lat' dir='ltr'>recedit</span> <span class='ocrx_word' id='word_1_566' title='bbox 2338 3061 2359 3084; x_wconf 91' lang='lat' dir='ltr'>a</span> <span class='ocrx_word' id='word_1_567' title='bbox 2379 3048 2469 3096; x_wconf 85' lang='lat' dir='ltr'>legis</span> 
     </span>
     <span class='ocr_line' id='line_1_92' title="bbox 1416 3101 2468 3149; baseline -0.005 -8"><span class='ocrx_word' id='word_1_568' title='bbox 1416 3104 1610 3141; x_wconf 89' lang='lat' dir='ltr'>mandato.</span> <span class='ocrx_word' id='word_1_569' title='bbox 1649 3102 1790 3139; x_wconf 89' lang='lat' dir='ltr'>Omnia</span> <span class='ocrx_word' id='word_1_570' title='bbox 1823 3110 1948 3138; x_wconf 90' lang='lat' dir='ltr'>autem</span> <span class='ocrx_word' id='word_1_571' title='bbox 1982 3101 2072 3149; x_wconf 87' lang='lat' dir='ltr'>legis</span> <span class='ocrx_word' id='word_1_572' title='bbox 2101 3101 2280 3137; x_wconf 84' lang='lat' dir='ltr'>mandata</span> <span class='ocrx_word' id='word_1_573' title='bbox 2308 3108 2394 3137; x_wconf 92' lang='lat' dir='ltr'>sunt</span> <span class='ocrx_word' id='word_1_574' title='bbox 2421 3102 2468 3137; x_wconf 89' lang='lat' dir='ltr'>ab</span> 
     </span>
    </p>
   </div>
   <div class='ocr_carea' id='block_1_26' title="bbox 1416 3153 2628 3202">
    <p class='ocr_par' dir='ltr' id='par_1_34' title="bbox 1416 3153 2628 3202">
     <span class='ocr_line' id='line_1_93' title="bbox 1416 3153 2628 3202; baseline -0.003 -9"><span class='ocrx_word' id='word_1_575' title='bbox 1416 3168 1494 3193; x_wconf 92' lang='lat' dir='ltr'>uno</span> <span class='ocrx_word' id='word_1_576' title='bbox 1530 3164 1564 3192; x_wconf 89' lang='lat' dir='ltr'>et</span> <span class='ocrx_word' id='word_1_577' title='bbox 1597 3155 1755 3201; x_wconf 89' lang='lat' dir='ltr'>eodem,</span> <span class='ocrx_word' id='word_1_578' title='bbox 1785 3162 1825 3190; x_wconf 94' lang='lat' dir='ltr'>ut</span> <span class='ocrx_word' id='word_1_579' title='bbox 1856 3155 1936 3202; x_wconf 91' lang='lat' dir='ltr'>ipse</span> <span class='ocrx_word' id='word_1_580' title='bbox 1969 3154 2110 3190; x_wconf 89' lang='lat' dir='ltr'>ibidem</span> <span class='ocrx_word' id='word_1_581' title='bbox 2136 3155 2155 3175; x_wconf 70' lang='lat'>²²</span> <span class='ocrx_word' id='word_1_582' title='bbox 2183 3153 2289 3190; x_wconf 84' lang='lat' dir='ltr'>dicit:</span> <span class='ocrx_word' id='word_1_583' title='bbox 2320 3161 2356 3190; x_wconf 91' lang='lat' dir='ltr'>et</span> <span class='ocrx_word' id='word_1_584' title='bbox 2383 3153 2468 3190; x_wconf 91' lang='lat' dir='ltr'>ideo</span> <span class='ocrx_word' id='word_1_585' title='bbox 2499 3162 2628 3183; x_wconf 55' lang='grc' dir='ltr'>’νενεω-</span> 
     </span>
    </p>
   </div>
   <div class='ocr_carea' id='block_1_27' title="bbox 1416 3206 2473 3360">
    <p class='ocr_par' dir='ltr' id='par_1_35' title="bbox 1416 3206 2473 3360">
     <span class='ocr_line' id='line_1_94' title="bbox 1416 3206 2470 3254; baseline -0.002 -9"><span class='ocrx_word' id='word_1_586' title='bbox 1416 3209 1518 3245; x_wconf 90' lang='lat' dir='ltr'>idem</span> <span class='ocrx_word' id='word_1_587' title='bbox 1548 3209 1653 3244; x_wconf 91' lang='lat' dir='ltr'>Deus</span> <span class='ocrx_word' id='word_1_588' title='bbox 1683 3206 1934 3244; x_wconf 89' lang='lat' dir='ltr'>contemnitur</span> <span class='ocrx_word' id='word_1_589' title='bbox 1960 3206 1998 3242; x_wconf 90' lang='lat' dir='ltr'>in</span> <span class='ocrx_word' id='word_1_590' title='bbox 2027 3206 2130 3242; x_wconf 90' lang='lat' dir='ltr'>omni</span> <span class='ocrx_word' id='word_1_591' title='bbox 2158 3213 2327 3254; x_wconf 85' lang='lat' dir='ltr'>peccato.</span> <span class='ocrx_word' id='word_1_592' title='bbox 2358 3207 2406 3242; x_wconf 92' lang='lat' dir='ltr'>Et</span> <span class='ocrx_word' id='word_1_593' title='bbox 2426 3218 2470 3243; x_wconf 89' lang='lat' dir='ltr'>ex</span> 
     </span>
     <span class='ocr_line' id='line_1_95' title="bbox 1416 3259 2473 3308; baseline -0.004 -10"><span class='ocrx_word' id='word_1_594' title='bbox 1416 3262 1487 3298; x_wconf 86' lang='lat' dir='ltr'>hac</span> <span class='ocrx_word' id='word_1_595' title='bbox 1505 3268 1610 3308; x_wconf 88' lang='lat' dir='ltr'>parte</span> <span class='ocrx_word' id='word_1_596' title='bbox 1631 3259 1718 3296; x_wconf 88' lang='lat' dir='ltr'>dicit</span> <span class='ocrx_word' id='word_1_597' title='bbox 1736 3259 1841 3306; x_wconf 89' lang='lat' dir='ltr'>quod</span> <span class='ocrx_word' id='word_1_598' title='bbox 1862 3259 1926 3307; x_wconf 88' lang='lat' dir='ltr'>qui</span> <span class='ocrx_word' id='word_1_599' title='bbox 1944 3259 2099 3308; x_wconf 86' lang='lat' dir='ltr'>offendit</span> <span class='ocrx_word' id='word_1_600' title='bbox 2115 3259 2152 3294; x_wconf 87' lang='lat' dir='ltr'>in</span> <span class='ocrx_word' id='word_1_601' title='bbox 2173 3270 2259 3304; x_wconf 71' lang='grc' dir='ltr'>ωηο,</span> <span class='ocrx_word' id='word_1_602' title='bbox 2269 3259 2400 3306; x_wconf 79' lang='lat' dir='ltr'>factus</span> <span class='ocrx_word' id='word_1_603' title='bbox 2420 3265 2473 3295; x_wconf 85' lang='lat' dir='ltr'>est</span> 
     </span>
     <span class='ocr_line' id='line_1_96' title="bbox 1417 3311 2468 3360; baseline 0 -11"><span class='ocrx_word' id='word_1_604' title='bbox 1417 3313 1584 3349; x_wconf 89' lang='lat' dir='ltr'>omnium</span> <span class='ocrx_word' id='word_1_605' title='bbox 1604 3324 1707 3348; x_wconf 88' lang='lat' dir='ltr'>reus:</span> <span class='ocrx_word' id='word_1_606' title='bbox 1727 3312 1815 3359; x_wconf 89' lang='lat' dir='ltr'>quia</span> <span class='ocrx_word' id='word_1_607' title='bbox 1830 3311 1968 3348; x_wconf 90' lang='lat' dir='ltr'>scilicet</span> <span class='ocrx_word' id='word_1_608' title='bbox 1986 3323 2063 3348; x_wconf 89' lang='lat' dir='ltr'>uno</span> <span class='ocrx_word' id='word_1_609' title='bbox 2084 3318 2241 3360; x_wconf 88' lang='lat' dir='ltr'>peccato</span> <span class='ocrx_word' id='word_1_610' title='bbox 2261 3313 2468 3359; x_wconf 85' lang='lat' dir='ltr'>peccandO,</span> 
     </span>
    </p>
   </div>
   <div class='ocr_carea' id='block_1_28' title="bbox 1467 3425 2416 3494">
    <p class='ocr_par' dir='ltr' id='par_1_36' title="bbox 1467 3425 2416 3494">
     <span class='ocr_line' id='line_1_97' title="bbox 1468 3425 1806 3458; baseline -0.006 -8"><span class='ocrx_word' id='word_1_611' title='bbox 1468 3425 1495 3458; x_wconf 89' lang='grc' dir='ltr'>γ)</span> <span class='ocrx_word' id='word_1_612' title='bbox 1515 3426 1562 3450; x_wconf 84' lang='lat' dir='ltr'>ita.</span> <span class='ocrx_word' id='word_1_613' title='bbox 1580 3439 1598 3444; x_wconf 95' lang='lat'>-</span> <span class='ocrx_word' id='word_1_614' title='bbox 1617 3425 1678 3450; x_wconf 89' lang='lat' dir='ltr'>Om.</span> <span class='ocrx_word' id='word_1_615' title='bbox 1697 3425 1806 3449; x_wconf 83' lang='lat' dir='ltr'>codices.</span> 
     </span>
     <span class='ocr_line' id='line_1_98' title="bbox 1467 3458 2416 3494; baseline -0.002 -10"><span class='ocrx_word' id='word_1_616' title='bbox 1467 3459 1492 3494; x_wconf 83' lang='grc' dir='ltr'>δ)</span> <span class='ocrx_word' id='word_1_617' title='bbox 1514 3460 1634 3485; x_wconf 82' lang='lat' dir='ltr'>rationis.</span> <span class='ocrx_word' id='word_1_618' title='bbox 1651 3473 1669 3478; x_wconf 97' lang='lat'><em>—</em></span> <span class='ocrx_word' id='word_1_619' title='bbox 1689 3460 1770 3491; x_wconf 78' lang='lat' dir='ltr'>ipsius</span> <span class='ocrx_word' id='word_1_620' title='bbox 1789 3459 1900 3484; x_wconf 79' lang='lat' dir='ltr'>rationis</span> <span class='ocrx_word' id='word_1_621' title='bbox 1920 3459 1965 3484; x_wconf 85' lang='lat' dir='ltr'>Pa.</span> <span class='ocrx_word' id='word_1_622' title='bbox 1983 3473 2001 3478; x_wconf 95' lang='lat'><em>-</em></span> <span class='ocrx_word' id='word_1_623' title='bbox 2020 3459 2069 3483; x_wconf 82' lang='lat' dir='ltr'>Pro</span> <span class='ocrx_word' id='word_1_624' title='bbox 2088 3459 2181 3487; x_wconf 80' lang='lat' dir='ltr'>tendit,</span> <span class='ocrx_word' id='word_1_625' title='bbox 2201 3458 2271 3482; x_wconf 76' lang='lat' dir='ltr'>redit</span> <span class='ocrx_word' id='word_1_626' title='bbox 2290 3458 2416 3483; x_wconf 86' lang='lat' dir='ltr'>BCEFIL.</span> 
     </span>
    </p>
   </div>
   <div class='ocr_carea' id='block_1_29' title="bbox 1469 3495 2328 3577">
    <p class='ocr_par' dir='ltr' id='par_1_37' title="bbox 1469 3495 2328 3577">
     <span class='ocr_line' id='line_1_99' title="bbox 1469 3495 1907 3528; baseline -0.002 -9"><span class='ocrx_word' id='word_1_627' title='bbox 1469 3495 1490 3528; x_wconf 84' lang='grc' dir='ltr'>ε)</span> <span class='ocrx_word' id='word_1_628' title='bbox 1510 3495 1629 3527; x_wconf 82' lang='lat' dir='ltr'>speciem.</span> <span class='ocrx_word' id='word_1_629' title='bbox 1647 3508 1665 3514; x_wconf 82' lang='lat'><em>—</em></span> <span class='ocrx_word' id='word_1_630' title='bbox 1683 3495 1779 3526; x_wconf 81' lang='lat' dir='ltr'>species</span> <span class='ocrx_word' id='word_1_631' title='bbox 1799 3495 1907 3519; x_wconf 83' lang='lat' dir='ltr'>codices.</span> 
     </span>
     <span class='ocr_line' id='line_1_100' title="bbox 2313 3555 2328 3577; baseline 0 -7"><span class='ocrx_word' id='word_1_632' title='bbox 2313 3555 2328 3577; x_wconf 53' lang='grc' dir='ltr'>,ῃ</span> 
     </span>
    </p>
   </div>
  </div>
 </body>
</html>
