2840 4010
976 143 1242 189 QUAESTIO
1273 144 1377 190 cxi,
1407 143 1703 181 ARTJCULUS
1733 144 1783 180 lv

304 225 398 261 libro
426 229 473 260 et·
486 221 679 270 sapientia.
713 222 814 269 Ergo
844 221 1154 259 inconvenienter
1183 221 1364 258 dividitur

304 276 420 325 gratia
439 275 655 321 sanitatum,
673 282 709 310 et
723 286 862 322 genera
881 274 1106 322 linguarum,
1123 282 1254 312 contra
1273 286 1364 322 ope-

304 328 491 366 rationem
501 327 700 372 virtutum;
714 334 750 363 et
764 327 1020 375 interpretatio
1036 339 1258 364 sermonum
1275 339 1364 363 con-

304 389 360 418 tra
388 393 606 417 sermonem
635 379 839 439 sapientiae
871 387 906 416 et
934 379 1122 416 scientiae.

357 446 394 481 4.
424 434 664 480 PRAETEREA,
700 433 795 469 sicut
823 432 1004 481 sapientia
1033 439 1068 468 et
1096 431 1248 468 scientia
1278 439 1365 467 sunt

305 486 496 536 quaedam
525 486 627 523 dona
656 463 815 534 Spiritus
844 485 982 530 Sancti,
1012 484 1062 520 ita
1091 483 1204 519 etiam
1226 483 1365 519 intelle-

307 548 387 577 ctus
415 547 452 576 et
480 539 692 584 consilium,
722 538 861 586 pietas,
890 536 1068 573 fortitudo
1098 543 1135 572 et
1161 535 1296 583 timor,
1325 543 1366 572 ut

145 610 247 630 tvm
271 619 276 624 -
306 605 421 642 supra
444 592 464 615 '¹‘
493 592 635 629 dictum
666 598 732 627 est.
772 591 875 636 Ergo
908 590 1003 625 haec
1037 588 1150 625 etiarn
1184 589 1367 626 deberent

307 645 400 694 poni
428 645 525 682 inter
551 644 688 692 gratias
715 642 828 691 gratis
858 643 974 678 datas.

361 699 436 735 San
469 709 615 734 CONTRA
647 707 713 732 its-r.
749 694 855 743 quod
892 694 1099 742 Apostolus
1136 693 1243 741 dicit,
1274 695 1287 730 I
1317 694 1368 730 ad

202 761 212 775 ⁵
247 770 252 776 ·
311 751 399 788 Cor.
418 749 521 787 x11*:
549 749 628 786 Alii
647 759 720 796 per
738 747 916 796 Spiritum
942 747 1054 783 datur
1074 758 1198 784 sermo
1220 747 1366 795 sapien—

307 804 390 849 tiae,
410 803 479 840 alii
493 808 618 840 autem
637 811 761 837 sermo
784 801 958 836 scientiae
985 800 1188 836 secundum
1207 799 1365 836 eundem

306 856 498 906 Spiritum,
519 854 630 892 alteri
640 853 735 900 fides
755 853 791 889 in
812 854 941 889 eodem
965 853 1116 900 Spiritu,
1145 852 1213 890 alii
1236 853 1364 902 gratia

306 909 526 953 sanitatum,
554 907 620 944 alii
647 906 814 954 operatio
842 907 1040 951 virtutum,
1069 906 1137 942 alii
1155 906 1365 954 prophetia,

307 962 375 998 atii
403 960 574 998 discretio
605 959 823 1007 spirituum,
852 959 920 995 alii
948 970 1091 1008 genera
1127 958 1365 1008 linguarum,

306 1013 375 1051 alii
399 1012 651 1062 interpretatio
679 1023 908 1048 sermonum.

360 1067 585 1103 Rcsrounsso
605 1076 788 1102 DICENDUM
809 1065 924 1113 quod,
946 1065 1041 1102 sicut
1059 1075 1173 1112 supra
1185 1063 1206 1086 ²¹⁸
1220 1063 1362 1100 dictum

307 1126 373 1166 est,
389 1119 506 1166 gratia
521 1117 633 1166 gratis
655 1118 740 1155 data
756 1118 950 1155 ordinatur
964 1118 1012 1155 ad
1031 1118 1106 1154 hoc
1125 1116 1227 1165 quod
1245 1117 1365 1153 homo

307 1171 410 1209 alteri
440 1178 666 1221 cooperetur
693 1179 734 1207 ut
763 1171 964 1207 reducatur
990 1171 1039 1208 ad
1064 1171 1204 1206 Deum.
1233 1170 1365 1206 Homo

255 1270 267 1273 ⁴
303 1225 621 1271 Vautemffad'hoc
650 1223 799 1272 operari
835 1236 911 1260 non
946 1230 1070 1272 potest
1101 1222 1253 1260 interius
1282 1234 1366 1259 mo-

306 1277 447 1325 vendo,
478 1278 553 1314 hoc
582 1276 684 1314 enim
714 1276 829 1313 solius
858 1276 930 1313 Dei
959 1284 1030 1322 est;
1059 1275 1127 1312 sed
1154 1276 1278 1312 solum
1304 1287 1366 1312 ex-

306 1330 420 1368 terius
450 1330 625 1368 docendo
654 1330 715 1366 vel
742 1329 1022 1378 persuadendo.
1058 1329 1108 1365 Et
1134 1328 1220 1367 ideo
1249 1328 1366 1376 gratia

307 1383 419 1431 gratis
444 1383 534 1420 data
561 1381 622 1419 illa
651 1382 721 1418 sub
747 1394 786 1418 se
816 1382 982 1419 continet
1009 1381 1147 1440 quibus
1171 1381 1320 1419 homo
1312 1393 1367 1418 ιιι-

307 1434 413 1496 diget
434 1435 484 1473 ad
511 1436 586 1472 hoc
613 1436 718 1484 quod
738 1436 898 1471 alterum
928 1435 1086 1472 instruat
1111 1434 1150 1471 in
1177 1435 1291 1472 rebus
1312 1434 1366 1471 di-

305 1487 434 1535 vinis,
444 1499 544 1537 quae
572 1495 660 1524 sunt
682 1499 796 1536 supra
819 1488 1017 1525 rationem.
1046 1487 1108 1524 Ad
1130 1488 1210 1524 hoc
1237 1494 1364 1524 autem

306 1541 376 1583 tria
403 1540 654 1590 requiruntur.
685 1541 813 1577 Primo
841 1541 1011 1588 quidem,
1040 1540 1146 1588 quod
1172 1540 1292 1577 homo
1321 1540 1367 1578 sit

224 1578 227 1586 ὃ
272 1613 275 1615 ·
307 1593 460 1631 sortitus
491 1593 766 1642 plenitudinem
802 1594 1025 1642 cognitionis
1054 1593 1291 1639 divinorum,
1326 1602 1366 1630 ut

307 1657 353 1684 ex
379 1647 455 1684 hoc
481 1646 601 1695 possit
628 1646 722 1683 alios
749 1647 944 1684 instruere.
976 1647 1166 1693 Secundo,
1189 1653 1232 1682 ut
1247 1646 1367 1695 possit

307 1700 536 1738 confirmare
559 1700 622 1736 vel
649 1700 812 1748 probare
842 1711 888 1736 ea
915 1711 1013 1749 quae
1042 1699 1146 1736 dicit:
1174 1698 1263 1736 alias
1286 1711 1363 1736 non

307 1760 408 1790 esset
438 1752 571 1789 efficax
610 1753 690 1789 eius
724 1752 905 1799 doctrina.
945 1752 1096 1798 Tertio,
1126 1758 1167 1788 ut
1195 1763 1238 1789 ea
1266 1764 1364 1800 quae

307 1805 480 1854 concipit,
502 1806 620 1854 possit
639 1806 909 1843 convenienter
931 1805 1165 1842 auditoribus
1182 1805 1362 1853 proferre.

316 1871 333 1886 *1
356 1859 556 1905 Quantum
587 1858 696 1906 igitur
723 1859 772 1896 ad
800 1858 980 1907 primum,
1001 1858 1069 1895 tria
1088 1865 1174 1895 sunt
1191 1870 1365 1894 necessa-

305 1910 505 1948 narsicut
533 1911 646 1948 etiam
675 1919 831 1960 apparet
863 1912 902 1948 in
934 1911 1362 1959 magisterio’humanO.

306 1964 598 2013 Oportetsenim
627 1965 731 2013 quod
751 1965 810 2001 ille
831 1965 896 2012 qui
914 1965 1029 2001 debet
1047 1963 1162 2003 alium
1181 1963 1364 2000 instruere

304 2016 343 2054 in
367 2017 492 2065 aliqua
521 2017 687 2064 scientia,
717 2018 842 2066 primo
861 2018 1030 2065 quidem,
1051 2024 1092 2054 ut
1117 2017 1300 2067 principia
1324 2017 1365 2053 il-

305 2070 582 2108 lius-scientiae
611 2071 685 2108 sint
716 2071 750 2107 ei
779 2070 996 2108 certissima.
1016 2071 1074 2113 ,Et
1101 2074 1286 2119 quantum
1315 2070 1363 2107 ad

304 2123 552 2172 hoc-<ponitur
567 2124 681 2171 fides,
711 2134 810 2171 quae
830 2131 886 2160 est
905 2123 1091 2160 certitudo
1102 2122 1289 2160 *defi-'ebus
1309 2124 1364 2159 in-

304 2175 527 2223 visibilibus,
555 2188 654 2225 quae
683 2184 948 2225 supponuntur
975 2184 1017 2212 ut
1043 2175 1225 2225 principia
1244 2175 1283 2212 in
1303 2189 1365 2212 ca-

304 2229 442 2266 tholica
470 2229 652 2266 doctrina.
673 2251 698 2258 -
719 2230 910 2276 Secundo,
939 2236 1087 2277 oportet
1105 2229 1211 2278 quod
1229 2229 1364 2266 doctor

304 2290 404 2319 recte
447 2295 487 2319 se
524 2283 663 2319 habeat
700 2282 797 2319 circa
834 2282 1059 2331 principales
1100 2282 1364 2319 conclusiones

304 2335 493 2372 scientiae.
524 2336 573 2372 Et
600 2335 653 2372 sic
681 2335 834 2384 ponitur
859 2347 983 2372 sermo
1014 2335 1236 2384 sapientiae,
1265 2347 1363 2383 quae

305 2395 362 2424 est
387 2388 552 2436 cognitio
572 2388 802 2425 divinorum.
820 2411 843 2416 —
859 2384 1002 2434 Tertio,
1024 2395 1172 2437 oportet
1189 2394 1232 2424 ut
1249 2388 1362 2425 etiam

303 2441 472 2479 abundet
502 2441 686 2493 exemplis
722 2449 758 2478 et
791 2441 1005 2489 cognitione
1042 2441 1266 2488 effectuum,
1296 2453 1365 2490 per

304 2504 402 2542 quos
445 2494 634 2531 interdum
670 2501 820 2543 oportet
861 2494 1100 2531 manifestare
1136 2504 1278 2532 causas.
1315 2495 1364 2530 Et

304 2554 490 2595 quantum
510 2548 558 2584 ad
577 2547 652 2584 hoc
671 2547 824 2596 ponitur
841 2559 964 2584 sermo
982 2547 1166 2592 scientiae,
1187 2559 1284 2596 quae
1309 2555 1364 2583 est

305 2599 468 2647 cognitio
498 2612 626 2637 rerum
654 2601 926 2638 humanarum:
957 2600 1045 2648 quia
1073 2599 1269 2636 invisibilia
1290 2601 1365 2636 Dei

297 2664 370 2700 per
395 2664 440 2689 ea
469 2664 566 2700 quae
580 2654 694 2701 facta
721 2659 816 2698 sunt,
845 2653 1123 2701 conspiciuntur
1141 2658 1158 2674 α
1176 2652 1207 2689 *.

357 2705 608 2742 Confirmatio
638 2713 766 2742 autem
795 2706 832 2742 in
861 2706 918 2743 his
947 2718 1044 2754 quae
1073 2705 1286 2743 subduntur
1305 2718 1361 2743 ra-

302 2757 404 2804 tioni,
435 2766 490 2794 est
517 2770 586 2806 per
609 2766 842 2806 argumenta.
875 2761 916 2795 In
935 2759 993 2795 his
1012 2766 1140 2796 autem
1160 2771 1256 2807 quae
1277 2766 1363 2795 sunt

302 2823 417 2859 supra
437 2811 621 2848 rationem
652 2811 829 2848 divinitus
849 2812 1025 2857 revelata,
1047 2812 1286 2848 confirmatio
1307 2820 1363 2848 est

300 2875 371 2912 per
399 2875 443 2900 ea
471 2876 569 2912 quae
598 2871 684 2901 sunt
713 2864 862 2901 divinae
886 2864 1010 2901 virtuti
1028 2864 1192 2913 propria.
1221 2865 1270 2901 Et
1287 2865 1361 2901 hoc

302 2915 510 2964 dupliciter.
541 2917 627 2953 Uno
657 2917 811 2965 quidem
841 2918 971 2963 modo,
1000 2924 1040 2954 ut
1068 2917 1201 2954 doctor
1229 2930 1358 2954 sacrae

302 2968 494 3006 doctrinae
523 2969 633 3006 faciat
658 2982 756 3018 quae
776 2970 879 3007 solus
899 2972 1004 3007 Deus
1024 2971 1146 3007 facere
1165 2978 1300 3018 potest,
1322 2971 1359 3007 in

301 3022 480 3070 operibus
509 3022 758 3060 miraculosis:
785 3023 865 3060 sive
885 3023 957 3059 sint
975 3023 1024 3059 ad
1044 3023 1203 3060 salutem
1224 3035 1359 3071 corpo-

301 3087 405 3122 rum,
436 3083 471 3111 et
499 3083 683 3124 quantum
712 3076 760 3113 ad
788 3076 862 3112 hoc
890 3075 1042 3124 ponitur
1067 3075 1194 3124 gratia
1221 3076 1359 3113 sanita-

300 3134 377 3164 tum
388 3141 401 3171 ,·
429 3127 508 3164 sive
538 3128 759 3166 ordinentur
787 3129 834 3166 ad
854 3129 975 3165 solam
995 3128 1146 3165 divinae
1164 3127 1359 3176 potestatis

353 3252 380 3282 α)
399 3251 606 3283 conspiciuntur.
625 3265 643 3269 -
662 3251 795 3276 intellecta
814 3251 1014 3283 conspiciuntur
1033 3252 1102 3276 PKa.

354 3286 379 3319 β)
394 3287 525 3319 piscator.
543 3300 560 3304 -
574 3286 750 3318 praedicator
769 3287 837 3310 Psffl
858 3292 882 3311 et
900 3294 925 3310 a.

352 3323 378 3355 γ)
398 3323 477 3354 quod.
496 3335 515 3340 -
534 3321 582 3346 hoc
600 3322 671 3354 quod
690 3322 735 3346 Pa.

441 3532 550 3556 Summis.
569 3531 669 3556 Tin-101..
691 3532 720 3555 D.
736 3531 849 3555 ΤΗοΜΑε
869 3531 898 3555 Τ.
919 3531 951 3555 IV

2405 146 2475 182 321

1415 222 1771 269 manifestationem,
1801 222 1896 259 sicut
1923 222 2028 271 quod
2049 224 2104 259 sol
2132 230 2202 259 stet
2221 231 2285 259 aut
2309 224 2479 261 tenebre-

1416 283 1513 322 scat,
1542 275 1648 324 quod
1675 287 1780 312 mare
1814 275 2022 320 dividatur;
2053 283 2088 312 et
2116 283 2301 323 quantum
2329 278 2377 313 ad
2405 277 2479 314 hoc

1415 328 1567 375 ponitur
1597 329 1762 376 operatio
1789 329 1979 365 uirtutum.
2009 349 2032 356 -
2063 328 2262 375 Secundo,
2292 336 2332 365 ut
2361 330 2481 377 possit

1415 381 1653 417 manifestare
1674 393 1718 417 ea
1737 393 1836 429 quae
1864 381 1979 417 solius
2003 381 2075 418 Dei
2104 389 2159 418 est
2177 381 2284 418 scire.
2310 382 2358 418 Et
2384 383 2479 419 haec

1416 441 1501 469 sunt
1521 433 1772 481 contingentia
1801 434 1944 480 futura,
1982 442 2018 470 et
2045 442 2228 482 quantum
2249 434 2298 470 ad
2317 434 2391 471 hoc
2409 447 2478 483 po-

1418 486 1514 522 nitur
1545 487 1765 534 prophetia,·
1802 494 1838 523 et
1875 487 1989 523 etiam
2027 488 2174 524 occulta
2211 487 2406 535 cordium,
2442 496 2478 524 et

1418 545 1602 585 quantum
1631 539 1680 575 ad
1708 540 1782 575 hoc
1810 539 1962 588 ponitur
1989 540 2158 576 discretio
2186 540 2395 588 spirituum.

1472 591 1644 627 Facultas
1663 599 1789 628 autem
1809 592 2077 640 pronuntiandi
2105 600 2229 641 potest
2256 592 2396 630 attendi
2412 594 2476 631 vel

1419 650 1602 690 quantum
1625 644 1673 680 ad
1693 644 1835 681 idioma
1854 645 1892 681 in
1912 657 1988 693 quo
2018 645 2150 695 aliquis
2175 645 2326 693 intelligi
2345 645 2474 694 possit,

1419 703 1455 732 et
1483 696 1694 733 secundum
1728 698 1802 733 hoc
1834 706 2028 746 ponuntur
2063 710 2206 747 genera
2235 698 2476 748 linguarum.-

1418 749 1479 785 vel
1508 756 1692 797 quantum
1721 750 1769 786 ad
1798 761 1950 787 sensum
1981 763 2114 787 eorum
2148 763 2245 799 quae
2275 758 2360 787 sunt
2387 763 2474 799 pro-

1420 801 1594 848 ferenda,
1624 809 1659 838 et
1687 810 1872 850 quantum
1892 803 1941 840 ad
1959 804 2034 840 hoc
2053 804 2206 852 ponitur
2224 804 2475 852 interpretatio

1418 866 1645 891 sermonum.

1471 909 1530 943 AD
1558 918 1695 944 paruum
1719 918 1816 944 ERGO
1841 919 2024 944 mceunum
2052 909 2171 956 quod,
2202 908 2296 945 sicut
2323 921 2438 957 supra
2456 909 2476 930 *

1419 959 1560 996 dictum
1589 967 1656 1006 est,
1686 972 1763 996 non
1793 960 1923 996 omnia
1951 961 2136 997 beneficia
2165 973 2263 1009 quae
2289 962 2400 998 nobis
2421 961 2475 998 di-

1417 1012 1557 1048 vinitus
1577 1012 1848 1059 conceduntur,
1868 1013 2004 1060 gratiae
2025 1013 2135 1061 gratis
2155 1015 2263 1050 datae
2286 1014 2474 1051 dicuntur:

1419 1066 1485 1101 sed
1505 1065 1628 1101 solum
1658 1065 1719 1101 illa
1742 1077 1840 1113 quae
1861 1066 2047 1102 excedunt
2066 1066 2279 1103 facultatem
2299 1074 2475 1113 naturae,

1419 1117 1512 1154 sicut
1531 1118 1636 1166 quod
1664 1117 1828 1166 piscator
1847 1117 1861 1147 β
1890 1119 2056 1155 abundet
2076 1131 2252 1155 sermone
2273 1119 2476 1167 sapientiae

1419 1178 1454 1207 et
1474 1170 1648 1207 scientiae
1674 1178 1710 1207 et
1737 1171 1815 1207 aliis
1839 1172 2070 1209 huiusmodi.
2097 1173 2144 1208 Et
2171 1172 2258 1208 talia
2286 1180 2477 1221 ponuntur

1418 1223 1478 1260 hic
1506 1224 1577 1260 sub
1605 1223 1722 1271 gratia
1749 1224 1860 1271 gratis
1890 1225 1988 1262 data.

1471 1278 1530 1313 AD
1554 1288 1742 1313 SECUNDUM
1766 1289 1949 1314 mcENDUM
1979 1277 2083 1326 quod
2111 1277 2208 1314 fides
2237 1289 2314 1314 non
2342 1289 2476 1314 nume-

1419 1337 1519 1366 ratur
1538 1329 1598 1365 hic
1617 1329 1711 1365 inter
1729 1330 1863 1377 gratias
1882 1330 1992 1378 gratis
2013 1331 2118 1367 datas
2139 1330 2348 1367 secundum
2369 1330 2474 1377 quod

1420 1389 1473 1418 est
1492 1383 1682 1431 quaedam
1698 1382 1815 1419 virtus
1835 1383 2040 1420 iustificans
2059 1383 2255 1419 hominem
2274 1382 2312 1419 in
2332 1382 2474 1431 seipso:

1419 1436 1485 1472 sed
1514 1435 1725 1472 secundum
1754 1436 1858 1483 quod
1877 1441 1893 1463 Υ
1921 1436 2100 1484 importat
2127 1436 2320 1484 quandam
2348 1447 2476 1484 super-

1419 1488 1649 1525 eminentem
1684 1488 1943 1526 certitudinem
1973 1489 2079 1536 fidei,
2109 1500 2154 1525 ex
2183 1500 2257 1536 qua
2284 1489 2403 1524 homo
2432 1488 2478 1524 sit

1419 1542 1578 1578 idoneus
1606 1541 1655 1577 ad
1683 1540 1947 1578 instruendum
1975 1541 2068 1578 alios
2089 1541 2136 1578 de
2164 1541 2222 1577 his
2247 1553 2346 1588 quae
2366 1540 2415 1577 ad
2433 1541 2476 1577 fi-

1420 1594 1507 1630 dem
1527 1594 1724 1642 pertinent.
1751 1595 1846 1642 Spes
1867 1603 1993 1631 autem
2015 1602 2050 1631 et
2071 1594 2202 1630 caritas
2220 1593 2408 1642 pertinent
2426 1593 2475 1629 ad

1418 1647 1497 1683 vim
1526 1647 1782 1695 appetitivam,
1812 1647 2023 1684 secundum
2044 1647 2147 1696 quod
2166 1658 2235 1695 per
2254 1658 2338 1682 eam
2357 1646 2476 1682 homo

1419 1700 1456 1736 in
1484 1701 1611 1736 Deum
1641 1697 1845 1736 Ordinatur.

1472 1755 1530 1789 AD
1544 1764 1702 1789 TERTIUM
1723 1764 1906 1790 DICENDUM
1926 1752 2029 1801 quod
2044 1752 2160 1800 gratia
2181 1751 2380 1788 sanitatum
2402 1750 2476 1788 dis-

1419 1805 1595 1853 tinguitur
1614 1818 1635 1842 a
1654 1805 1818 1853 generali
1847 1805 2066 1853 operatione
2085 1805 2279 1850 virtutum,
2300 1803 2388 1852 quia
2411 1804 2476 1840 ha-

1420 1860 1482 1895 bet
1510 1858 1711 1907 specialem
1741 1858 1927 1895 rationem
1955 1857 2159 1895 inducendi
2187 1857 2236 1893 ad
2263 1857 2398 1902 fidem;
2428 1856 2475 1892 ad

1419 1924 1534 1960 quam
1563 1911 1696 1959 aliquis
1725 1911 1843 1959 magis
1869 1919 2070 1959 promptus
2090 1910 2256 1947 redditur
2274 1921 2343 1958 per
2362 1910 2475 1945 bene-

1419 1965 1547 2001 ficium
1577 1964 1782 2012 corporalis
1811 1964 1976 2000 sanitatis
2003 1975 2120 2012 quam
2148 1975 2218 2011 per
2245 1962 2334 1999 fidei
2361 1962 2476 1998 virtu-

1419 2025 1494 2054 tem
1514 2017 1735 2065 assequitur.
1758 2017 1934 2053 Similiter
1949 2016 2063 2053 etiam
2078 2016 2181 2067 loqui
2194 2015 2308 2053 variis
2328 2014 2473 2062 linguis,

1420 2078 1454 2107 et
1482 2070 1714 2119 interpretari
1742 2082 1956 2116 sermones,
1985 2070 2126 2106 habent
2154 2068 2334 2117 speciales
2363 2079 2475 2115 quas-

1420 2124 1507 2160 dam
1528 2122 1690 2159 rationes
1714 2122 1897 2159 movendi
1921 2123 1968 2159 ad
1991 2122 2127 2160 fidem:
2154 2130 2190 2158 et
2217 2121 2304 2157 ideo
2328 2132 2476 2169 ponun-

1419 2184 1478 2213 tur
1507 2175 1687 2224 speciales
1715 2175 1853 2223 gratiae
1882 2175 1993 2223 gratis
2022 2175 2143 2212 datae.

1472 2231 1530 2266 Αι)
1559 2240 1731 2272 QUARTUM
1760 2234 1941 2265 DicENDUM
1971 2228 2074 2276 quod
2098 2226 2280 2276 sapientia
2300 2233 2336 2262 et
2355 2226 2476 2262 scien-

1419 2283 1467 2318 tia
1496 2294 1574 2319 non
1603 2288 1872 2330 computantur
1891 2281 1987 2317 inter
2005 2281 2140 2328 gratias
2160 2279 2270 2327 gratis
2291 2279 2396 2316 datas
2416 2290 2474 2314 se-

1420 2336 1587 2372 cundum
1619 2334 1724 2383 quod
1757 2340 2027 2371 enumerantur
2062 2333 2157 2370 inter
2185 2334 2286 2370 dona
2316 2331 2474 2380 Spiritus

1421 2388 1557 2434 Sancti,
1587 2395 1701 2436 prout
1729 2387 1867 2424 seilicet
1886 2399 1995 2423 mens
2015 2386 2180 2423 hominis
2201 2392 2256 2421 est
2275 2386 2372 2421 bene
2392 2396 2475 2420 mo-

1419 2441 1500 2477 bilis
1528 2453 1596 2488 per
1625 2440 1804 2489 Spiritum
1836 2440 2017 2476 Sanctum
2047 2439 2096 2476 ad
2121 2451 2164 2475 ea
2185 2450 2282 2486 quae
2312 2444 2398 2473 sunt
2417 2449 2474 2473 sa-

1419 2494 1581 2542 pientiae
1594 2494 1657 2530 vel
1678 2493 1873 2530 scientiae:
1895 2492 1948 2529 sic
1968 2492 2068 2529 enirn
2087 2499 2174 2528 sunt
2194 2492 2294 2527 dona
2315 2489 2473 2538 Spiritus

1420 2546 1556 2592 Sancti,
1585 2553 1626 2583 ut
1654 2558 1768 2594 supra
1787 2545 1807 2567 *
1835 2545 1977 2582 dictum
2008 2552 2073 2581 est.
2105 2544 2180 2580 Sed
2209 2549 2476 2591 computantur
2504 2561 2511 2567 ·
2538 2566 2601 2581 οη,
2628 2566 2681 2581 mar

1418 2600 1511 2636 inter
1538 2599 1673 2646 gratias
1701 2599 1812 2646 gratis
1841 2599 1946 2635 datas
1974 2599 2184 2634 secundum
2206 2596 2310 2644 quod
2334 2595 2474 2643 impor-

1418 2652 1703 2701 tantoquandam
1722 2651 1994 2688 abundantiam
2015 2649 2190 2687 scientiae
2207 2656 2242 2685 et
2256 2647 2472 2696 sapientiae,

1417 2714 1457 2742 ut
1475 2707 1594 2742 homo
1623 2704 1742 2752 possit
1768 2716 1847 2740 non
1867 2705 1992 2740 solum
2011 2704 2050 2740 in
2070 2702 2193 2750 seipso
2223 2709 2321 2738 recte
2342 2713 2474 2749 sapere

1418 2759 1464 2796 de
1494 2757 1645 2803 divinis,
1676 2758 1743 2794 sed
1772 2756 1885 2793 etiam
1914 2756 2007 2793 alios
2044 2756 2223 2792 instruere
2262 2762 2297 2790 et
2330 2761 2474 2789 contra-

1418 2811 1582 2848 dicentes
1607 2810 1811 2846 revincere.
1833 2810 1882 2846 Et
1900 2809 1986 2846 ideo
2006 2809 2101 2845 inter
2124 2807 2259 2855 gratias
2278 2806 2389 2854 gratis
2409 2806 2474 2843 da-

1416 2872 1470 2901 tas
1490 2864 1678 2911 signanter
1701 2862 1852 2911 ponitur
1871 2860 1883 2883 ⁶
1910 2874 2033 2898 sermo
2056 2860 2269 2908 sapientiae,
2295 2866 2330 2895 et
2348 2871 2471 2895 sermo

1414 2917 1609 2954 scientiae.-
1629 2916 1717 2964 quia
1733 2923 1773 2951 ut
1787 2915 2016 2962 Augustinus
2038 2913 2136 2959 dicit,
2154 2913 2242 2949 XIV
2261 2912 2306 2948 de
2328 2913 2364 2948 T
2360 2911 2471 2958 rin.*,
2502 2926 2508 2933 ·

1416 2970 1521 3006 aliud
1553 2975 1606 3005 est
1635 2969 1730 3005 scire
1762 2968 2015 3004 tantummodo
2053 2967 2142 3014 quid
2177 2967 2288 3002 homo
2322 2965 2473 3000 credere

1415 3024 1545 3059 debeat
1564 3027 1721 3070 propter
1738 3020 2013 3068 adipiscendam
2034 3020 2147 3055 vitam
2168 3019 2333 3061 beatam;
2357 3017 2471 3062 aliud,

1413 3076 1510 3113 scire
1528 3074 1840 3123 quemadmodum
1861 3078 1872 3093 ε
1896 3074 1966 3108 hoc
1985 3073 2103 3120 ipsum
2124 3077 2157 3107 et
2170 3071 2243 3119 piis
2263 3070 2470 3118 opituletur,

1415 3134 1451 3165 et
1476 3133 1607 3164 contra
1637 3127 1767 3174 impios
1795 3126 2024 3172 defendatur.

1467 3249 1491 3281 δ)
1511 3250 1534 3274 si
1534 3257 1596 3282 gnar
1591 3253 1650 3273 nter
1636 3256 1713 3280 rpoz
1699 3249 1754 3273 nitu
1793 3263 1809 3266 —
1825 3248 2010 3280 significantur
2020 3247 2111 3279 primo
2127 3247 2202 3271 Pa.-
2223 3253 2308 3270 sermo
2321 3246 2401 3270 altero
2414 3246 2471 3270 loco

1414 3257 1858 3351 om'z>3310‘emcqiuemadmodum.—
1875 3318 1912 3342 ad
1931 3318 1954 3346 1,
1973 3318 2041 3342 scire
2060 3321 2189 3349 quantum
2209 3317 2246 3341 ad
2265 3316 2354 3346 ceteri3
2379 3324 2427 3349 pro
2446 3319 2471 3340 et

1412 3356 1442 3387 pi
1444 3363 1478 3384 ts,
1494 3355 1550 3387 pi1's
1569 3355 1605 3384 G,
1625 3358 1653 3379 ut
1668 3354 1722 3386 piis
1742 3354 1826 3378 ceteri.

2503 923 2521 952 *-
2528 924 2578 944 Art.
2590 930 2606 945 1.
