2860 3952
65 2595 277 2665 ffl'tffiffiim:

197 2643 205 2665 i
224 2659 230 2665 .
236 2643 277 2665 lib.

65 2648 167 2671 vuum:

64 2668 106 2697 Π,
115 2674 197 2722 αΡἸ,

211 2675 243 2692 Π.

17 3062 19 3067 ’
43 3094 47 3098 .
66 3069 76 3082 ·
90 3069 148 3099 σιμ.
160 3075 213 3092 xm.

953 181 1246 246 PRIMA
1292 177 1802 246 SECUNDAE

312 308 1082 417 SUMMAE
1186 297 2444 412 THEOLOGIAE

1103 474 1353 512 ANGELICI
1384 474 1654 510 DOCTORIS

561 572 968 660 SANCTI
1027 570 1515 654 THOMAE
1574 569 2201 676 AQUINATIS

1151 714 1289 739 ORDINIS
1307 713 1603 738 PRAEDICATORUM

804 799 840 831 A
864 796 1180 842 QUAESTIONE
1209 795 1336 828 LXXI
1357 795 1426 828 AD
1451 793 1808 838 QUAESTIONEM
1833 793 1956 828 CXIV

1007 889 1153 930 CUM
1197 886 1704 928 COMMENTARII
1719 885 1751 926 S

720 986 1125 1051 THOMAE
1181 985 1291 1047 DE
1349 983 1524 1048 VIO
1582 983 2036 1047 CAIETANI

1264 1098 1375 1116 mosum!
1394 1098 1498 1116 0111>me

1164 1171 1194 1201 S.
1219 1171 1257 1201 R.
1282 1170 1318 1201 E.
1344 1169 1601 1201 CARDINALIS

663 1335 1104 1425 QUAESTIO
1147 1343 2112 1400 SEPTUAGESIMAPRIMA

792 1458 875 1498 DE
902 1455 1078 1498 VITIIS
1106 1456 1184 1496 ET
1210 1454 1505 1496 PECCATIS
1533 1453 1870 1495 SECUNDUM
1897 1453 1970 1494 SE

1117 1542 1167 1578 'm
1197 1553 1262 1578 SEX
1290 1551 1492 1577 ART1CULos
1521 1552 1637 1576 DlVlSA

379 1651 645 1683 ONSEQUENTER
677 1638 998 1676 considerandum
1026 1645 1082 1675 est
1113 1637 1161 1674 de
1188 1636 1287 1674 vitiis
1323 1644 1358 1672 et

56 1706 172 1757 ἀφ-
185 1711 222 1733 m
232 1705 271 1728 ¹2-
300 1651 543 1743 Cpeccatis
568 1694 599 1729 ²⁸.
634 1692 745 1729 Circa
773 1704 871 1740 quae
900 1703 966 1728 sex
994 1689 1269 1728 consideranda
1297 1701 1359 1726 oc-

300 1754 471 1784 currunt:
499 1746 626 1796 primo
655 1745 822 1794 quidem,
853 1744 928 1781 de
919 1744 1009 1792 1psis
1026 1743 1125 1781 vitiis
1145 1750 1181 1779 et
1198 1742 1360 1791 peccatis

300 1800 513 1837 secundum
538 1811 599 1845 se;
629 1798 812 1845 secundo,
839 1797 886 1834 de
907 1796 1142 1834 distinctione
1171 1807 1304 1832 eorum
1323 1794 1359 1841 *;

213 1865 231 1881 ¹·
298 1853 434 1900 tertio,
473 1852 519 1890 de
559 1851 845 1900 comparatione
879 1861 1012 1887 eorum
1044 1849 1094 1886 ad
1129 1848 1295 1886 invicem
1319 1847 1360 1894 *;

299 1913 456 1955 quarto,
486 1905 534 1943 de
562 1904 733 1942 subiecto
761 1902 944 1962 peccati*
955 1915 963 1922 ·
955 1902 1141 1951 ,quinto,
1172 1902 1220 1939 de
1249 1913 1361 1938 causa

300 1959 381 1996 eius
401 1960 442 2005 *3
471 1965 589 2005 sext0,
620 1958 668 1994 de
697 1957 835 1993 effectu
861 1956 979 2005 ipsius
999 1955 1050 1992 **.

300 2011 412 2049 Circa
438 2011 608 2060 primum
637 2017 871 2069 quaeruntur
899 2020 975 2045 sex.

351 2063 507 2101 Primo:
536 2071 665 2100 utrum
692 2062 827 2100 vitium
857 2060 1100 2098 contrarietur
1126 2059 1265 2097 virtuti.

355 2116 555 2154 secundo}
585 2123 712 2153 Utrum
739 2123 875 2152 Vltlum
903 2122 950 2151 Slt
978 2121 1109 2151 contra
1135 2121 1322 2150 natUram.

1468 1635 1620 1672 Tertio:
1650 1634 1742 1683 quid
1770 1634 1816 1671 sit
1842 1634 1963 1683 peius,
1992 1642 2117 1671 utrum
2137 1634 2270 1671 vitium
2290 1637 2352 1672 vel
2371 1643 2475 1672 actus

1520 1695 1691 1725 vitiosus.

1470 1741 1638 1787 Quarto:
1668 1748 1796 1778 utrum
1826 1747 1931 1777 actus
1949 1740 2107 1778 vitiosus
2126 1741 2244 1790 possit
2264 1753 2344 1777 esse
2365 1741 2475 1778 simul

1523 1806 1612 1830 cum
1639 1801 1789 1831 virtute.

1471 1847 1636 1894 Quinto:
1674 1855 1802 1884 utrum
1839 1846 1878 1883 in
1916 1846 2019 1883 omni
2060 1853 2217 1894 peccato
2256 1846 2301 1883 sit
2341 1846 2474 1895 aliquis

1523 1907 1639 1936 actus.

1472 1953 1607 1989 Sexto:
1638 1952 1685 1989 de
1706 1952 1925 1989 definitione
1944 1952 2090 2001 peccati
2110 1963 2227 2000 quam
2247 1952 2477 2000 Augustinus

1523 2005 1642 2054 ponit,
1664 2006 1771 2042 XXII
1797 2006 1938 2042 Contra
1956 2006 2138 2042 Faustum
2153 2005 2188 2041 *ε
2209 2006 2406 2041 Peccatum
2427 2010 2480 2041 est
2502 2011 2512 2022 “
2549 2017 2561 2032 a

1524 2059 1662 2095 dictum
1682 2058 1741 2094 vel
1755 2059 1908 2106 sactum
1937 2058 1997 2095 vel
2023 2058 2258 2106 concupitum
2278 2063 2407 2095 contra
2428 2058 2477 2094 le-

1524 2123 1612 2161 gem
1625 2116 1846 2154 fleternam.
1891 2149 1894 2152 Δ

1050 2210 1052 2212 ’
1086 2212 1402 2255 ARTICULUS
1435 2211 1639 2254 PRIMUS

936 2298 1090 2329 UTRUM
1114 2297 1268 2328 VITIUM
1296 2296 1640 2328 CONTRARIETUR
1664 2296 1842 2327 VIRTUTI

370 2410 398 2433 f
420 2396 490 2439 *m

321 2488 358 2533 A
384 2499 484 2537 ν,
455 2468 486 2523 (1
514 2497 636 2522 unum
666 2492 720 2521 est
749 2483 992 2542 contrarium,
1013 2489 1055 2519 ut
1071 2481 1281 2531 probatur
1273 2494 1311 2518 1n
1330 2482 1364 2517 X

326 2534 329 2538 ¹
364 2531 398 2570 ·⁷
498 2555 506 2561 κ
552 2539 732 2586 etaphys.
752 2536 772 2558 '¹‘
801 2536 878 2573 Sed
897 2536 1024 2573 virtuti
1052 2534 1326 2572 contrariantur
1347 2539 1364 2555 ²

303 2598 503 2650 peccatum
529 2598 565 2627 et
583 2590 737 2628 malitia.
767 2590 860 2626 Non
879 2601 968 2637 ergo
990 2588 1237 2625 contrariatur
1257 2587 1290 2624 ei
1310 2587 1365 2625 vi-

303 2643 415 2680 tium:
442 2643 531 2692 quia
548 2643 684 2680 vitium
706 2643 840 2680 dicitur
859 2642 972 2679 etiam
992 2642 1022 2678 si
1040 2641 1086 2678 sit
1104 2641 1270 2678 indebita
1290 2640 1365 2678 dis-

303 2695 440 2745 positio
459 2697 722 2733 membrorum
737 2694 1004 2744 corporalium,
1019 2694 1081 2731 vel
1097 2705 1365 2744 quarumcum-

305 2760 382 2796 que
410 2760 550 2785 rerum.

359 2813 393 2838 2.
421 2802 653 2849 Pmrmuzr,
673 2801 792 2838 virtus
820 2800 992 2837 nominat
1019 2799 1212 2849 quandam
1241 2799 1366 2848 perfe-

305 2853 469 2891 ctionem
497 2853 700 2903 potentiae.
731 2854 809 2891 Sed
835 2853 970 2890 vitium
999 2853 1089 2890 nihil
1117 2852 1290 2889 nominat
1318 2852 1365 2889 ad

303 2907 512 2955 potentiam
541 2907 742 2956 pertinens.
772 2907 875 2954 Ergo
902 2906 1037 2943 vitium
1060 2918 1138 2943 non
1162 2905 1366 2942 contraria-

303 2966 364 2995 tur
389 2958 528 2996 virtuti.

361 3013 394 3049 3.
410 3012 643 3059 plumeam,
662 3011 809 3048 Tullius
830 3011 928 3059 dicit,
948 3011 987 3048 in
1007 3012 1058 3048 IV
1076 3012 1122 3048 de
1144 3011 1365 3048 Tusculanis

309 3065 457 3106 Quaest.
469 3064 500 3111 ²⁸,
522 3063 627 3112 quod
641 3064 758 3101 virtus
773 3069 827 3100 est
838 3064 1023 3112 quaedam
1041 3065 1182 3101 sanitas
1200 3064 1362 3101 animae.

306 3117 462 3154 Sanitati
492 3124 618 3154 autem
648 3116 853 3165 opponitur
880 3116 1074 3164 aegritudo
1107 3118 1169 3154 vel
1193 3117 1364 3165 morbus,

305 3170 424 3219 magis
453 3182 570 3220 quam
598 3169 746 3207 vitium.
776 3168 878 3216 Ergo
905 3170 1033 3206 virtuti
1061 3182 1140 3206 non
1163 3169 1366 3206 contraria-

304 3230 365 3260 tur
390 3223 538 3261 vitium.

360 3277 435 3313 SED
455 3287 602 3313 CONTRA
621 3287 686 3312 EST
706 3275 809 3324 quod
830 3275 917 3312 dicit
936 3274 1180 3322 Augustinus,
1201 3274 1239 3310 in
1268 3273 1363 3310 libro

305 3330 351 3366 de
368 3329 600 3377 Perfectione
617 3329 785 3365 Iustitiae
802 3329 833 3377 ³¹²,
862 3328 967 3378 quod
986 3327 1116 3365 vitium
1135 3332 1190 3363 est
1206 3326 1364 3375 qualitas

514 2392 537 2416 D
566 2390 703 2416 prunum
731 2389 784 2414 SIC
813 2388 1051 2414 PROCEDITUR.
1080 2376 1239 2414 Videtur
1258 2375 1363 2434 quod
1418 2375 1621 2412 secundum
1651 2387 1764 2423 quam
1794 2375 1916 2411 malus
1943 2381 1997 2411 est
2017 2375 2176 2412 animus.
2206 2375 2332 2412 Virtus
2352 2381 2478 2411 autern

338 2407 487 2489 ῌἈΐιᾳ
514 2432 649 2470 vitium
663 2444 742 2468 non
758 2429 1152 2467 contrarieturvinuti.
1168 2428 1243 2466 Uni
1259 2428 1361 2465 enirn
1421 2436 1475 2465 est
1494 2428 1653 2476 qualitas
1671 2440 1769 2476 quae
1775 2428 1879 2476 facit
1901 2429 2039 2464 bonum
2068 2429 2276 2474 habentem,
2296 2435 2336 2464 ut
2356 2439 2399 2464 ex
2419 2439 2479 2463 su-

1419 2480 1634 2530 pradictis*
1652 2488 1766 2529 patet.
1796 2481 1899 2529 Ergo
1919 2481 2053 2518 vitium
2077 2481 2324 2518 contrariatur
2341 2480 2477 2516 virtuti.
2507 2487 2513 2494 ·

1473 2536 1698 2571 RESPONm-:o
1724 2546 1908 2571 montinum
1937 2534 2041 2583 quod
2071 2534 2167 2571 circa
2195 2534 2371 2570 virtutem
2401 2534 2477 2570 duo

1418 2599 1626 2636 possumus
1659 2586 1918 2624 considerare:
1949 2587 2087 2623 scilicet
2119 2587 2239 2635 ipsam
2277 2585 2477 2623 essentiam

1419 2640 1581 2685 virtutis;
1611 2647 1648 2676 et
1667 2640 1704 2676 id
1724 2639 1774 2677 ad
1793 2640 1898 2688 quod
1918 2647 1974 2676 est
1990 2639 2121 2677 virtus.
2153 2641 2195 2676 In
2219 2639 2378 2676 essentia
2397 2637 2477 2686 qui-

1421 2694 1510 2731 dem
1530 2692 1676 2730 virtutis
1703 2692 1843 2741 aliquid
1864 2692 2093 2730 considerari
2112 2699 2235 2741 potest
2255 2692 2413 2736 directe;
2443 2698 2479 2727 et

1421 2746 1562 2795 aliquid
1581 2757 1627 2782 ex
1647 2745 1904 2794 consequenti.
1930 2745 2091 2790 Directe„
2100 2745 2253 2794 quidem
2274 2744 2390 2781 virtus
2409 2743 2478 2780 im-

1420 2807 1545 2848 portat
1560 2798 1848 2847 dispositionem
1864 2798 2059 2846 quandam
2080 2798 2234 2835 alicuius
2250 2795 2477 2833 convenien-

1420 2860 1476 2889 ter
1504 2865 1544 2889 se
1572 2851 1746 2888 habentis
1775 2852 1986 2888 secundum
2007 2852 2165 2888 modum
2192 2862 2281 2887 suae
2302 2856 2477 2886 naturae:

1420 2905 1522 2942 unde
1550 2904 1806 2953 Philosophus
1840 2904 1946 2950 dicit,
1976 2904 2014 2940 in
2043 2904 2109 2939 VII
2140 2903 2286 2951 Physic.
2306 2903 2343 2948 *,
2373 2901 2479 2949 quod

1419 2959 1537 2995 virtus
1557 2963 1611 2994 est
1636 2958 1822 3006 dispositio
1839 2957 1998 3006 perfecti
2014 2957 2065 2992 ad
2082 2956 2283 3005 optimum‚·
2311 2955 2393 2991 dico
2412 2966 2479 2991 au-

1420 3017 1492 3048 tem
1512 3011 1680 3059 perfecti,
1711 3011 1812 3059 quod
1838 3016 1891 3046 est
1917 3009 2130 3057 dispositum
2149 3007 2352 3044 secundum
2373 3013 2480 3044 natu-

1420 3075 1517 3101 ram
1547 3064 1605 3100 Ex
1625 3063 1871 3111 consequenti
1891 3069 2016 3098 autem
2044 3061 2211 3119 sequitur
2237 3059 2342 3119 quod
2360 3059 2479 3096 virtus

1420 3116 1466 3154 sit
1484 3116 1632 3154 bonitas
1658 3115 1864 3175 quaedam.
1894 3114 1933 3151 in
1952 3114 2026 3150 hoc
2046 3113 2147 3150 enim
2166 3112 2334 3150 consistit
2350 3113 2479 3149 unius-

1421 3169 1603 3218 cuiusque
1620 3168 1672 3205 rei
1693 3168 1852 3214 bonitas,
1870 3167 1974 3215 quod
1994 3166 2264 3204 convenienter
2282 3178 2321 3203 se
2340 3166 2479 3202 habeat

1421 3221 1632 3258 secundum
1670 3220 1830 3257 modurn
1869 3232 1959 3257 suae
1991 3227 2159 3257 naturae.
2196 3219 2236 3256 Id
2273 3226 2400 3255 autem
2430 3217 2479 3254 ad

1420 3274 1525 3322 quod
1553 3273 1672 3310 virtus
1701 3273 1907 3320 ordinatur,
1938 3280 1993 3310 est
2012 3280 2117 3310 actus
2136 3273 2272 3320 bonus,
2292 3279 2334 3309 ut
2354 3284 2398 3308 ex
2419 3284 2478 3308 su-

1421 3325 1634 3400 pradictis*
1662 3333 1774 3374 patet.

359 3427 386 3460 α)
405 3430 483 3452 contr
483 3427 618 3452 ariantur.
634 3440 654 3446 -
671 3429 748 3451 contr
734 3433 781 3451 rar
767 3426 856 3451 riatur
875 3433 904 3450 co
888 3426 929 3450 oid
923 3433 983 3450 1.ces

2506 3325 2515 3334 ·
2529 3324 2575 3351 Qu.

2589 2490 2623 2510 cv,
2640 2487 2681 2505 art.
2696 2490 2717 2512 3,

2508 2912 2515 2919 ·
2522 2909 2638 2936 Text.17.·
2646 2908 2716 2931 s.·rh.

2514 2940 2557 2957 ect.
2574 2942 2595 2957 v.

2587 3328 2631 3349 ινι,
2642 3326 2684 3343 art.
2695 3328 2715 3350 3.
