2840 4010
238 295 254 319 Υ

138 1138 146 1147 ·
183 1142 240 1164 ·9²·

135 2292 146 2302 ⁴⁵
181 2298 202 2312 u.
214 2297 264 2317 ειν,
276 2294 316 2312 art.
325 2297 346 2319 3.

136 2329 146 2334 -
182 2318 197 2339 f.
214 2318 345 2339 Comment.

383 166 458 201 290

381 239 436 268 est
460 234 577 269 Deus.
608 234 657 269 Et
680 233 766 270 ideo
787 239 1138 280 quantumcumque
1159 236 1292 264 natura
1316 227 1441 276 aliqua

381 285 586 344 corporalis
614 286 676 321 vel
704 284 903 333 spiritualis
932 289 1096 331 ponatur
1114 281 1280 329 perfecta
1304 285 1332 327 Υ,
1362 292 1440 317 non

378 345 503 386 potest
531 338 569 374 in
597 350 707 374 suurn
737 345 863 373 actum
897 334 1107 383 procedere
1135 333 1205 370 nisi
1239 341 1442 370 moveatur

380 402 402 426 a
430 391 526 427 Deo.
558 391 667 437 Quae
696 389 851 448 quidem
882 387 1000 424 motio
1030 393 1087 422 est
1114 385 1327 422 secundum
1347 398 1439 423 suae

379 443 638 491 providentiae
666 441 872 485 rationem;
903 452 980 476 non
1001 440 1213 476 secundum
1243 439 1440 476 necessita-

378 503 454 532 tem
484 503 649 540 naturae,
681 494 775 530 sicut
803 492 922 529 motio
950 492 1119 540 corporis
1149 492 1328 528 caelestis.
1349 492 1441 529 Non

378 549 500 584 solum
522 554 648 583 autem
665 559 686 583 a
706 547 790 582 Deo
807 553 862 582 est
881 545 1006 582 omnis
1026 544 1145 582 motio
1166 545 1260 581 sicut
1275 557 1296 581 a
1315 545 1440 594 primo

378 607 578 642 movente;
609 599 676 635 sed
701 598 813 635 etiam
847 599 895 635 ab
924 598 1007 646 ipso
1033 605 1089 634 est
1117 597 1243 634 omnis
1272 598 1441 643 formalis

376 651 556 700 perfectio
585 651 679 688 sicut
703 663 725 687 a
749 651 875 699 primo
905 658 1002 687 actu.
1034 650 1096 687 Sic
1122 650 1231 698 igitur
1260 651 1356 687 actio
1387 652 1441 689 in-

375 705 555 751 tellectus,
578 711 613 740 et
633 703 907 752 cuiuscumque
933 704 1027 740 entis
1056 703 1182 750 creati,
1205 703 1396 752 dependet
1419 717 1441 742 a

375 758 459 794 Deo
480 764 664 805 quantum
685 757 734 794 ad
754 757 849 793 duo:
878 769 957 793 uno
974 757 1119 804 ‘modo,
1147 756 1372 805 inquantum
1392 758 1440 794 ab

375 810 457 858 ipso
482 811 597 846 habet
625 808 816 846 formam⁶
844 822 914 858 per
939 822 1055 858 quam
1086 809 1175 857 agit;
1205 809 1277 846 alio
1307 811 1438 858 modo,

375 863 600 911 inquantum
625 863 673 899 ab
692 863 775 911 ipso
796 870 976 900 movetur
995 863 1043 899 ad
1072 862 1274 910 agendum.

427 916 688 965 Unaquaeque
714 923 842 952 autem
870 916 994 952 forma
1021 915 1137 952 indita
1166 915 1278 952 rebus
1307 916 1440 954 creatis

374 981 396 1005 a
429 970 529 1015 Deo,
563 969 678 1006 habet
708 968 916 1006 efficaciam
946 976 1119 1017 respectu
1147 967 1302 1005 alicuius
1335 977 1439 1006 actus

375 1022 622 1069 determinati,
644 1022 682 1059 in
703 1034 818 1071 quem
838 1029 963 1070 potest
989 1021 1201 1058 secundum
1222 1033 1332 1058 suam
1353 1034 1439 1070 pro-

374 1075 588 1123 prietatem:
612 1075 709 1112 ultra
724 1083 851 1111 autern
868 1087 946 1111 non
961 1082 1086 1123 potest
1105 1074 1175 1111 nisi
1190 1086 1258 1122 per
1273 1074 1437 1122 aliquam

375 1128 538 1165 formam
553 1128 837 1176 superadditam
852 1127 883 1174 ⁹¹⁸,
905 1127 1000 1164 sicut
1018 1139 1119 1175 aqua
1138 1138 1217 1163 non
1236 1134 1360 1175 potest
1380 1140 1438 1164 ca-

374 1182 534 1217 lefacere
555 1181 624 1217 nisi
645 1181 822 1217 calefacta
841 1181 890 1216 ab
906 1180 1002 1227 igne.
1030 1180 1092 1216 Sic
1107 1179 1217 1226 igitur
1230 1179 1438 1217 intellectus

374 1235 564 1270 humanus
592 1234 708 1270 habet
740 1234 905 1282 aliquam
932 1233 1114 1278 formam,
1145 1231 1284 1269 scilicet
1311 1232 1436 1281 ipsum

374 1286 603 1334 intelligibile
631 1287 773 1332 lumen,
803 1286 908 1334 quod
938 1293 993 1322 est
1022 1285 1069 1322 de
1098 1297 1139 1321 se
1167 1285 1360 1323 sufficiens
1388 1286 1437 1324 ad

374 1340 563 1388 quaedam
588 1339 829 1387 intelligibilia
855 1338 1143 1386 cognoscenda:
1165 1338 1212 1374 ad
1232 1350 1278 1374 ea
1296 1338 1437 1376 scilicet

373 1393 410 1429 in
431 1405 594 1441 quorum
615 1392 785 1429 notitiam
805 1404 873 1440 per
888 1391 1077 1429 sensibilia
1095 1403 1302 1439 possumus
1323 1392 1436 1429 deve-

374 1446 464 1482 nire.
487 1446 630 1482 Altiora
643 1458 738 1482 vero
760 1445 1001 1493 intelligibilia
1017 1444 1226 1481 intellectus
1245 1445 1437 1482 humanus

375 1511 604 1546 cognoscere
642 1511 719 1535 non
749 1505 873 1547 potest
907 1497 977 1534 nisi
1006 1496 1149 1534 fortiori
1182 1496 1324 1534 lumine
1352 1510 1436 1546 per-

374 1552 531 1599 ficiatur,
561 1552 655 1588 sicut
683 1551 826 1588 lumine
854 1551 945 1587 fidei
970 1551 1032 1587 vel
1062 1549 1305 1599 prophetiae3
1332 1551 1436 1598 quod

375 1605 508 1641 dicitur
523 1582 651 1641 ⁷lumen
680 1605 840 1654 gratiae,
870 1604 1096 1652 inquantum
1127 1611 1182 1640 est
1201 1610 1356 1640 naturae
1376 1616 1436 1641 su-

373 1658 626 1717 peradditum.

428 1711 490 1747 Sic
518 1710 627 1758 igitur
651 1710 857 1747 dicendum
887 1717 942 1746 est
974 1710 1079 1758 quod
1104 1709 1152 1746 ad
1179 1708 1435 1757 cognitionem

374 1764 647 1812 cuiuscumque
675 1764 775 1810 veri,
804 1763 923 1800 homo
961 1762 1102 1810 indiget
1138 1762 1275 1798 auxilio
1305 1761 1434 1799 divino

374 1825 414 1853 ut
442 1817 648 1854 intellectus
677 1829 698 1853 a
727 1818 811 1853 Deo
842 1823 1043 1853 moveatur
1071 1815 1119 1852 ad
1147 1827 1260 1852 suurn
1295 1822 1434 1852 actum.

426 1922 452 1955 γ)
468 1925 588 1954 ponatur
603 1923 733 1954 perfecta.
752 1935 770 1940 —
788 1922 824 1946 sit
838 1922 961 1955 perfecta
980 1921 1009 1952 E,
1024 1921 1147 1954 perfecta
1165 1921 1200 1945 sit
1219 1920 1248 1945 F.

426 1956 451 1989 δ)
463 1959 595 1990 formam.
614 1971 632 1976 ·-
646 1957 836 1991 perfectionem
855 1957 910 1981 sive
922 1957 1044 1990 sormam
1065 1956 1112 1981 Ρα.

1085 150 1350 197 QUAESTIO
1381 149 1484 196 CIX,
1513 149 1809 187 ARTICULUS
1839 152 1852 187 1

1497 228 1588 264 Non
1612 235 1739 264 autern
1760 227 1900 275 indiget
1915 228 1963 265 ad
1980 232 2286 276 cognoscendam
2305 231 2501 268 veritatem
2520 230 2557 267 in

1496 280 1687 327 omnibus,
1705 292 1807 317 nova
1822 281 2066 318 illustratione
2086 283 2329 330 superaddita
2344 283 2502 320 naturali
2518 283 2557 319 il-

1495 333 1721 379 lustrationi;
1751 333 1819 370 sed
1847 333 1885 371 in
1906 333 2147 382 quibusdam,
2169 347 2265 383 quae
2287 337 2473 373 excedunt
2491 349 2557 373 na-

1494 387 1656 423 turalem
1672 385 1938 434 cognitionem.
1956 408 1980 415 -
1996 387 2045 423 Et
2059 394 2187 423 tamen
2204 388 2437 437 quandoque
2452 390 2557 426 Deus

1495 439 1722 476 miraculose
1751 452 1819 488 per
1847 451 1955 476 suam
1984 439 2141 487 gratiam
2170 439 2316 489 aliquos
2344 440 2489 478 instruit
2510 442 2556 478 de

1494 492 1552 529 his
1581 505 1680 541 quae
1707 505 1776 541 per
1804 492 2012 529 naturalem
2043 492 2229 529 rationem
2268 494 2446 540 cognosci
2469 506 2556 542 pos-

1495 553 1601 581 sunt:
1632 545 1727 581 sicut
1757 553 1792 582 et
1820 546 2052 594 quandoque
2073 545 2299 582 miraculose
2328 546 2415 582 facit
2442 558 2556 595 quae-

1496 595 1584 634 dam
1618 610 1718 645 quae
1746 605 1879 635 natura
1907 598 2031 635 facere
2059 605 2195 647 potest.

1548 653 1606 687 AD
1635 662 1772 687 PmMUM
1800 662 1898 687 ERGO
1927 663 2111 688 mesanum
2127 651 2232 699 quod
2261 663 2376 688 omne
2404 663 2555 698 verum,

1495 717 1516 741 a
1545 715 1792 752 quocumque
1821 703 1976 751 dicatur,
1999 713 2054 741 est
2073 717 2094 741 a
2119 704 2258 752 Spiritu
2289 704 2428 741 Sancto
2462 704 2557 741 sicut

1495 757 1542 793 ab
1573 756 1791 793 infundente
1812 757 1982 793 naturale
2001 758 2141 803 lumen,
2164 765 2200 793 et
2228 764 2408 793 movente
2432 756 2482 793 ad
2501 757 2556 793 in-

1493 809 1737 857 telligendum
1769 816 1804 844 et
1822 809 2058 857 loquendum
2079 810 2289 846 veritatem.
2315 810 2408 847 Non
2427 817 2555 846 autem

1494 862 1590 899 sicut
1617 863 1664 898 ab
1694 861 1924 898 inhabitante
1953 874 2021 911 per
2047 863 2206 910 gratiam
2239 870 2388 910 gratum
2417 862 2557 900 facien-

1493 922 1583 961 tem,
1599 915 1661 951 vel
1682 914 1776 950 sicut
1796 926 1817 950 a
1836 914 2015 961 largiente
2030 916 2185 964 aliquod
2205 915 2394 952 habituale
2410 915 2555 953 donum

1494 975 1649 1005 naturae
1669 967 1973 1016 superadditum:
2001 969 2068 1005 sed
2096 969 2171 1006 hoc
2190 969 2315 1006 solum
2342 976 2397 1005 est
2417 968 2455 1005 in
2474 968 2555 1018 qui-

1493 1021 1656 1058 busdam
1685 1019 1785 1056 veris
1815 1020 2090 1067 cognoscendis
2115 1029 2150 1058 et
2169 1021 2385 1070 loquendis;
2413 1029 2449 1058 et
2476 1033 2556 1058 ma-

1492 1074 1593 1110 xime
1623 1073 1659 1109 in
1688 1072 1757 1109 illis
1791 1084 1888 1120 quae
1908 1073 2097 1121 pertinent
2125 1074 2174 1110 ad
2193 1074 2323 1122 fidem,
2345 1074 2391 1112 de
2418 1073 2555 1123 quibus

1492 1127 1699 1175 Apostolus
1727 1126 1965 1173 loquebatur.

1545 1182 1604 1216 An
1633 1190 1822 1215 SECUNDUM
1851 1189 2036 1215 DICENDUM
2064 1179 2170 1228 quod
2196 1180 2252 1216 sol
2282 1179 2487 1228 corporalis
2515 1179 2556 1216 il-

1491 1233 1623 1269 lustrat
1642 1223 1824 1277 exterius;
1846 1231 1913 1268 sed
1933 1232 1990 1268 sol
2009 1231 2260 1279 intelligibilis,
2277 1231 2342 1281 qui
2361 1239 2418 1269 est
2436 1233 2554 1279 Deus,

1491 1285 1647 1322 illustrat
1666 1284 1831 1321 interius.
1852 1283 1992 1321 Unde
1983 1296 2110 1332 ipsum
2129 1285 2259 1321 lumen
2288 1285 2457 1322 naturale
2477 1285 2556 1322 ani-

1491 1351 1578 1375 mae
1608 1338 1766 1376 inditum
1796 1344 1852 1374 est
1879 1337 2073 1374 illustratio
2102 1337 2193 1384 Dei,
2223 1350 2301 1386 qua
2329 1337 2556 1375 illustramur

1491 1392 1539 1428 ab
1567 1391 1650 1440 ipso
1680 1391 1729 1427 ad
1758 1390 2070 1438 cognoscendum
2101 1403 2146 1427 ea
2170 1403 2269 1439 quae
2298 1390 2488 1442 pertinent
2505 1390 2555 1428 ad

1490 1444 1698 1481 naturalem
1720 1442 1987 1491 cognitionem.
2009 1444 2058 1480 Et
2077 1443 2126 1480 ad
2154 1444 2229 1480 hoc
2248 1455 2326 1480 non
2355 1443 2556 1491 requiritur

1492 1497 1563 1534 alia
1591 1496 1799 1533 illustratio:
1821 1496 1888 1533 sed
1909 1496 2035 1533 solum
2059 1496 2108 1545 ad
2136 1496 2196 1533 illa
2224 1509 2323 1546 quae
2343 1497 2553 1534 naturalem

1493 1550 1747 1598 cognitionem
1779 1549 1974 1586 excedunt.

1544 1605 1604 1640 AD
1627 1614 1786 1639 ’ram-ium
1814 1614 1997 1639 nicENDUM
2027 1603 2132 1650 quod
2161 1611 2314 1651 semper
2341 1602 2554 1650 indigemus

1491 1655 1622 1693 divino
1652 1655 1789 1691 auxilio
1820 1655 1868 1692 ad
1889 1655 2133 1703 cogitandum
2161 1655 2434 1703 quodcumque
2453 1659 2478 1702 ⁸,
2499 1655 2555 1693 in-

1491 1716 1676 1757 quantum
1714 1708 1794 1756 ipse
1823 1716 1957 1745 movet
1993 1707 2227 1744 intellectum
2256 1708 2305 1745 ad
2338 1707 2552 1756 agendum:

1490 1769 1576 1798 actu
1597 1761 1698 1798 enim
1719 1761 1923 1808 intelligere
1944 1760 2084 1810 aliquid
2115 1768 2171 1797 est
2195 1760 2434 1809 cogitare,-ut
2452 1768 2555 1810 patet

1490 1827 1559 1863 per
1586 1814 1850 1862 Augustinum‚
1881 1814 1970 1850 XIV
1997 1815 2043 1851 de
2074 1815 2111 1851 T
2106 1814 2177 1850 rin.
2198 1813 2218 1835 ‘¹‘

1544 1920 1566 1952 ε)
1586 1919 1775 1952 quodcumque.
1787 1932 1806 1937 —
1820 1924 1999 1951 quaecumque
2017 1918 2069 1943 EF.
2083 1932 2101 1937 -—
2115 1918 2166 1942 Pro
2186 1918 2249 1950 ipse,
2263 1917 2349 1951 ipsum
2365 1918 2406 1943 ed.
2418 1924 2445 1947 a,
2457 1925 2511 1943 om.
2525 1917 2555 1943 P.

1048 2025 1381 2058 Commentaria
1403 2013 1654 2058 Gardinaus
1675 2024 1876 2057 Caietam

403 2119 424 2139 N
447 2108 640 2149 quaestionis
665 2107 957 2138 centesimaenonae
974 2106 1106 2137 articulo
1123 2106 1238 2146 primo,
1256 2106 1352 2136 habes
1374 2105 1436 2146 pri-

377 2121 459 2183 Imo
477 2152 637 2183 modicam
661 2151 899 2192 philosophiam
915 2161 1028 2181 eorum
1043 2149 1098 2191 qui
1114 2151 1223 2181 dicunt
1243 2150 1333 2192 quod
1356 2149 1436 2190 ignis

375 2198 574 2228 combureret
597 2196 746 2236 stipulam
771 2202 910 2226 cessante
938 2202 1029 2225 motu
1054 2195 1150 2225 caeli:
1175 2205 1242 2226 non
1271 2194 1357 2225 enim
1376 2193 1436 2224 dis-

374 2248 505 2272 cernunt
537 2240 781 2281 dependentiam
811 2239 943 2270 motoris
976 2239 1106 2270 secundi
1130 2249 1151 2269 a.
1171 2239 1287 2279 primo.
1313 2238 1375 2270 Sed
1397 2239 1436 2269 de

374 2287 434 2316 hoc
450 2285 483 2315 in
498 2285 603 2315 Prima
618 2285 707 2315 Parte
719 2283 736 2303 *
752 2290 918 2314 tractatum
934 2290 988 2314 est.
1003 2284 1098 2314 Nunc
1119 2283 1336 2324 exemplariter
1350 2282 1437 2314 affer-

373 2338 424 2361 tur
446 2330 486 2359 ad
500 2329 732 2360 ostendendum
754 2328 843 2368 quod
867 2338 933 2358 non
955 2327 1062 2358 solum
1083 2327 1298 2378 dependemus
1321 2327 1355 2357 in
1371 2337 1438 2358 esse

375 2381 405 2405 et
428 2373 603 2404 conservari
620 2383 638 2403 a
662 2373 765 2412 primo
790 2378 900 2412 agente
919 2372 986 2402 Deo
1002 2372 1153 2412 glorioso,
1170 2372 1225 2402 sed
1247 2372 1279 2402 in
1297 2371 1435 2412 operari:

373 2419 416 2449 ita
439 2418 538 2458 quod,
554 2417 624 2457 ipso
649 2426 714 2447 non
735 2423 934 2456 cooperante,
951 2426 1016 2446 non
1036 2426 1204 2456 possemus
1220 2416 1344 2456 operari
1359 2425 1436 2457 qua-

375 2472 513 2503 cumque
529 2461 724 2511 operatione,
746 2461 839 2491 etiam
857 2460 881 2490 si
898 2467 1096 2491 conservaret
1118 2460 1211 2490 nobis
1230 2470 1297 2491 esse
1314 2467 1345 2492 et
1360 2469 1437 2500 ope-

375 2507 471 2538 rativa
495 2506 603 2536 omnia
626 2505 779 2555 principia
794 2505 827 2535 in
851 2504 953 2535 nobis.
974 2505 1046 2535 Hoc
1063 2511 1170 2535 autern
1194 2504 1225 2535 in
1251 2503 1364 2535 morali
1379 2504 1436 2535 do-

376 2551 474 2582 ctrina
497 2557 712 2600 supponatur:
738 2549 769 2579 in
787 2543 979 2589 speculativa
1004 2555 1111 2579 autem
1135 2548 1330 2579 discutienda
1352 2554 1435 2579 sunt.

375 2595 415 2625 Et
426 2595 507 2630 vide,
521 2595 546 2624 si
562 2594 619 2630 vis,
637 2600 803 2633 propterea
818 2593 850 2623 in
863 2593 943 2623 libro
956 2593 997 2622 111
1013 2592 1134 2623 Contra
1150 2593 1253 2630 Gent„
1266 2603 1334 2633 cap.
1343 2602 1434 2628 van,

376 2640 408 2669 in
433 2639 552 2670 ultimis
576 2638 762 2669 rationibus.

429 2684 466 2714 11.
487 2683 593 2713 Habes
609 2682 759 2718 secundo,
777 2682 866 2722 quod
889 2681 1064 2711 intellectus
1081 2681 1241 2711 humanus
1265 2691 1301 2712 ex
1323 2680 1437 2711 virtute

377 2738 457 2762 suae,
476 2734 604 2758 naturae
634 2733 739 2766 potest
763 2735 951 2765 cognoscere
982 2735 1079 2756 omne
1102 2735 1212 2755 verum
1237 2735 1302 2755 non
1326 2734 1436 2765 super-

375 2772 524 2802 naturale.
543 2771 640 2808 Quod
664 2770 739 2811 quia
762 2770 940 2800 indistincte
964 2769 1222 2805 dicitur‚sci1icet
1245 2779 1310 2800 non
1330 2769 1437 2799 distin-

375 2816 501 2856 guendo
526 2822 643 2845 statum
667 2821 796 2844 naturae
805 2813 959 2864 integrae
974 2821 1004 2844 et
1027 2820 1203 2854 corruptae,
1220 2813 1436 2844 difficultatem

375 2860 491 2899 patitur
514 2865 642 2899 propter
663 2859 781 2888 vulnus
804 2858 1009 2898 ignorantiae.
1026 2857 1155 2889 Dictum
1180 2857 1299 2898 quippe
1324 2863 1370 2888 est
1385 2867 1436 2887 su-

375 2904 484 2954 perius'
502 2904 534 2933 in
558 2914 612 2944 qu.
629 2913 738 2939 Lxxxv,
756 2909 811 2933 art.
832 2903 866 2938 3,
889 2903 978 2942 quod
1000 2902 1117 2932 vulnus
1140 2901 1335 2942 ignorantiae
1358 2911 1436 2932 con-

375 2948 454 2978 sistit
476 2948 509 2978 in
533 2947 736 2978 destitutione
759 2946 890 2977 rationis
906 2947 944 2977 ab
969 2946 1079 2976 ordine
1103 2946 1142 2976 ad
1165 2955 1286 2977 verum.
1303 2945 1335 2976 Si
1351 2945 1437 2976 enim

377 2992 455 3022 ratio
473 2991 619 3022 destituta
635 2998 681 3021 est
700 3001 717 3021 a
741 2997 835 3027 rect0,
853 3000 950 3031 quem
964 2991 1108 3027 habebat,
1126 2990 1236 3021 ordine
1259 2990 1298 3020 ad
1314 2999 1436 3026 verum,

378 3046 574 3076 consequens
603 3041 648 3066 est
674 3042 709 3066 ut
732 3045 787 3075 per
818 3035 954 3075 seipsam
983 3045 1049 3066 non
1073 3034 1173 3074 possit
1200 3043 1297 3064 omne
1325 3043 1436 3064 verum

377 3079 510 3120 assequi.
535 3080 574 3110 Et
597 3079 622 3109 si
646 3086 751 3119 potest
783 3089 837 3119 per
870 3079 1005 3119 seipsam
1029 3089 1126 3109 omne
1148 3088 1260 3109 verum
1292 3077 1436 3119 assequi,

379 3133 574 3164 consequens
598 3130 643 3153 est
666 3123 754 3163 quod
777 3133 844 3153 non
867 3123 907 3153 sit
929 3122 1053 3153 infirma
1073 3123 1112 3153 ad
1135 3132 1247 3153 verum
1270 3131 1436 3163 assequen-

379 3169 474 3197 dum:
500 3177 592 3197 sanae
621 3177 758 3207 namque
787 3167 916 3197 rationis
944 3177 1026 3207 opus
1051 3166 1153 3197 maius
1177 3177 1243 3197 non
1267 3173 1314 3197 est
1339 3176 1438 3207 quam

379 3211 499 3251 assequi
524 3221 618 3242 omne
642 3221 752 3242 verum
772 3221 837 3241 non
861 3211 1108 3250 supernaturale.

434 3255 483 3285 Ad
507 3255 567 3285 hoc
590 3255 703 3285 dicitur
727 3255 832 3296 quod,
857 3255 932 3295 quia
965 3255 1081 3285 vulnus
1108 3255 1303 3295 ignorantiae
1336 3261 1382 3285 est
1405 3254 1438 3284 in

379 3298 498 3328 ratione
527 3306 562 3329 ut
593 3306 638 3329 est
669 3298 847 3329 subiectum
874 3299 1071 3338 prudentiae,
1101 3306 1137 3329 ut
1165 3309 1201 3330 ex
1228 3298 1437 3339 praeallegato

379 3342 450 3372 loco
474 3342 608 3381 accipio;
626 3349 656 3372 et
678 3342 757 3372 ratio
782 3352 846 3372 non
871 3343 1024 3378 absoluta,
1042 3343 1095 3372 sed
1115 3350 1150 3373 ut
1174 3349 1262 3374 mota
1285 3353 1303 3373 a
1323 3342 1437 3373 volun-

379 3393 452 3422 tate,
477 3393 522 3416 est
545 3386 720 3416 subiectum
746 3386 945 3426 prudentiae:
972 3396 1168 3426 consequens
1192 3394 1239 3417 est
1262 3393 1299 3418 ut
1320 3386 1438 3417 vulnus

379 3429 572 3469 ignorantiae
599 3429 745 3459 destituat
776 3430 931 3459 rationem
956 3431 993 3459 ab
1022 3430 1132 3460 ordine
1163 3431 1202 3460 ad
1226 3441 1336 3461 verum
1367 3441 1436 3471 spe—

380 3481 465 3504 ctans
489 3474 529 3503 ad
552 3473 762 3513 prudentiam,
782 3474 869 3513 quod
890 3483 955 3503 non
977 3474 1009 3503 in
1030 3474 1096 3504 sola
1121 3474 1310 3514 cognitione,
1328 3475 1382 3505 sed
1405 3474 1436 3504 in

1489 2105 1652 2136 voluntate
1676 2105 1837 2141 consistit;
1861 2104 2016 2146 quoniam
2031 2114 2144 2135 verum
2166 2092 2343 2136 intellectus
2362 2103 2500 2144 practici,
2512 2109 2561 2135 ut.

1491 2149 1604 2180 dicitur
1627 2149 1659 2179 in
1680 2149 1723 2180 VI
1747 2147 1883 2180 Eiteia*
1885 2172 1892 2186 ‚
1909 2156 1956 2179 est
1971 2148 2115 2190 confesse
2137 2158 2172 2179 se
2193 2149 2313 2180 habens
2334 2149 2490 2189 appetitui
2499 2156 2552 2179 re-
2579 2161 2591 2173 ι

1490 2199 1549 2224 cto.
1567 2194 1660 2224 Unde
1683 2193 1853 2224 dicendum
1870 2199 1917 2223 est
1939 2194 2027 2234 quod
2051 2202 2157 2224 sermo
2175 2193 2295 2224 litterae
2319 2200 2366 2224 est
2384 2193 2423 2223 de
2446 2190 2555 2232 cogni·-

1489 2237 1577 2268 tione
1601 2247 1679 2277 pura
1697 2237 1797 2277 ipsius
1811 2237 1892 2273 veri;
1918 2237 2054 2268 obiectio
2071 2244 2190 2273 autem,
2213 2237 2252 2268 de
2271 2236 2454 2278 cognitione
2477 2245 2554 2270 cum

1490 2282 1643 2322 appetitu.
1660 2282 1791 2321 Propter
1814 2282 1902 2322 quod
1927 2291 1963 2312 ex
1986 2281 2074 2322 puris
2097 2279 2301 2318 naturalibus,
2326 2281 2421 2312 etiam
2439 2281 2472 2312 in
2491 2279 2556 2312 hoc

1490 2332 1583 2362 statu,
1600 2335 1772 2365 possumus
1788 2335 1978 2365 cognoscere
1993 2335 2059 2356 non
2075 2325 2182 2356 solum
2198 2325 2400 2366 speculativa,
2412 2325 2466 2356 sed
2483 2328 2553 2356 mo·

1490 2370 1579 2400 ralia:
1597 2370 1742 2410 quamvis
1765 2370 1797 2400 in
1821 2370 1883 2400 hoc
1903 2376 1985 2400 statu
2010 2380 2076 2400 non
2099 2369 2261 2409 possimus
2281 2379 2318 2400 ex
2341 2369 2460 2400 eisdem
2483 2377 2551 2400 esse

1490 2414 1668 2454 prudentes.
1685 2414 1773 2444 idern
1797 2421 1843 2445 est
1866 2414 1952 2444 enim
1973 2413 2127 2444 iudicium
2152 2414 2190 2444 de
2213 2413 2381 2454 prudentia
2403 2419 2435 2444 et
2455 2412 2552 2444 virtu-

1489 2458 1574 2489 tibus
1598 2458 1781 2494 moralibus,
1799 2458 1836 2488 de
1860 2458 1977 2498 quibus
2000 2458 2032 2488 in
2056 2457 2261 2498 sequentibus
2292 2457 2392 2488 tribus
2414 2456 2552 2488 articulis

1491 2502 1548 2533 erit
1571 2512 1684 2533 sermo.
1702 2502 1742 2532 Et
1764 2502 1846 2533 hanc
1877 2501 2119 2542 responsionem
2141 2502 2221 2532 bene
2245 2507 2337 2532 nota:
2363 2501 2438 2541 quia
2461 2500 2552 2532 latuit

1491 2545 1680 2586 Gregorium
1694 2547 1731 2576 de
1744 2546 1902 2582 Arimino,
1915 2546 1946 2576 in
1961 2546 1987 2576 11
2000 2545 2100 2583 Seni„
2114 2556 2132 2576 a
2145 2545 2215 2576 dist.
2228 2555 2299 2576 xxvr
2311 2555 2413 2586 usque
2429 2545 2469 2575 ad
2482 2555 2553 2576 xxxx

1490 2590 1652 2626 inclusive,
1677 2597 1707 2620 et
1731 2590 1808 2620 alios
1833 2590 1927 2621 etiam
1951 2589 2146 2621 Thomistas.

1547 2635 1598 2664 111.
1615 2635 1724 2665 Tertio
1748 2634 1853 2670 habes,
1871 2634 1960 2675 quod
1984 2634 2084 2664 homo
2107 2633 2139 2664 in
2164 2633 2254 2664 nullo
2283 2640 2365 2664 statu
2389 2639 2553 2673 potest'ex

1490 2678 1565 2709 solis
1590 2679 1784 2709 naturalibus
1807 2688 1919 2709 verum
1941 2678 2072 2719 aliquod
2091 2677 2328 2718 supernaturale
2352 2686 2552 2718 cognoscere.

1490 2723 1531 2753 Et
1554 2729 1662 2753 contra
1685 2723 1746 2753 hoc
1769 2722 1917 2753 obiicitur
1941 2733 1958 2752 a
1980 2722 2145 2758 Durando,
2169 2721 2202 2751 in
2230 2731 2324 2752 xxvm
2353 2721 2553 2752 distinctione

1491 2767 1517 2797 Il
1535 2767 1633 2804 sent„
1651 2777 1705 2808 qu.
1723 2777 1742 2802 1,
1769 2767 1844 2807 quia
1867 2767 2037 2797 daemones
2054 2773 2085 2797 et
2102 2765 2249 2797 haeretici
2265 2765 2304 2796 de
2319 2765 2412 2802 facto,
2433 2765 2553 2809 absque

1490 2811 1597 2851 aliquo
1622 2811 1708 2840 dono
1738 2810 1967 2851 supernaturali
1996 2811 2115 2847 addito,
2140 2817 2338 2850 cognoscunt
2366 2816 2553 2850 supernatu-

1489 2854 1531 2885 lia
1553 2854 1636 2890 fidei,
1662 2855 1740 2885 dum
1764 2855 1896 2885 credunt
1911 2865 1957 2886 ea.
1982 2855 2023 2885 Et
2041 2855 2126 2885 idem
2150 2861 2196 2886 est
2218 2853 2372 2885 iudicium
2391 2854 2430 2884 de
2449 2853 2552 2890 nobis,

1490 2906 1647 2940 quantum
1671 2899 1711 2929 ad
1733 2899 1970 2930 assentiendum
1992 2899 2041 2929 his
2064 2908 2146 2939 quae
2170 2905 2245 2930 sunt
2267 2897 2349 2929 fidei.

1545 2943 1596 2974 Ad
1619 2943 1680 2974 hoc
1704 2942 1818 2974 dicitur
1833 2944 1931 2983 quod,
1956 2943 1981 2973 si
2001 2943 2042 2974 sit
2064 2953 2169 2974 sermo
2189 2943 2228 2973 de
2247 2942 2442 2975 naturalibus
2465 2941 2558 2978 solis,

1491 2987 1686 3018 excludendo
1699 2997 1795 3017 omne
1808 2987 2043 3027 supernaturale
2056 2997 2138 3027 opus
2153 2993 2218 3018 tarn
2234 2985 2439 3017 intrinsecum
2455 2995 2554 3027 quam

1491 3031 1699 3062 extrinsecum
1723 3031 1962 3072 cuiuscumque,
1986 3041 2042 3071 per
2065 3041 2098 3061 se
2114 3037 2228 3062 notum
2249 3037 2295 3061 est
2313 3030 2401 3071 quod
2424 3040 2462 3061 ex
2477 3029 2554 3061 solis

1491 3075 1685 3106 naturalibus
1703 3085 1768 3105 non
1791 3082 1896 3116 potest
1912 3082 2023 3106 natura
2045 3075 2150 3116 aliqua
2166 3074 2415 3116 supernaturalia
2435 3083 2552 3115 cogno-

1491 3129 1589 3151 scere:
1614 3119 1769 3161 quoniam
1788 3119 1847 3149 nisi
1863 3119 1960 3155 Deus,
1980 3119 2148 3150 revelando
2162 3119 2213 3150 vel
2229 3118 2380 3150 miracula
2398 3117 2555 3154 faciendo,

1491 3164 1739 3204 supernaturalia
1755 3170 1896 3204 poneret,
1914 3163 2106 3194 nesciremus
2129 3163 2224 3194 etiam
2241 3173 2276 3194 ea
2291 3173 2372 3199 esse,
2389 3169 2426 3194 ut
2447 3162 2558 3193 Deum.

1492 3219 1558 3239 esse
1581 3207 1711 3246 trinum,
1732 3214 1762 3239 et
1784 3207 1981 3239 huiusmodi.
1994 3225 2014 3230 —
2029 3207 2061 3239 Si
2083 3214 2191 3238 autem
2215 3214 2261 3238 est
2288 3217 2397 3238 sermo.
2415 3206 2456 3237 de
2475 3205 2553 3236 >sniis

1492 3252 1684 3283 naturalibus
1697 3252 1892 3282 excludendo
1908 3258 2032 3282 tantum
2047 3251 2251 3282 intrinsecum
2264 3251 2388 3282 donum
2402 3259 2552 3290 superna-

1491 3297 1600 3332 turale,
1621 3296 1861 3337 praesupposita
1877 3295 1991 3327 obiecti
2007 3295 2258 3336 praesentatione
2273 3305 2329 3336 per
2343 3293 2488 3325 auditum
2504 3294 2555 3324 vel

1491 3341 1636 3391 signum:
1661 3341 1705 3371 sic
1724 3339 1859 3371 dicimus
1875 3340 1965 3381 quod
1979 3339 2080 3370 homo
2097 3345 2212 3390 potest·
2217 3349 2254 3370 ex
2269 3337 2463 3369 naturalibus
2477 3337 2552 3368 solis

1492 3385 1640 3415 assentire
1663 3385 1711 3415 his
1727 3394 1808 3425 quae
1833 3391 1906 3415 sunt
1928 3383 2011 3419 fidei,
2029 3384 2083 3414 sed
2099 3393 2165 3414 non
2189 3382 2270 3414 sicut
2292 3391 2328 3412 ex
2345 3380 2419 3412 fide.
2435 3381 2476 3412 Et
2490 3381 2552 3412 hoc

1492 3429 1591 3460 modo
1620 3429 1792 3459 daemones
1815 3435 1846 3459 et
1875 3427 2022 3458 homines
2051 3427 2199 3458 assentire
2230 3432 2365 3466 possunt
2388 3435 2425 3456 ex
2448 3436 2481 3456 se
2505 3426 2552 3456 bis

1492 3483 1574 3514 quae
1597 3480 1671 3503 sunt
1693 3472 1775 3503 fidei.

2581 1820 2591 1830 ·
2599 1819 2656 1842 Loc-
2665 1819 2704 1842 cit.
2711 1819 2736 1842 in
2744 1826 2794 1848 arg.
