2840 4010
355 158 425 203 148

348 238 432 276 Quia
448 247 522 268 cum
538 236 718 268 deliberatio
743 236 781 266 de
805 236 909 276 seipso
932 234 986 265 fiat
1007 234 1040 264 in
1064 240 1217 272 ternpore,
1243 232 1318 273 quia
1333 232 1413 263 deli-

348 283 454 312 berare
477 281 510 311 in
529 287 672 321 tempore
688 280 738 316 fit;
754 280 835 310 intra
853 286 979 319 tempus
1003 277 1262 307 deliberationem
1285 286 1413 307 mensu-

348 336 433 362 rans,
458 331 564 366 potest
586 334 664 365 puer
687 333 815 364 peccare
837 322 1008 357 venialiter,
1033 327 1110 361 puta
1129 320 1258 362 curiose·
1274 320 1411 351 videndo

348 376 563 401 transeuntem
577 378 707 409 equum,
720 368 800 398 inter
816 366 1055 397 deliberandum
1068 365 1106 395 de
1121 364 1193 395 fine.
1210 365 1251 395 Et
1266 364 1320 401 sic,
1338 374 1412 395 cum

347 424 414 444 non
436 419 579 444 teneatur
594 413 634 443 ad
650 411 831 451 eligendum
849 409 946 440 finem
963 409 1106 440 debitum
1121 415 1193 439 ante
1213 409 1412 440 terminatam

349 457 615 492 deliberationem,
631 455 773 496 sequitur
788 455 876 495 quod
892 453 1008 494 poterit
1023 463 1151 493 peccare
1163 453 1326 484 venialiter
1341 460 1412 484 ante

346 508 512 542 peccatum
535 500 677 535 mortale,
702 505 732 529 et
754 505 860 529 tamen
880 507 980 539 quam
1003 497 1065 528 cito
1082 504 1196 538 potest,
1214 497 1267 528 dat
1281 507 1412 538 operam

348 544 563 576 deliberationi
587 544 625 574 de
648 543 764 583 seipso.

402 589 453 619 Ad
475 588 537 618 hoc
560 587 673 618 dicitur
696 587 784 627 quod
808 595 873 616 non
897 596 996 627 quam
1015 585 1107 617 citius
1122 592 1228 626 potest
1251 586 1410 623 deliberat,

347 633 403 673 qui
425 632 506 662 inter
529 630 767 662 deliberandum
783 630 822 660 ad
838 630 924 661 aliud
940 630 1073 662 divertit.
1094 630 1179 661 Cum
1203 630 1289 661 enim
1311 630 1410 661 virtus

347 677 434 707 unita
457 676 496 706 sit
518 676 621 706 maior
648 674 750 715 seipsa
773 673 926 714 dispersa;
952 681 983 706 et
1005 685 1023 705 a
1046 674 1159 705 maiori
1181 674 1295 705 virtute
1319 674 1410 706 citius

345 720 399 751 fiat
421 719 541 760 aliquid
569 729 667 760 quam
690 729 709 748 a
732 718 873 755 minore,
898 718 1007 749 ceteris
1031 719 1188 759 partibus;
1213 728 1410 759 consequens

345 772 392 795 est
415 771 450 794 ut
473 763 563 794 citius
594 763 743 793 deliberet
773 773 839 793 non
864 763 1020 794 divertens
1048 773 1146 803 quam
1174 762 1339 793 divertens.
1363 764 1410 792 Ac

345 818 401 848 per
422 808 494 844 hoc,
518 807 574 848 qui
598 807 638 837 ad
660 807 747 837 aliud
770 807 881 847 aspicit
903 817 993 843 vane,
1018 817 1084 838 non
1107 816 1205 847 quam
1225 806 1287 837 cito
1306 813 1411 846 potest

345 852 504 887 deliberat,
521 851 617 882 libere
632 851 699 882 vim
714 861 806 882 suam
820 851 978 882 minuens,
999 851 1041 882 Et
1056 851 1099 881 sic
1115 861 1186 881 reus
1203 857 1248 881 est
1264 850 1410 880 omissio-

344 896 393 926 nis
407 895 575 936 praecepti,
591 895 786 932 divertendo,
800 906 867 926 non
883 905 981 936 quarn
997 896 1059 926 cito
1074 901 1179 935 potest
1195 894 1409 925 deliberando.

344 941 385 971 Et
407 940 553 982 quamvis
576 950 642 971 non
659 946 802 971 teneatur
825 946 897 971 ante
915 939 1088 971 terminum
1108 938 1341 969 deliberationis
1357 938 1409 969 eli—

343 994 425 1025 gere,
448 984 573 1015 fenetur
594 991 702 1015 tamen
725 991 797 1015 ante
815 984 988 1015 terminum
1003 983 1130 1014 nullum
1144 982 1411 1023 impedimentum

344 1038 505 1070 apponere
521 1028 650 1059 caritati.
664 1029 705 1059 Et
717 1035 883 1068 propterea
897 1028 1090 1068 apponendo
1106 1033 1214 1067 peccat
1225 1027 1408 1063 mortaliter,

326 1079 416 1104 -ante
437 1073 627 1104 terminum:
652 1073 734 1103 sicut
756 1072 973 1103 deliberationi
996 1081 1127 1112 operam
1151 1081 1217 1101 non
1241 1071 1319 1101 dans
1337 1077 1409 1102 ante

343 1118 463 1148 instans
486 1117 576 1158 quod
595 1116 792 1147 terminasset
809 1116 1077 1152 deliberationem,
1102 1122 1211 1156 peccat
1225 1115 1408 1146 omissione.

402 1162 442 1192 X.
466 1160 559 1192 Circa
575 1161 714 1191 eundem
729 1160 897 1191 articulum
921 1167 1046 1190 sextum
1069 1159 1263 1200 quaestionis
1283 1165 1410 1199 octoge-

343 1206 556 1240 simaenonae,
574 1205 691 1244 duplex
707 1204 851 1245 quaestio
868 1214 905 1234 ex
921 1203 1011 1234 dictis
1027 1203 1170 1243 insurgit.
1187 1203 1292 1234 Prima
1307 1210 1354 1234 est
1369 1212 1409 1233 an

343 1250 446 1280 infans
461 1249 637 1289 baptizatus
653 1255 796 1279 teneatur
818 1248 851 1278 in
874 1247 1031 1288 principio
1055 1258 1131 1278 suae
1150 1247 1346 1278 discretionis
1370 1248 1410 1278 ad

343 1291 585 1324 conversionem
607 1292 641 1322 in
659 1293 775 1329 Deum,
795 1292 877 1323 sicut
892 1292 931 1322 de
947 1301 1013 1322 non
1027 1291 1188 1332 baptizato
1213 1291 1333 1322 dictum
1352 1298 1407 1323 est.

399 1337 543 1368 Secunda
566 1343 621 1373 est,
646 1337 735 1377 quod
754 1336 780 1367 si
803 1342 936 1372 tenetur,
957 1346 997 1366 an
1016 1336 1150 1377 quilibet
1172 1335 1348 1376 baptizatus
1370 1336 1410 1367 sit

344 1382 382 1412 de
404 1381 464 1412 hac
486 1381 644 1422 praecepti
673 1381 893 1411 observatione
923 1380 1054 1417 dubius;
1080 1388 1111 1411 et
1133 1386 1276 1411 teneatur
1300 1390 1409 1411 conse-

343 1432 476 1467 quenter
499 1424 642 1456 confiteri
663 1433 818 1466 tanquam
840 1425 879 1455 de
903 1425 1012 1456 dubio.

397 1470 452 1500 Xl.
476 1470 527 1500 Ad
550 1470 687 1510 primam
711 1469 931 1510 quaestionem
955 1468 1126 1500 dicendum
1149 1475 1196 1500 est
1218 1468 1317 1509 quod,
1334 1478 1409 1499 cum

343 1521 546 1554 praeceptum
561 1514 641 1546 illud
656 1514 807 1544 fundetur
822 1523 918 1554 super
936 1523 1086 1553 processu
1103 1519 1247 1549 naturae;
1265 1519 1296 1544 et
1310 1513 1409 1553 gratia

342 1557 483 1598 perficiat
497 1565 644 1590 naturam
659 1568 716 1599 per
727 1558 863 1589 modum
879 1564 1022 1589 naturae:
1040 1558 1159 1598 absque
1173 1557 1272 1588 dubio
1286 1563 1410 1588 tenetur

982 154 1248 203 QUAESTIO
1278 153 1490 201 LXXXIX,
1519 154 1815 192 ARTICULUS
1842 156 1895 193 VI

1465 241 1545 271 puer
1571 231 1748 272 baptizatus
1775 233 1815 263 ad
1828 233 2082 266 *deliberandum
2109 236 2148 267 de
2177 236 2282 277 seipso
2309 237 2341 268 in
2370 237 2525 278 principio

1466 285 1541 306 suae
1565 276 1770 312 discretionis,
1788 286 1852 307 una
1873 277 2006 314 ratione,
2022 278 2140 310 scilicet
2154 287 2284 320 propter
2305 281 2527 322 impletionem

1464 320 1632 361 praecepti.
1648 320 1722 351 Non
1745 320 1921 360 baptizatus
1939 331 2026 358 vero,
2051 322 2174 353 duabus
2196 323 2385 356 rationibus:
2410 325 2527 356 scilicet

1465 371 1595 404 propter
1622 371 1841 405 praeceptum,
1867 370 1898 395 et
1920 371 2049 405 propter
2077 365 2249 398 delendum
2276 375 2442 408 peccatum
2464 369 2526 400 ori-

1464 408 1577 449 ginale.

1520 453 1588 484 XII.
1605 453 1656 484 Ad
1671 453 1843 484 secundam
1858 452 1876 472 *
1890 462 1965 483 vero
1987 452 2136 484 libentius
2156 454 2298 485 audirem
2320 456 2398 496 quid
2421 456 2525 488 diceu-

1465 497 1553 533 dum,
1574 507 1672 538 quam
1689 497 1833 528 dicerem.
1855 496 1988 528 Videtur
2008 503 2114 528 tamen
2133 497 2212 528 mihi
2235 499 2334 539 quod,
2353 499 2430 540 quia
2446 510 2525 532 nun-

1465 551 1563 582 quam
1587 547 1634 572 est
1652 551 1742 572 arnor
1763 541 1823 572 Dei
1839 540 1972 577 otiosus,
1989 541 2098 572 caritas
2121 541 2226 572 infusa
2240 543 2398 582 baptizato
2413 543 2525 576 infanti

1465 585 1526 616 exit
1548 585 1581 615 in
1611 592 1718 616 actum
1745 585 1778 616 in
1802 585 1906 626 primo
1938 592 2010 616 actu
2039 585 2192 616 naturali:
2217 586 2298 617 sicut
2329 587 2368 617 de
2391 587 2524 627 angelis,

1465 629 1573 660 creatis
1588 629 1621 659 in
1636 629 1743 669 gratia,
1768 629 1888 660 dictum
1912 629 1972 660 fuit
1986 629 2013 660 *.
2037 630 2078 661 Et
2101 630 2190 670 quod
2213 630 2319 661 statim
2341 637 2525 663 occurrente

1464 673 1568 713 seipso
1584 679 1621 704 ut
1636 673 1836 710 deliberabffi,
1853 673 1958 704 infusa
1973 673 2050 704 fides
2065 674 2257 704 deliberandi
2279 674 2526 707 sollicitudinem

1464 717 1583 753 foveat,
1611 717 1652 747 ad
1674 717 1799 748 bonum
1820 717 1992 748 honestum
2015 719 2280 758 praesentandum
2304 720 2524 759 cooperando,

1462 761 1644 791 inclinando
1668 761 1708 791 ad
1730 761 1793 791 hoc
1814 761 2023 799 intellectum;
2045 769 2076 793 et
2094 769 2324 804 consequenter
2345 763 2456 794 caritas
2477 763 2525 794 in-

1464 805 1558 836 clinet
1573 805 1750 845 appetitum
1764 804 1804 834 ad
1819 804 1991 836 honestum
2006 808 2276 847 prosequendum.
2293 807 2335 838 Et
2349 807 2394 838 sic
2411 807 2526 840 consti·

1463 856 1530 880 tuet
1546 849 1603 880 sibi
1620 859 1731 879 verum
1746 848 1898 879 ultimum
1910 849 2018 887 finem,
2035 851 2181 891 quamvis
2198 851 2341 882 confuse.
2357 869 2378 875 —
2394 852 2436 882 Et
2453 851 2527 883 lieet

1462 893 1524 924 hoc
1546 893 1689 924 videatur
1703 902 1815 923 verum
1838 899 1874 924 ut
1895 893 1929 924 in
1952 894 2105 934 pluribus,
2130 905 2196 925 non
2221 902 2347 935 oportet
2370 895 2526 926 tamenin

1464 938 1613 968 omnibus
1637 937 1681 968 sic
1703 945 1785 967 esse:
1810 946 1878 967 non
1901 937 2008 968 solum
2030 945 2159 979 propter
2177 939 2366 976 libertatem;
2384 940 2438 970 sed
2452 949 2525 980 pro-

1462 988 1532 1022 pter
1547 981 1811 1022 complexionem,
1829 987 1860 1011 et
1877 981 1995 1012 malam
2013 983 2250 1014 assuetudinem
2268 991 2340 1015 ante
2358 990 2446 1015 actus
2465 984 2526 1015 dis-

1463 1026 1623 1063 cretionis,
1649 1026 1734 1056 unde
1756 1024 1792 1056 fit
1813 1025 1903 1066 quod
1925 1035 1997 1066 pars
2024 1026 2171 1058 sensitiva
2199 1028 2300 1068 magis
2323 1028 2464 1060 movebit
2487 1029 2527 1059 ad

1463 1067 1587 1102 assueta
1609 1069 1804 1101 delectabilia
1827 1069 1929 1105 mala,
1953 1079 2051 1110 quam
2073 1069 2151 1102 fides
2178 1078 2209 1102 et
2231 1072 2342 1103 caritas
2364 1073 2405 1103 ad
2426 1072 2525 1103 hone-

1463 1122 1558 1146 stum.
1582 1115 1714 1155 Propter
1736 1114 1827 1154 quod
1849 1123 1914 1144 non
1939 1113 2027 1154 parvi
2049 1114 2143 1146 refert
2157 1122 2194 1146 ut
2211 1123 2369 1148 assuescat
2391 1126 2472 1157 puer
2486 1117 2526 1147 ad

1462 1159 1658 1190 audiendum
1687 1157 1861 1199 spiritualia
1884 1163 1915 1188 et
1937 1157 2085 1189 honesta:
2110 1159 2334 1191 determinatur
2362 1160 2448 1191 enim
2470 1160 2526 1191 ha-

1463 1203 1546 1234 bitus
1568 1202 1642 1233 fidei
1664 1202 1789 1238 infusus
1808 1212 1846 1232 ex
1867 1202 2040 1242 propositis
2057 1212 2094 1233 ex
2116 1203 2238 1240 auditu,
2253 1210 2284 1234 et
2306 1204 2416 1236 emitas
2437 1204 2526 1236 illam

1463 1247 1614 1288 sequitur.
2407 1275 2409 1277 .
2427 1267 2429 1270 .

1517 1292 1565 1322 De
1585 1290 1792 1322 confessionis
1811 1297 1920 1321 autem
1935 1290 2118 1321 necessitate
2140 1297 2226 1331 patet
2249 1291 2327 1332 quid
2345 1291 2525 1324 dicendum.

1462 1336 1564 1367 Debet
1579 1335 1665 1366 enim
1689 1334 1807 1366 conteri
1831 1340 1862 1365 et
1884 1333 2026 1365 confiteri
2041 1334 2113 1375 quis
2137 1334 2218 1366 sicut
2237 1336 2275 1366 de
2300 1335 2369 1366 aliis
2390 1335 2526 1368 incertis.

1461 1380 1530 1410 Nisi
1553 1380 1642 1421 quod
1665 1379 1784 1420 aliquid
1807 1378 1914 1409 minus
1937 1379 1977 1409 ad
1999 1378 2234 1410 confessionem
2261 1379 2357 1410 huius
2386 1379 2528 1412 sufficeoe

1461 1424 1598 1460 videtur,
1623 1423 1740 1454 scilicet
1769 1422 1802 1453 in
1834 1422 2000 1454 communi
2024 1422 2166 1454 confiteri
2189 1424 2228 1454 de
2251 1423 2402 1461 occultis,
2427 1424 2527 1456 inten-

1462 1468 1567 1499 dendo
1596 1468 1635 1498 de
1662 1467 1831 1498 omnibus:
1855 1467 1932 1508 quia
1961 1467 2151 1498 incertitudo
2181 1467 2241 1499 ista
2271 1468 2453 1500 communia
2481 1476 2528 1500 eet

1461 1512 1520 1544 toti
1542 1512 1649 1553 generi
1671 1512 1828 1548 humano,
1859 1518 1990 1552 propter
2012 1512 2102 1553 quod
2125 1521 2217 1543 nemo
2238 1514 2300 1543 scit
2325 1518 2435 1544 utrum
2455 1513 2528 1545 odio

1463 1557 1514 1589 vel
1535 1566 1646 1588 amore
1667 1556 1787 1598 dignus
1809 1556 1851 1587 sit
1864 1555 1891 1587 *.

2551 462 2561 472 ⁸
2576 461 2614 483 Cf.
2628 467 2692 483 num.
2707 467 2730 483 x.

2552 633 2762 662 'Pan-1,qu.1.xru.

2551 659 2764 688 art.5,ad4;Com·

2551 690 2622 734 rvnltexut.
2648 691 2712 708 num.
2735 692 2762 713 v,

2649 1551 2655 1557 .
2670 1540 2720 1564 esp.
2731 1540 2764 1563 tx,

2553 1567 2613 1584 vere.
2627 1567 2646 1584 1.

2834 2416 2840 2480 ...-
2834 2315 2840 2409 *......-
2818 2205 2840 2308 2--02
2827 2182 2840 2200 ‘a
2836 2159 2840 2171 -
