2840 4010
57 732 68 743 ‘
83 731 131 759 Qu.
141 737 184 758 xc,
193 734 235 753 art.
245 738 267 760 3,

57 756 87 780 ad
101 763 119 780 ι.
216 766 218 768 ·

2 3310 6 3311 ’
59 3315 70 3324 ·
83 3313 123 3336 Ita

60 3339 116 3362 nn.-
143 3320 196 3343 og„
218 3320 270 3342 cap.

152 3341 270 3366 .Aristot..

0 3379 3 3390 ι
59 3365 214 3395 ΜειαρΙιγιὶσ.
230 3367 272 3388 lib.-

60 3392 269 3442 {?fl?··‡{÷.'¹;.¹v⁵.i

926 177 1189 223 QUAESTIO
1219 179 1375 226 LXXII,
1405 179 1698 216 ARTICULUS
1728 180 1814 216 VIII
2402 191 2444 216 21

292 254 366 295 plici
398 252 577 284 differentia.
606 253 689 284 Nam
719 254 874 294 quaedam
907 262 980 286 sunt
1009 266 1090 296 quae
1121 256 1345 296 perfectionem

292 307 359 328 non
380 297 497 328 habent
518 296 577 326 nisi
599 296 632 326 in
657 306 768 337 opere:
793 305 828 328 ut
850 298 981 337 furtum,
1009 300 1234 336 homicidium,
1258 301 1344 330 adul-

292 341 417 377 terium,
442 347 472 371 et
493 339 687 372 huiusmodi.
708 341 748 371 Et
769 341 953 373 huiusmodi
973 351 1098 383 peccata
1122 353 1154 373 se
1177 343 1292 373 habent
1307 344 1345 373 ad

293 390 419 426 peccata
442 383 554 420 cordis,
578 384 641 414 oris
665 391 694 415 et
717 385 830 425 operis,
855 386 944 427 quasi
968 393 1003 417 ut
1026 393 1130 417 totum
1145 387 1292 426 integrale
1307 387 1346 416 ad

293 437 366 459 suas
389 434 508 468 partes:
526 428 606 458 sicut
621 429 735 459 domus
760 429 799 458 ad
823 429 1074 465 fundamentum,
1092 429 1223 469 parietes
1247 436 1277 459 et
1302 435 1346 459 te-

294 478 390 502 ctum.
416 472 456 516 Et
478 471 521 501 sic
543 478 691 503 tractatur
713 473 745 502 in
767 473 868 503 littera
888 473 989 512 prima
1005 472 1172 508 distinctio,
1190 479 1220 502 et
1235 472 1347 503 dicitur

293 515 382 556 quod
406 515 642 555 distinguuntur
669 517 844 547 secundum
872 516 987 555 gradus
1017 515 1157 546 eiusdem
1181 515 1304 555 speciei.
1328 533 1346 538 -

294 560 460 597 Quaedam
487 566 593 590 autem
621 567 695 590 sunt
723 568 805 600 quae
833 558 1039 600 perficiuntur
1071 559 1141 589 solo
1174 560 1284 595 corde,
1313 566 1348 589 ut

294 603 446 640 haeresis;
469 603 518 635 vel
537 602 741 643 perficiuntur
763 602 796 633 in
819 612 883 638 ore,
908 609 944 632 ut
966 602 1126 633 detractio.
1150 603 1191 633 Et
1213 603 1256 633 sic
1279 612 1348 642 pec-

295 654 402 678 catum
426 646 574 677 dividitur
594 646 627 676 in
649 651 814 687 peccatum
837 646 957 682 cordis,
981 645 1043 676 oris
1067 653 1097 676 et
1120 646 1233 686 operis,
1257 653 1293 676 ut
1315 646 1347 675 in

293 700 381 721 veras
405 697 435 721 et
457 689 606 730 perfectas
619 688 740 729 'species
762 689 897 729 peccati:
922 696 957 720 ut
979 689 1012 719 in
1037 689 1146 720 ultima
1165 690 1348 730 quaestione

294 734 420 765 Tertiae
442 734 551 769 Partis,
575 733 706 763 articulo
729 732 907 773 penultimo
921 733 948 768 *,
972 736 1092 764 Auctor
1115 734 1215 764 docet.

351 779 389 809 ll.
413 777 504 809 Circa
526 777 663 807 eundem
686 776 853 807 articulum
873 777 1006 807 dubium
1021 785 1066 809 est
1081 778 1206 817 duplex.
1229 777 1347 812 Primo,

295 823 322 854 si
343 821 502 853 distinctio
532 820 709 851 secundum
734 821 849 859 gradus
876 820 909 850 in
932 828 1061 860 peccato
1090 821 1208 857 cordis,
1233 820 1296 851 oris
1319 827 1349 850 et

295 865 408 907 operis,
423 864 463 895 sit
477 863 521 895 sic
540 870 575 895 ut
593 863 632 894 sit
648 863 742 893 etiam
757 863 914 895 distinctio
931 864 1074 905 specifica
1090 865 1265 895 secundum
1280 874 1349 904 spe-

295 909 356 940 cies
371 907 578 948 imperfectas.
602 906 643 937 Et
659 907 736 937 ratio
753 907 840 938 dubii
860 914 905 938 est
927 908 1001 948 quia
1018 909 1119 939 littera
1135 908 1185 938 hic
1199 907 1350 948 proponit

294 953 327 983 in
352 951 531 983 communi:
556 951 589 981 in
614 951 823 991 applicatione
847 958 953 982 autem
977 953 1015 982 ad
1039 959 1233 992 praesentem
1253 958 1348 982 mate-

296 997 384 1032 riam,
402 1005 468 1026 non
491 994 625 1025 affirmat
643 995 876 1025 distinctionem
895 996 1070 1026 secundum
1094 995 1211 1036 species
1234 995 1349 1035 imper-

293 1040 403 1075 fectum
428 1039 482 1070 sed
505 1039 612 1070 solum
634 1045 726 1078 negat
754 1039 988 1070 distinctionem
1015 1040 1190 1071 secundum
1213 1039 1349 1079 speciem

293 1083 474 1125 perfectam,
499 1090 530 1113 et
552 1082 685 1113 affirmat
707 1082 940 1114 distinctionem
963 1084 1138 1114 secundum
1160 1084 1291 1122 gradus,
1315 1090 1350 1113 ut

293 1134 380 1169 patet
401 1127 545 1158 intuenti.
562 1144 583 1149 -
598 1126 672 1156 Non
691 1126 778 1166 parvi
795 1127 889 1157 etiam
907 1126 999 1158 refert
1014 1133 1086 1157 utro
1102 1128 1201 1158 modo
1218 1127 1348 1157 dicatur.

292 1172 378 1203 Nam
393 1170 511 1212 species
534 1170 714 1211 imperfecta
730 1170 847 1210 species
871 1177 931 1201 est:
956 1177 986 1202 et
1009 1170 1152 1201 distincta
1174 1171 1350 1201 secundum

294 1214 413 1256 species
435 1213 641 1255 imperfectas,
666 1213 810 1244 distincta
832 1221 924 1245 erunt
945 1215 1121 1245 secundum
1143 1214 1280 1254 speciem
1295 1215 1349 1245 ab·

253 1282 267 1284 ⁷-
293 1258 581 1299 wintes‘quamvis
603 1258 636 1288 in
660 1258 770 1288 ordine
793 1258 832 1287 ad
854 1257 973 1298 aliquid
992 1258 1223 1298 superveniens,
1241 1268 1349 1289 secun-

295 1303 374 1334 dum
397 1302 475 1343 quid
498 1308 600 1332 essent
623 1301 764 1332 eiusdem
787 1302 910 1341 speciei.

353 1347 499 1378 Secundo
519 1345 688 1381 dubitatur,
705 1345 779 1385 quia
794 1345 894 1375 littera
917 1346 1066 1376 divertere
1082 1346 1213 1382 videtur,
1231 1353 1261 1376 et
1276 1356 1350 1376 con-

295 1391 426 1422 fundere
442 1396 606 1430 peccatum
623 1389 685 1419 oris
701 1389 790 1429 quod
808 1389 900 1420 habet
922 1389 1091 1429 perfectam
1114 1389 1259 1430 speciem,
1277 1400 1350 1420 cum

266 1446 269 1448 ·
294 1441 424 1476 peccato
452 1433 515 1464 oris
544 1433 632 1473 quod
658 1433 810 1472 importat
836 1433 969 1473 gradum
996 1433 1120 1473 speciei.
1151 1434 1234 1463 Nam
1261 1434 1352 1474 ponit

296 1477 523 1510 contumeliam
540 1486 599 1517 pro
616 1486 782 1516 progressu
798 1477 968 1507 vindictae:
993 1484 1024 1509 et
1037 1484 1159 1508 constat
1173 1478 1261 1518 quod
1277 1488 1351 1508 con-

294 1521 425 1554 tumelia
441 1527 488 1552 est
502 1527 666 1561 peccatum
683 1521 770 1560 quod
787 1520 944 1560 perficitur
962 1520 993 1551 in
1014 1531 1078 1556 ore.
1095 1521 1243 1562 Undique
1258 1522 1352 1561 igitur

296 1565 423 1598 ἄκουε.
443 1565 568 1596 videtur
590 1564 733 1595 doctrina
755 1564 841 1595 haec.

351 1610 403 1641 111.
427 1609 479 1640 Ad
501 1609 563 1639 hoc
586 1608 698 1638 dicitur
718 1608 807 1648 quod
830 1608 995 1648 dupliciter
1016 1609 1170 1649 contingit
1187 1616 1351 1649 peccatum

295 1653 399 1686 cordis
422 1660 452 1684 et
474 1652 537 1684 oris
561 1652 698 1683 ordinari
713 1652 752 1682 ad
769 1659 933 1692 peccatum
956 1652 1059 1692 operis
1082 1659 1117 1683 ut
1132 1653 1351 1693 imperfectum

294 1696 534 1738 adperfectum.
557 1695 674 1732 Primo,
694 1706 750 1735 per
773 1697 907 1726 modum
930 1696 1081 1737 simplicis
1105 1697 1351 1736 prosecutionis:

295 1742 376 1775 sieut
387 1741 443 1783 qui
458 1741 526 1772 vult
542 1739 698 1775 fornicari,
713 1746 743 1770 et
758 1740 868 1770 invitat
878 1740 1086 1771 fornicariam.
1105 1741 1147 1771 Et
1162 1741 1200 1771 de
1216 1741 1264 1771 his
1279 1751 1351 1771 con-

295 1793 356 1817 stat
377 1786 466 1826 quod
489 1785 575 1815 nulla
599 1791 644 1814 est
667 1783 825 1814 distinctio
849 1783 994 1824 specifica
1011 1784 1044 1814 in
1065 1794 1130 1815 esse
1151 1785 1274 1821 morali,
1295 1786 1348 1815 sed

294 1829 394 1862 solius
415 1829 509 1860 unius
525 1827 639 1868 speciei
655 1837 848 1867 progressus.
865 1845 884 1850 -
901 1828 1056 1865 Secundo,
1073 1838 1129 1868 per
1143 1829 1278 1859 modum
1298 1840 1349 1859 cu-

295 1873 422 1905 iusdam
435 1871 613 1904 intermedii
636 1871 777 1901 termini:
802 1878 838 1902 ut
861 1882 1032 1903 consensus
1054 1872 1088 1903 in
1111 1873 1350 1903 delectationem

296 1917 423 1958 cogitati
439 1916 591 1952 adulterii,
608 1923 639 1947 et
654 1916 748 1946 verba
763 1915 969 1955 provocantia
984 1917 1024 1946 ad
1039 1916 1111 1953 hoc,
1127 1917 1303 1947 secundum
1319 1927 1350 1947 se

294 1969 402 1994 tamen
425 1959 626 1992 delectabilia.
651 1960 692 1990 Et
715 1959 748 1989 in
765 1959 832 1990 istis
848 1966 977 2000 apparet
998 1961 1087 2001 quod
1108 1960 1147 1991 sit
1162 1961 1267 2001 aliqua
1282 1971 1350 2001 spe-

295 2004 383 2036 cifica
406 2004 578 2036 dIfferentia
600 2003 776 2035 secundum
799 2003 917 2043 species
935 2003 1142 2044 imperfectas,
1158 2005 1240 2035 sicut
1253 2005 1286 2034 in
1300 2015 1351 2044 ge-

295 2049 456 2080 neratione
480 2048 665 2079 animalium
694 2054 725 2078 et
752 2046 977 2078 aedificatione.
1005 2048 1066 2079 Sed
1090 2058 1195 2079 revera
1218 2059 1283 2079 non
1307 2056 1353 2079 est

1398 256 1492 287 etiam
1514 257 1558 287 sic
1580 257 1685 297 aliqua
1707 257 1866 287 diversitas
1895 257 2070 297 specierum
2098 258 2368 298 imperfectarum,
2395 260 2448 290 sed

1398 300 1571 331 similitudo
1587 300 1694 340 potius
1710 310 1828 331 earum.
1851 302 1925 331 Non
1940 301 2025 332 enim
2039 309 2085 332 est
2099 302 2150 332 hic
2165 302 2322 333 distinctio
2338 303 2450 343 partia-

1397 343 1476 373 lium
1500 343 1675 375 formarum
1693 344 1981 384 heterogenearum,
2005 345 2086 376 sicut
2101 346 2132 376 in
2149 345 2361 377 aedificatione
2378 347 2449 376 fun-

1399 386 1480 422 dare,
1506 387 1619 426 erigere
1636 394 1666 418 et
1682 388 1842 428 cooperire
1861 388 2095 428 distinguuntur
2113 389 2230 429 specie:
2256 399 2312 420 nec
2332 396 2377 420 est
2399 390 2449 420 hic

1400 430 1503 469 aliqua
1519 430 1620 460 forma
1639 432 1741 461 media
1758 438 1792 462 ut
1806 431 1865 468 via,
1882 432 1962 462 sicut
1981 432 2082 462 forma
2097 433 2276 473 embryonis
2293 440 2338 463 est
2353 433 2383 463 in
2400 434 2450 463 via

1399 473 1438 502 ad
1462 473 1598 503 formam
1625 475 1775 505 hominis:
1800 476 1853 505 sed
1877 477 2100 506 tantummodo
2123 476 2224 506 forma
2246 476 2357 507 intenti
2379 475 2449 507 finis

1400 517 1532 555 proprii,
1552 517 1758 548 diversimode
1777 518 1810 548 in
1829 521 1931 555 corde,
1948 520 1980 549 in
1997 529 2052 550 ore
2066 527 2160 560 atque
2176 530 2270 560 opere
2286 530 2318 550 se
2333 521 2449 550 habens

1399 560 1574 589 secundum
1599 561 1771 600 perfectum
1795 570 1825 593 et
1847 563 2084 603 imperfectum,
2108 563 2205 603 gratia
2228 564 2384 594 materiae.
2408 564 2449 594 Et

1400 602 1478 633 ratio
1503 610 1548 633 est
1570 603 1622 633 illa
1645 614 1726 644 quae
1744 605 1777 635 in
1799 606 1900 636 littera
1918 607 2062 647 ponitur:
2085 607 2159 648 quia
2182 607 2297 638 scilicet
2320 607 2450 638 unicum

1401 652 1524 676 tantum
1554 653 1599 677 est
1627 648 1782 678 motivum
1810 649 1970 681 obiective.
1998 651 2129 690 Propter
2154 651 2243 692 quod
2269 653 2390 681 Auctor
2416 651 2449 680 in

1400 689 1500 719 littera
1513 699 1577 719 non
1592 689 1756 721 affirmavit
1767 692 1998 723 distinctionem
2012 694 2264 734 imperfectarum
2276 694 2450 735 specierum

1401 733 1432 762 in
1456 733 1514 763 hac
1537 733 1706 764 moralium
1729 735 1936 772 distinctione,
1960 744 1996 767 ut
2018 738 2190 768 dubitando
2212 745 2332 768 tactum
2355 745 2409 768 est.

1457 777 1610 813 Quamvis
1633 777 1736 814 etiam,
1752 778 1836 808 iuxta
1850 781 1996 810 Auctoris
2012 781 2188 811 doctrinam
2202 781 2235 811 in
2250 782 2312 818 Qu.
2328 782 2367 812 de
2390 783 2450 812 Ρο-

1401 821 1500 851 tentia
1521 821 1593 858 Dei,
1611 831 1665 861 qu.
1682 832 1730 857 111,
1755 829 1811 853 art.
1829 833 1858 862 9,
1882 823 1920 852 ad
1950 834 2000 859 10,
2024 825 2049 854 si
2073 825 2333 864 distinguerentur
2348 825 2450 865 specie

1402 864 1600 903 imperfecta,
1626 871 1661 895 ut
1684 865 1813 910 embryo
1837 865 2037 906 distinguitur
2055 878 2072 897 a
2090 868 2225 908 perfecta
2247 869 2359 908 specie,
2383 879 2449 899 non

1402 915 1566 948 propterea
1590 915 1691 939 essent
1713 916 1839 949 peccata
1862 909 1937 940 haec
1960 910 2151 941 diversarum
2181 912 2370 950 specierum:
2395 913 2449 942 sed

1403 951 1511 981 omnia
1534 952 1844 991 comprehenduntur
1872 954 1930 983 sub
1953 961 2080 994 peccato
2105 954 2198 984 unius
2222 956 2350 995 speciei,
2375 956 2449 996 quia

1402 995 1584 1025 huiusmodi
1609 996 1807 1036 imperfectae
1834 996 1952 1036 species
1975 1007 2032 1027 nec
2056 1005 2129 1028 sunt
2150 998 2182 1027 in
2205 1008 2315 1038 genere
2339 1009 2395 1029 nec
2417 999 2450 1029 in

1403 1039 1505 1079 specie
1532 1039 1590 1069 nisi
1618 1049 1674 1079 per
1695 1040 1929 1076 reductionem,
1954 1050 1992 1071 eo
2020 1042 2117 1071 modo
2140 1051 2205 1081 quo
2233 1042 2450 1081 imperfectum

1403 1083 1561 1114 reducitur
1583 1084 1622 1113 ad
1650 1083 1832 1123 perfectum.
1857 1085 1930 1114 Non
1958 1085 2043 1115 enim
2069 1092 2143 1116 sunt
2165 1086 2319 1125 quaedam
2342 1096 2396 1126 per
2419 1096 2450 1116 se

1403 1127 1530 1167 species,
1548 1134 1582 1158 ut
1598 1134 1677 1158 terra
1697 1134 1728 1158 et
1750 1128 1921 1158 elementa:
1946 1129 2000 1158 sed
2023 1136 2096 1159 sunt
2119 1129 2274 1169 quaedam
2297 1139 2351 1169 per
2367 1139 2399 1159 se
2422 1136 2451 1159 et

1403 1171 1604 1201 essentialiter
1619 1171 1779 1201 ordinatae
1802 1178 1930 1202 naturae
1949 1173 1988 1202 ad
2009 1172 2135 1213 species,
2156 1179 2191 1202 ut
2210 1179 2315 1203 motus
2331 1173 2370 1202 ad
2394 1179 2451 1203 ter-

1404 1215 1538 1246 minum.
1562 1215 1606 1245 Ita
1630 1215 1718 1255 quod
1737 1225 1769 1245 se
1785 1215 1900 1246 habent
1916 1222 1950 1246 ut
1968 1216 2097 1256 quidam
2114 1223 2220 1246 motus
2235 1223 2451 1256 permanentes

1404 1259 1442 1288 ad
1458 1259 1540 1299 ipsas
1556 1259 1682 1298 species,
1695 1269 1761 1289 non
1776 1259 1924 1289 habentes
1938 1260 2012 1290 alias
2028 1259 2161 1300 species:
2181 1259 2261 1290 sicut
2276 1270 2332 1290 nec
2345 1267 2451 1290 motus

1404 1302 1567 1333 successivi
1583 1303 1702 1343 absque
1717 1302 1924 1333 terminorum
1939 1303 2110 1343 speciebus.
2134 1304 2174 1334 Et
2193 1314 2248 1343 per
2269 1304 2346 1334 haec
2368 1310 2452 1343 patet

1404 1346 1520 1377 solutio
1543 1346 1636 1386 primi
1659 1346 1755 1377 dubii.

1460 1391 1509 1420 Ad
1533 1391 1707 1420 secundum
1723 1397 1828 1420 autem
1852 1390 1964 1420 dicitur
1978 1391 2074 1430 quod,
2098 1391 2169 1421 licet
2191 1398 2354 1430 peccatum
2378 1401 2451 1421 con-

1405 1434 1551 1464 tumeliae
1574 1433 1751 1474 perficiatur
1765 1433 1797 1463 in
1822 1443 1885 1469 ore,
1906 1440 1942 1464 ut
1957 1434 2167 1464 communiter
2180 1434 2302 1464 videtur
2324 1435 2356 1464 in
2372 1444 2448 1470 usu;

1405 1478 1430 1508 si
1454 1478 1662 1508 contumeliae
1691 1484 1797 1508 tamen
1820 1477 1948 1507 nomine
1976 1478 2165 1518 intelligatur
2195 1478 2450 1509 dehonorationis

1405 1529 1577 1562 peccatum,
1592 1528 1711 1552 certum
1727 1528 1772 1551 est
1786 1521 1874 1562 quod
1887 1531 1951 1551 non
1964 1528 2202 1551 consummatur
2217 1522 2249 1551 in
2265 1532 2328 1557 ore,
2341 1532 2451 1562 quam-

1405 1566 1451 1596 vis
1473 1566 1572 1596 multa
1602 1565 1634 1595 in
1658 1572 1786 1606 peccato
1818 1565 1880 1595 oris
1904 1565 2109 1596 dehonoratio
2138 1565 2189 1596 sit:
2213 1566 2285 1605 plus
2315 1575 2451 1605 namque

1405 1610 1579 1640 dehonorat
1601 1609 1739 1650 aliquem
1755 1618 1886 1639 uxorem
1909 1609 2061 1639 adulterio
2077 1609 2274 1648 exponendo,
2291 1619 2388 1649 quam
2404 1609 2449 1639 di-

1405 1654 1505 1684 cendo
1529 1654 1556 1684 ei
1576 1653 1665 1693 quod
1683 1662 1763 1683 uxor
1782 1659 1828 1683 est
1850 1653 1997 1688 adultera,
2019 1659 2118 1683 stante
2141 1653 2251 1682 eadem
2269 1652 2451 1683 intentione.

1406 1698 1496 1728 Unde
1519 1698 1550 1727 in
1575 1697 1674 1727 littera
1697 1703 1897 1736 comparatur
1920 1697 2019 1727 dicere
2045 1697 2139 1726 verba
2162 1696 2391 1726 contumeliosa
2413 1697 2452 1726 ad

1405 1741 1504 1771 facere
1541 1741 1621 1771 facta
1653 1740 1890 1771 contumeliosa.
1915 1741 1956 1770 Et
1985 1740 2051 1770 sine
2080 1740 2177 1770 dubio
2205 1747 2279 1770 sunt
2311 1740 2451 1770 eiusdem

1405 1785 1517 1825 speciei
1540 1785 1715 1815 secundum
1745 1784 1831 1814 illam
1854 1784 2008 1814 rationem
2038 1784 2202 1814 formalem
2233 1784 2451 1814 dehonoratio-

1406 1829 1467 1859 nis:
1489 1836 1519 1859 et
1542 1829 1585 1859 sic
1608 1829 1694 1858 nulla
1713 1835 1759 1859 est
1781 1827 1925 1859 diversio.
1942 1828 2037 1858 Secus
2057 1835 2163 1859 autem
2186 1835 2232 1858 est
2247 1828 2374 1868 quando
2397 1828 2452 1857 ali-

1405 1872 1475 1914 quis
1499 1872 1690 1903 contumelia
1712 1872 1876 1902 iniuriatur
1897 1873 2004 1908 verbo,
2028 1878 2058 1902 et
2081 1871 2162 1902 facto
2183 1872 2390 1911 postmodum
2413 1872 2451 1901 ad

1404 1917 1574 1947 vindictam
1603 1916 1729 1946 alterius
1751 1916 1794 1946 rei
1824 1926 1921 1956 quam
1948 1916 2077 1946 honoris
2104 1916 2251 1951 intendit,
2275 1916 2324 1945 vel
2347 1915 2451 1945 medio

1405 1961 1504 1992 utitur
1518 1961 1692 1991 secundum
1708 1970 1741 1990 se
1757 1960 1842 1990 malo
1858 1961 1896 1990 ad
1911 1960 2080 1990 vindictam
2096 1959 2235 1995 honoris,
2252 1965 2288 1989 ut
2302 1959 2334 1988 in
2351 1969 2452 1989 exem-

1404 2005 1458 2045 plo
1483 2005 1555 2035 dato
1580 2011 1682 2044 patet:
1698 2011 1775 2034 tunc
1798 2003 1882 2034 enim
1904 2004 2009 2044 plures
2032 2003 2182 2034 vindictas
2205 2003 2346 2039 intendit,
2368 2010 2398 2033 et
2420 2002 2452 2032 in

1405 2049 1547 2088 pluribus
1571 2048 1733 2088 speciebus
1756 2048 1918 2088 reponitur
1941 2048 2006 2078 eius
2029 2054 2201 2087 peccatum.

1071 2208 1385 2251 ARTICULUS
1415 2208 1684 2251 OCTAVUS

482 2301 635 2332 UTRUM
660 2300 1077 2332 SUPERABUNDANTlA
1100 2301 1157 2331 ΕΤ
1180 2300 1405 2332 DEFECTUS
1428 2300 1756 2331 DlVERSlF1CENT
1779 2300 1946 2331 spsscnzs
1969 2299 2264 2330 PECCATORUM

1189 2379 1231 2404 De
1248 2379 1330 2408 Malo,
1350 2387 1395 2411 qu.
1413 2387 1463 2409 xxv,
1482 2384 1528 2403 art.
1545 2379 1567 2403 3.

384 2487 391 2509 ι
480 2497 481 2500 ¹
509 2479 532 2504 ι)
556 2479 727 2504 οοτΑνυΜ
746 2478 799 2503 s1c
818 2478 1056 2504 PROCEDITUR.
1072 2467 1230 2504 Videtur
1248 2467 1353 2515 quod

349 2518 373 2573 χ’
437 2552 470 2581 v
510 2519 857 2568 superabundantia
877 2527 911 2556 et
939 2520 1106 2557 defectus
1125 2532 1203 2557 non
1231 2519 1353 2556 diver—

320 2571 436 2626 ffigv,
451 2579 478 2614 ‘ff
492 2571 497 2575 ’
510 2573 658 2610 sificent
677 2572 822 2621 species
836 2579 1095 2620 peccatorum.
1112 2573 1354 2621 Superabun-

308 2614 451 2661 lffi'ffl)
467 2618 638 2662 dantia
675 2625 776 2662 enim
814 2632 851 2662 et
879 2625 1045 2662 defectus
1084 2625 1262 2662 differunt
1297 2637 1353 2662 se-

297 2677 466 2715 cundum
503 2678 623 2726 magis
652 2685 689 2714 et
716 2678 852 2714 minus.
888 2678 964 2714 Sed
1001 2677 1120 2725 magis
1156 2685 1191 2715 et
1227 2677 1353 2714 minus

296 2742 375 2768 non
403 2730 660 2768 diversificant
677 2730 857 2779 speciem.
879 2731 980 2778 Ergo
1009 2730 1354 2779 superabundantia

297 2790 335 2820 et
354 2782 520 2820 defectus
540 2795 619 2820 non
639 2783 895 2821 diversificant
910 2783 1077 2831 speciem
1091 2792 1350 2831 peccatorum.

352 2845 388 2872 2.
409 2836 640 2882 Pmmm,
661 2835 757 2873 sicut
783 2843 981 2884 peccatum
1011 2836 1048 2873 in
1077 2836 1273 2883 agibilibus
1299 2844 1354 2873 est

298 2899 344 2925 ex
371 2888 446 2924 hoc
473 2888 579 2936 quod
606 2889 792 2926 receditur
819 2901 842 2925 a
870 2888 1089 2926 rectitudine
1118 2889 1283 2935 rationis,
1304 2889 1353 2926 ita

297 2939 436 2976 falsitas
454 2940 493 2977 in
522 2941 762 2988 speculativis
788 2949 843 2978 est
870 2953 915 2977 ex
939 2942 1013 2978 hoc
1037 2942 1141 2990 quod
1169 2941 1355 2979 receditur

298 3004 320 3029 a
347 2992 504 3031 veritate
531 2993 596 3030 rei.
618 2993 696 3031 Sed
722 3006 801 3031 non
825 2993 1098 3032 diversificatur
1125 2994 1270 3042 species
1289 2994 1354 3031 fal-

298 3044 414 3082 sitatis
442 3056 486 3082 ex
515 3046 590 3082 hoc
617 3046 722 3095 quod
746 3046 881 3094 aliquis
909 3046 998 3084 dicit
1028 3048 1113 3095 plus
1140 3047 1202 3083 vel
1229 3046 1354 3083 minus

299 3109 381 3134 esse
414 3109 532 3145 quam
560 3098 607 3135 sit
632 3098 671 3135 in
699 3110 751 3136 re.
782 3099 883 3146 Ergo
917 3098 1030 3136 etiam
1059 3111 1138 3137 non
1171 3098 1354 3136 diversifi-

299 3157 404 3188 catur
431 3149 576 3199 species
604 3150 748 3199 peccati
779 3163 824 3187 ex
850 3152 925 3188 hoc
949 3151 1054 3199 quod
1077 3151 1219 3189 recedit
1246 3164 1268 3188 a
1296 3164 1352 3188 re-

299 3202 478 3241 ctitudine
506 3202 659 3240 rationis
687 3202 726 3240 in
754 3203 839 3251 plus
856 3204 918 3240 vel
945 3203 983 3240 in
1003 3203 1141 3241 minus.

354 3256 389 3293 3.
410 3256 641 3300 Pmaranm,
662 3267 712 3292 ex
738 3254 884 3292 duabus
905 3256 1094 3303 speciebus
1121 3268 1194 3293 non
1222 3257 1355 3293 consti-

298 3308 413 3344 tuitur
432 3319 509 3345 una
534 3308 684 3356 species,
704 3315 745 3344 ut
767 3307 1001 3356 Porphyrius
1030 3307 1117 3345 dicit
1144 3307 1174 3343 ³¹⁸.
1197 3308 1274 3345 Sed
1293 3320 1354 3345 su-

296 3360 597 3410 perabundantia
625 3368 662 3398 et
690 3359 857 3397 defectus
884 3359 1065 3397 uniuntur
1091 3359 1130 3396 in
1161 3372 1239 3397 uno
1267 3372 1355 3408 pec-

298 3421 403 3450 cato:
432 3421 518 3450 sunt
537 3413 639 3450 enirn
668 3412 778 3449 simul
803 3412 958 3461 quidam
987 3412 1184 3448 illiberales
1213 3419 1250 3448 et
1267 3424 1354 3459 pro-

298 3465 393 3514 digi,
423 3478 586 3514 quorum
618 3466 781 3503 duorum
818 3464 1041 3502 illiberalitas
1071 3472 1125 3501 est
1157 3471 1354 3512 peccatum

1407 2467 1616 2503 secundum
1655 2466 1863 2513 defectum,
1891 2466 2129 2514 prodigalitas
2162 2474 2289 2503 autem
2325 2479 2455 2504 secun-

1406 2520 1497 2556 dum
1535 2519 1933 2567 superabundantiam.
1971 2520 2072 2566 Ergo
2114 2519 2455 2567 superabundantia

1408 2580 1442 2608 et
1462 2573 1628 2608 defectus
1642 2583 1721 2608 non
1741 2571 1996 2608 diversificant
2013 2572 2179 2620 speciem
2198 2579 2452 2620 peccatorum.

1460 2625 1534 2661 SED
1563 2636 1718 2672 CONTRA,
1740 2623 1922 2661 contraria
1942 2623 2118 2660 differunt
2141 2624 2348 2662 secundum
2371 2637 2454 2673 spe-

1407 2678 1525 2714 ciem:
1554 2689 1643 2714 nam
1671 2677 1915 2714 contrarietas
1941 2682 1996 2713 est
2020 2677 2228 2726 differentia
2254 2678 2453 2713 secundum

1395 2732 1591 2778 formam,
1619 2737 1661 2766 ut
1689 2730 1820 2766 dieitur
1851 2729 1891 2766 in
1918 2730 1952 2766 X
1979 2730 2192 2777 Metaphys.
2217 2729 2237 2751 ²¹⁶
2261 2729 2337 2765 Sed
2364 2729 2455 2766 vitia

1407 2795 1503 2831 quae
1538 2782 1716 2819 differunt
1751 2782 1962 2819 secundum
2002 2781 2382 2830 superabundantiam
2420 2788 2455 2818 et

1407 2836 1607 2879 defectum⁷
1628 2843 1714 2871 sunt
1734 2834 1938 2871 contraria:
1968 2834 2062 2870 sicut
2080 2834 2302 2870 illiberalitas
2328 2834 2454 2882 prodi-

1407 2888 1554 2936 galitati.
1575 2888 1676 2935 Ergo
1706 2887 1884 2924 differunt
1912 2887 2120 2923 secundum
2149 2886 2325 2934 speciem.

1459 2942 1684 2977 Rsssponnsso
1703 2951 1886 2977 morannum
1905 2939 2021 2987 quod,
2043 2951 2129 2976 cum
2147 2938 2186 2975 in
2209 2945 2364 2986 peccato
2384 2938 2456 2974 sint

1408 2994 1496 3039 duo,
1518 2993 1656 3029 scilicet
1683 2992 1764 3041 ipse
1788 3000 1903 3038 actus,
1926 2999 1961 3028 et
1979 2991 2203 3028 inordInatio
2233 2991 2321 3037 eius,
2342 2998 2455 3039 prout

1408 3045 1594 3083 receditur
1612 3046 1660 3082 ab
1689 3045 1821 3082 ordine
1839 3044 1990 3081 rationis
2015 3051 2050 3080 et
2068 3043 2158 3090 legis
2178 3042 2346 3089 divinae;
2371 3055 2455 3091 spe-

1408 3099 1483 3135 cies
1511 3098 1654 3146 peccati
1681 3097 1883 3134 attenditur
1910 3108 1988 3133 non
2017 3108 2061 3133 ex
2079 3103 2183 3144 parte
2211 3095 2456 3132 inordinatio-

1407 3151 1476 3197 nis,
1497 3162 1594 3198 quae
1625 3158 1679 3187 est
1706 3156 1853 3198 praeter
1878 3148 2124 3185 intentionem
2143 3147 2332 3196 peccantis
2357 3148 2388 3194 *⁷
2415 3151 2457 3184 ut

1407 3215 1522 3251 supra
1548 3202 1568 3224 *
1596 3202 1737 3239 dictum
1771 3209 1846 3245 est;
1876 3201 1942 3238 sed
1979 3200 2099 3247 magis
2128 3212 2173 3237 ex
2204 3208 2308 3248 parte
2340 3200 2456 3249 ipsius

1407 3263 1528 3301 actus,
1558 3254 1767 3291 secundum
1796 3253 1898 3301 quod
1926 3252 2145 3290 terminatur
2172 3254 2222 3290 ad
2253 3252 2456 3299 obiectum,

1407 3308 1445 3344 in
1474 3306 1578 3355 quod
1601 3306 1716 3343 fertur
1742 3305 1896 3342 intentio
1915 3305 2105 3354 peccantis
2129 3305 2162 3342 ⁸.
2188 3307 2237 3342 Et
2263 3305 2349 3342 ideo
2377 3304 2459 3342 ubi-

1408 3370 1571 3406 cumque
1591 3358 1752 3395 occurrit
1780 3358 1971 3395 diversum
1993 3357 2181 3395 motivum
2204 3358 2386 3395 inclinans
2404 3357 2459 3394 in-

1406 3410 1614 3447 tentionem
1635 3410 1684 3447 ad
1711 3411 1960 3459 peccandum,
1980 3410 2031 3446 ibi
2057 3418 2112 3447 est
2140 3410 2288 3447 diversa
2316 3409 2458 3459 species

1407 3462 1550 3512 peccati
1577 3462 1610 3499 ²⁸.
1640 3462 1882 3500 Manifestum
1918 3471 1972 3499 est
2000 3471 2127 3500 autem
2160 3463 2263 3511 quod
2292 3475 2369 3499 non
2405 3469 2458 3499 est

2482 2739 2489 2747 “
2499 2738 2523 2759 S.
2532 2738 2577 2759 Th.
2587 2738 2637 2760 lect.
2648 2745 2669 2759 v.
2679 2749 2689 2754 -

2481 2764 2534 2785 Did.
2543 2764 2584 2786 lib.
2591 2764 2630 2791 ῙΧ,
2639 2770 2691 2791 cap.

2482 2797 2511 2813 iv.
2527 2796 2549 2811 n.
2565 2796 2582 2815 ι,
2596 2797 2616 2818 5.

2484 3163 2492 3171 ·
2509 3161 2536 3181 1>-
2550 3166 2600 3188 347,
2615 3165 2666 3187 99²·

2484 3213 2495 3223 ⁸
2510 3214 2558 3234 Art.
2574 3218 2589 3234 1.

2485 3319 2495 3328 ⁸
2510 3318 2538 3339 D.
2553 3317 2601 3344 785.

2486 3476 2496 3485 ⁸
2512 3475 2538 3496 D.
2553 3480 2600 3502 99¹·
