2840 4010
349 139 420 176 3ffl

539 218 730 252 QUAESTIO
753 217 1209 246 SEPTUAGESIMASEPTIMA

1351 138 1516 174 INDEX

424 278 473 308 De
493 285 602 307 causa.
621 279 754 315 peccati
769 286 812 307 ex
832 279 932 314 parte
954 277 1130 313 appetitus
1151 276 1321 306 sensitivi.

346 351 533 371 ART1CUL051
594 344 694 371 Utrum
723 343 855 370 voluntas
883 348 1032 370 moveatur
1053 351 1070 369 a
1090 340 1224 378 passione

623 382 764 418 appetitus
783 381 908 409 sensitivi
919 401 1231 412 ...........
1250 389 1324 420 pag
1367 383 1401 410 61

427 434 442 449 »
523 430 544 450 11
594 423 696 450 Utrum
710 421 782 448 ratio
804 421 894 457 possit
915 420 1042 457 superari
1056 429 1074 448 a
1091 419 1225 456 passione

623 468 723 489 contra
744 470 825 488 suam
854 460 1001 488 scientiam
1005 481 1224 488 ........

595 501 696 529 Utrum
711 507 860 536 peccatum
876 500 956 536 quod
977 506 1020 528 est
1033 508 1067 530 ex
1081 499 1224 536 passione,

622 541 724 567 debeat
744 539 800 567 dici
815 549 847 567 ex
869 539 1032 568 infirmitate
1036 560 1223 567 .......

592 581 694 607 Utrum
716 588 800 607 amor
820 579 863 607 sui
885 579 920 606 sit
934 578 1107 615 principium
1129 578 1224 607 omnis

621 618 729 655 peccati
733 639 1222 647 .................

590 659 692 686 Utrum
719 658 922 686 convenienter
949 664 1095 694 ponantur
1122 667 1225 686 causae

620 704 803 735 peccatorum
839 698 1068 735 concupiscentia
1103 697 1202 725 carnis
1213 719 1224 732 ,

621 738 850 775 concupiscentia
864 739 1024 771 oculorum,
1039 743 1067 765 et
1087 738 1227 775 superbia*

621 777 695 804 vitae
704 798 1221 806 ..................

423 829 438 844 »
519 825 550 845 VI
590 818 691 845 Utrum
706 823 855 853 peccatum
870 817 1015 845 allevietur
1026 823 1144 853 propter
1157 826 1223 855 pas-

620 856 732 884 sionem
736 877 1220 885 .................

424 908 438 923 »
519 904 561 924 vn
591 897 693 924 Utrum
715 896 810 933 passio
831 896 956 925 totaliter
983 903 1097 925 excuset
1117 906 1135 924 a
1155 906 1221 933 pec-

619 943 683 964 cato
704 957 1222 969 ..................

422 987 438 1002 a>
519 984 571 1004 vm
590 976 692 1004 Utrum
707 983 857 1012 peccatum
872 976 952 1013 quod
967 982 1010 1004 est
1023 985 1056 1004 ex
1072 976 1220 1012 passione,

619 1016 710 1052 possit
731 1025 792 1044 esse
813 1016 935 1044 mortale
939 1037 1220 1045 ..........

427 513 441 528 x»
523 509 555 529 111

426 591 440 606 2
522 588 552 608 1v

521 667 541 686 V

424 670 439 685 2

534 1088 726 1123 QUAESTIO
756 1088 1208 1116 SEPTUAGESIMAOCTAVA

527 1156 576 1185 De
597 1163 705 1184 causa
725 1155 859 1191 peccati
882 1162 970 1191 quae
991 1156 1048 1185 est
1067 1156 1209 1185 malitia.

587 1228 690 1255 Utrum
711 1226 814 1263 aliquis
828 1232 927 1262 peccet
948 1235 981 1254 ex
1003 1233 1079 1254 certa
1100 1227 1219 1256 malitia.

589 1268 691 1295 Utrum
723 1266 898 1303 quicumque
927 1273 1025 1302 peccet
1046 1275 1079 1294 ex
1106 1267 1220 1303 habitu,

617 1313 715 1343 peccet
736 1315 769 1334 ex
791 1312 867 1334 certa
893 1305 1000 1334 malitia
1003 1328 1220 1336 ........

589 1347 692 1375 Utrum
713 1345 759 1374 ille
775 1345 824 1382 qui
845 1352 944 1382 peccat
958 1355 992 1374 ex
1013 1353 1090 1374 certa
1104 1347 1220 1383 malitia,

617 1392 714 1423 peccet
732 1395 765 1413 ex
779 1385 878 1417 habitu
883 1407 1221 1416 ............

587 1427 689 1455 Utrum
705 1425 750 1453 ille
772 1425 822 1462 qui
842 1432 941 1462 peccat
959 1434 993 1454 ex
1014 1431 1091 1454 certa
1105 1426 1222 1463 malitia,

617 1466 729 1504 gravius
742 1471 840 1502 peccet
854 1475 943 1502 quam
965 1466 1014 1503 qui
1029 1475 1063 1494 ex
1077 1466 1220 1505 passione.

559 1538 751 1578 QUAESTIO
779 1538 1180 1567 SEPTUAGESIMANONA

340 1237 502 1258 ARTICULUS
515 1236 526 1256 1

421 1280 436 1295 a
517 1276 539 1296 11

421 1360 435 1375 1»
517 1356 550 1375 m

420 1439 435 1454 »
516 1435 547 1455 1v

467 1602 515 1631 De
537 1601 655 1630 causis
677 1599 906 1631 exterioribus
926 1607 1000 1673 geg
951 1599 1071 1632 e-ccati
1086 1600 1131 1633 Et
1150 1601 1271 1637 primo,

735 1648 780 1670 ex
808 1640 908 1676 parte

585 1713 687 1740 Utrum
702 1713 780 1739 Deus
798 1711 834 1739 sit
848 1718 934 1739 causa
947 1711 1056 1748 peccati
1060 1733 1219 1741 ......

587 1753 690 1781 Utrum
712 1758 792 1781 actus
819 1751 928 1790 peceati
956 1751 992 1780 sit
1012 1761 1030 1780 a
1051 1753 1123 1780 Deo.
1147 1774 1154 1781 .
1179 1774 1186 1780 .
1209 1775 1216 1781 .

588 1792 691 1820 Utrum
722 1793 800 1819 Deus
831 1791 867 1819 sit
897 1800 983 1819 causa
1013 1792 1221 1821 excaecationis

338 1722 500 1743 ARthuws
514 1721 525 1741 1

420 1765 434 1780 »
516 1761 539 1781 11

420 1805 435 1820 »
516 1801 549 1821 111

616 1838 644 1860 et
663 1831 855 1863 indurationis
857 1852 1219 1861 .............

587 1873 690 1900 Utrum
708 1870 868 1899 excaecatio
883 1877 911 1898 et
932 1871 1086 1900 obduratio
1108 1881 1222 1909 semper

616 1911 786 1940 ordinentur
806 1911 843 1939 ad
870 1911 991 1939 salutem
1013 1911 1074 1939 eius
1102 1912 1152 1949 qui
1173 1922 1220 1940 ex-

617 1957 749 1979 caecatur
769 1957 796 1979 et
817 1951 978 1979 obduratur
979 1973 1221 1981 .........

421 1884 435 1900 »
516 1880 547 1900 1v

635 2024 828 2059 QUAESTIO
850 2024 1101 2053 OCTOGESIMA

527 2087 577 2122 De
599 2094 708 2117 causa
726 2086 860 2125 peccati
880 2094 923 2118 ex
943 2088 1044 2127 parte
1071 2085 1207 2124 diaboli.

337 2164 499 2186 AR'HCULUS
513 2163 524 2183 1
584 2155 686 2182 Utrum
697 2153 829 2181 diabolus
840 2153 876 2181 sit
889 2153 1001 2181 homini
1013 2153 1119 2183 directe
1133 2164 1220 2187 causa

614 2192 762 2230 peccandi
790 2214 1220 2223 ...............

419 2247 434 2262 »
514 2243 536 2267 11
585 2235 687 2262 Utrum
703 2233 835 2261 diabolus
849 2233 940 2269 possit
954 2233 1089 2262 inducere
1103 2235 1140 2265 ad
1154 2244 1220 2271 pec-

616 2274 740 2302 candum
761 2272 879 2301 interius
896 2273 1069 2311 instigando
1093 2295 1220 2306 .....

419 2326 434 2342 »
516 2322 548 2342 m
587 2314 690 2342 Utrum
705 2313 837 2341 diabolus
857 2313 949 2349 possit
962 2313 1160 2342 necessitatem
1176 2314 1219 2342 in-

616 2353 687 2381 ferre
717 2353 754 2381 ad
783 2353 964 2388 peccandum
967 2374 1218 2383 .........

420 2406 435 2421 »
517 2402 549 2422 tv
587 2394 687 2425 Utrum
711 2391 810 2420 omnia
836 2398 954 2429 peccata
981 2392 1135 2426 hominum
1163 2394 1220 2422 sint

616 2441 649 2461 ex
663 2431 845 2469 suggestione
859 2432 966 2460 diaboli
969 2454 1218 2462 .........

575 2506 768 2541 QUAESTlo
789 2505 1159 2555 OCTOGESIMQPRIMA

514 2569 563 2598 De
585 2576 695 2599 causa
713 2567 847 2608 peccati
867 2575 911 2601 ex
936 2569 1037 2607 parte
1056 2568 1216 2603 hominis.

336 2645 498 2669 sumemus
511 2645 523 2665 1
582 2636 684 2664 Utrum
696 2634 821 2673 primum
832 2641 981 2672 peccatum
996 2636 1081 2674 primi
1093 2637 1218 2674 parentis

614 2676 780 2703 traducatur
793 2684 845 2712 per
866 2674 1006 2712 originem
1021 2675 1050 2704 in
1071 2683 1214 2722 posteros.

587 2717 691 2748 Utrum
705 2715 792 2746 etiam
807 2714 862 2744 alia
883 2722 1000 2752 peccata
1013 2716 1098 2753 primi
1115 2726 1216 2753 paren-

614 2755 659 2789 tis,
675 2755 719 2783 vel
733 2754 931 2791 proximorum
946 2762 1107 2792 parentum,
1118 2758 1216 2785 tradu-

615 2802 716 2827 cantur
740 2794 770 2827 in
797 2801 931 2831 posteros
933 2817 1215 2829 ..........

587 2836 689 2864 Utrum
711 2841 860 2871 peccatum
876 2835 961 2871 primi
982 2845 1071 2872 paren
1086 2836 1215 2865 tistrans-

617 2882 663 2903 eat
682 2884 734 2912 per
750 2875 890 2911 originem
912 2874 942 2902 in
956 2884 1059 2904 omnes
1072 2876 1215 2905 homines.

586 2916 706 2950 Utrum,
732 2914 754 2943 si
781 2914 884 2951 aliquis
916 2923 949 2942 ax
976 2916 1105 2944 humana
1131 2925 1217 2944 earne

615 2956 787 2984 formaretur
823 2954 1012 2990 miraculose,
1035 2956 1217 2985 contraheret

614 2995 754 3032 originale
772 3001 921 3031 peecatum
939 3017 1216 3025 ..........

515 3042 535 3062 v
584 3035 705 3069 Utrum,
727 3034 751 3062 si
772 3035 867 3063 Adam
888 3044 947 3063 non
975 3042 1135 3071 peccasset,
1157 3038 1217 3065 Eva

614 3081 760 3111 peccante,
771 3074 821 3102 filii
835 3074 972 3111 originale
982 3082 1132 3111 peccatum
1147 3085 1218 3104 con·

615 3115 759 3143 traherent
762 3136 1216 3145 ................

545 3186 735 3220 QUAESTIO
758 3186 1187 3218 QCTOGESIMASECUNDA

1289 471 1303 486 »
1367 461 1405 489 62

1289 551 1302 566 >›
1367 541 1402 568 65

1288 630 1302 645 ›
1363 619 1404 648 ib.

1287 790 1301 805 »
1365 779 1403 807 66

1286 869 1300 884 a
1364 858 1406 895 67*

1284 1725 1298 1740 »
1364 1715 1401 1751 76

1283 1765 1298 1780 ‘
1362 1764 1400 1792 77

1285 1845 1300 1859 ⁹
1364 1843 1401 1871 79

1285 1964 1300 1979 x>
1363 1954 1401 1982 80

1285 2207 1299 2222 2·
1362 2197 1400 2224 82

1284 2287 1299 2302 ›
1356 2269 1398 2304 “83

1283 2366 1298 2381 »
1361 2356 1400 2392 84

1283 2445 1298 2461 x
1361 2435 1397 2464 85

1358 2680 1396 2717 87

1280 2809 1294 2824 »
1358 2799 1395 2836 89

1279 2888 1295 2904 ¹·
1357 2886 1397 2915 90

1281 3008 1295 3023 s
1358 3007 1392 3035 9¹

1281 3128 1295 3143 »
1359 3124 1396 3154 92

378 3243 427 3272 De
449 3244 601 3279 originali
621 3245 765 3280 peccato
787 3246 950 3280 quantum
967 3245 1011 3274 ad
1032 3254 1133 3275 suam
1155 3248 1356 3278 essentiam.

339 3320 502 3344 u'ncuuss
516 3321 526 3340 1
586 3314 686 3341 Utrum
710 3314 847 3351 originale
868 3322 1017 3351 peccatum
1039 3316 1074 3345 sit
1095 3318 1216 3347 habitus.

421 3363 436 3378 w
518 3361 539 3380 11
588 3353 690 3380 Utrum
712 3353 740 3382 in
762 3363 822 3382 uno
837 3355 955 3383 homine
975 3356 1032 3387 sint
1053 3357 1142 3389 multa
1161 3358 1218 3389 ori·

618 3392 722 3428 ginalia
751 3400 877 3429 peccata-
905 3415 1215 3427 ...........

422 3442 436 3457 »
517 3440 549 3465 111
590 3432 691 3459 Utrum
713 3432 850 3469 originale
877 3441 1026 3469 peccatum
1048 3435 1083 3467 sit
1110 3446 1217 3465 concu-

616 3471 755 3507 piscentia
757 3493 1215 3507 ................

1359 3329 1398 3356 94

1358 3400 1396 3435 96

1357 3478 1395 3506 ib.

1461 224 1624 245 Art‘rtcums
1644 225 1675 245 tv
1715 218 1818 246 Utrum
1839 225 1989 254 peccatum
2004 220 2142 257 originale
2163 221 2200 250 sit
2219 223 2347 260 aequali-

1743 263 1785 284 ter
1806 257 1836 285 in
1857 258 1993 287 omnibus
2006 281 2346 291 ............
2371 271 2444 302 pag.
2487 263 2525 300 98

1690 323 1883 358 QUAESTIO
1906 324 2299 355 OCTOGESIMATERTIA

1703 384 1753 414 De
1774 385 1931 414 subiecto
1945 385 2120 421 originalis
2141 387 2286 423 peceati.

1460 455 1624 477 Annctmus
1638 457 1649 477 1
1709 449 1811 477 Utrum
1841 449 1980 486 originale
2007 457 2156 496 peccatum
2189 451 2225 480 sit
2255 452 2347 490 magis

1740 488 1771 516 in
1790 498 1877 520 carne
1897 498 1987 526 quam
2007 489 2038 517 in
2051 490 2150 521 anima
2151 512 2343 520 .......

1639 536 1661 556 11
1710 527 1813 556 Utrum
1828 535 1977 574 peccatum
1992 529 2131 567 originale
2145 530 2181 558 sit
2201 540 2253 567 per
2266 531 2346 568 prius

1741 567 1771 595 in
1785 568 1908 596 essentia
1922 569 2036 608 animae
2053 579 2141 606 quam
2155 570 2185 598 in
2199 571 2344 607 potentiis.

1543 617 1558 632 n
1640 615 1672 635 m
1712 607 1815 635 Utrum
1843 615 1992 644 peccatum
2023 609 2162 647 originale
2186 619 2238 646 per
2265 611 2346 647 prius

1739 646 1846 675 inficiat
1875 648 2054 677 voluntatem
2076 659 2164 686 quam
2193 650 2264 678 alias
2291 659 2345 687 po-

1738 686 1841 714 tentias
1854 708 2343 718 .................

1538 735 1556 755 a
1637 733 1668 754 rv
1709 726 1811 753 Utrum
1838 727 1982 763 praefatae
2002 729 2148 764 potentiae
2175 729 2232 757 sint
2252 729 2343 767 magis

1738 765 1858 793 infectae
1879 775 1967 803 quam
1987 767 2060 796 aliae
2062 790 2343 797 ..........

1680 837 1872 872 QUAESTIO
1895 839 2307 876 OCTOGESIMAQUARTA

2407 503 2423 518 D

2409 582 2424 598 Ὦ

2409 701 2424 716 »

2408 780 2423 795 »

2471 501 2526 521 100

2471 580 2520 600 101

2470 690 2522 718 103

2484 769 2523 798 ib.

1498 898 1548 929 De
1575 906 1683 929 causa
1703 900 1837 934 peccati
1858 900 2046 930 secundum
2067 902 2157 938 quod
2176 911 2279 933 unum
2304 905 2483 940 peecatum

1450 965 1475 984 ,,
1512 969 1513 973 ,
1743 938 1900 972 alteriue
1906 941 2040 975 peccati
2066 949 2175 972 causa
2196 944 2263 973 est.

1458 1011 1623 1033 annotans
1636 1013 1647 1033 1
1706 1005 1809 1032 Utrum
1824 1004 1965 1041 cupiditas
1979 1005 2015 1034 sit
2035 1006 2116 1035 radix
2129 1008 2262 1036 omnium
2275 1017 2342 1046 pec-

1739 1050 1870 1072 catorum
1874 1066 2342 1077 ................

1541 1095 1556 1110 »
1638 1092 1659 1112 11
1709 1084 1811 1111 Utrum
1826 1084 1961 1120 superbia
1981 1084 2017 1113 sit
2030 1085 2143 1114 initium
2165 1087 2261 1115 omnis
2275 1097 2342 1124 pec-

1738 1123 1793 1151 cati
1795 1145 2340 1156 ...................

1540 1175 1555 1189 »
1637 1171 1670 1191 m
1710 1163 1813 1191 Utrum
1828 1170 1941 1199 praeter
1961 1165 2126 1200 superbiam
2142 1172 2170 1193 et
2184 1165 2342 1201 avaritiam,

1738 1202 1795 1230 sint
1815 1202 1871 1231 alia
1891 1210 2009 1240 peccata
2036 1205 2170 1241 specialia
2190 1215 2264 1242 quae
2286 1205 2343 1235 diei

1739 1242 1862 1270 debeant
1892 1243 2032 1280 capitalia.

1540 1293 1555 1308 »
1638 1290 1668 1310 1v
1709 1283 1812 1310 Utrum
1841 1282 2046 1312 convenienter
2074 1283 2207 1313 dicantur
2232 1291 2344 1322 septem

1737 1322 1806 1350 vitia
1832 1322 1972 1359 capitalia.

1684 1396 1876 1434 QUAESTIO
1899 1396 2300 1436 OCTOGESIMAQUINTA

1539 1463 1590 1493 De
1610 1463 1788 1496 effectibus
1801 1464 1947 1503 peccati.
1959 1464 2005 1496 Et
2023 1465 2144 1505 primo,
2159 1465 2202 1498 de
2221 1466 2442 1504 corruptione

1855 1504 1938 1533 boni
1963 1506 2122 1535 naturae.

1457 1582 1647 1609 ARTICULUM
1706 1576 1810 1607 Utrum
1830 1582 1981 1612 peccatum
1994 1576 2138 1608 diminuat
2156 1578 2268 1619 bouum
2284 1587 2343 1611 na,-

1637 1664 1658 1687 μ
1707 1621 1919 1688 offlam
1935 1635 2217 1689 nasama.
2209 1639 2217 1646 ·
2220 1663 2341 1690 mm
2240 1636 2338 1650 ····

1735 1695 1828 1731 possit
1842 1695 1952 1727 autern
1968 1705 2024 1732 per
2044 1703 2216 1733 mmm.

1708 1736 1812 1767 Utrum
1832 1735 2038 1767 convenienter
2057 1743 2204 1772 ponamin
2224 1715 2344 1783 vulnera

1734 1781 1856 1806 nautae
1875 1784 1910 1806 ex
1927 1782 2046 1813 peccato
2067 1776 2284 1814 consequentia,
2298 1776 2343 1811 in

1736 1814 1887 1850 firmitas,
1880 1816 2051 1852 ignorantia,
2068 1816 2179 1849 malitia
2189 1823 2220 1848 ct
2232 1825 2341 1847 concu-

1756 1864 1764 1882 ι
1876 1876 1883 1883 .
1911 1876 2309 1887 ..............

1539 1905 1553 1920 »
1635 1902 1666 1922 rv
1705 1862 1945 1931 υξωδηοτοῗιιξναύο
1959 1895 2050 1931 modi,
2062 1895 2168 1933 speciei
2179 1902 2207 1929 et
2219 1875 2342 1933 ordinis:

1736 1933 1772 1965 sit
1792 1934 1910 1964 effectus
1930 1935 2041 1972 peccati
2042 1956 2341 1967 ...........

1539 1984 1553 1999 »
1635 1982 1655 2001 v
1705 1974 1808 2002 Utrum
1825 1984 1904 2003 mors
1925 1981 1952 2003 et
1973 1974 2020 2003 alii
2035 1976 2200 2012 corporales
2214 1976 2341 2022 defectus

1736 2013 1793 2042 sint
1812 2014 1931 2043 effectus
1945 2015 2064 2051 peccan‘.
2117 2037 2124 2044 .
2147 2037 2155 2044 .
2179 2037 2187 2044 .

1704 2054 1807 2081 Utrum
1822 2064 1902 2082 mors
1923 2061 1951 2082 et
1971 2054 2018 2083 alii
2034 2055 2159 2088 defectus
2180 2056 2238 2084 sint
2251 2037 2341 2085 natu-

1734 2093 1808 2122 rales
1828 2093 1942 2122 homini
1998 2116 2341 2125 ............

1693 2166 1888 2201 QUAESTIO
1909 2167 2288 2213 OCTOGESIMASEXTA

1805 2235 1854 2264 De
1874 2235 2010 2264 macula
2029 2215 2174 2272 peccati.

1454 2307 1618 2328 numus
1631 2308 1643 2332 1
1702 2300 1805 2330 Utrum
1826 2307 1977 2337 peccatum
2004 2308 2102 2331 causet
2122 2301 2250 2342 aliquam
2279 2312 2341 2335 ma-

1462 2361 1465 2363 .
1733 2340 1827 2368 culam
1849 2339 1879 2368 in
1900 2340 1998 2371 anima
2001 2363 2338 2374 ............

1536 2390 1551 2405 »
1633 2388 1655 2411 11
1705 2380 1808 2409 Utrum
1830 2381 1944 2411 macula
1968 2387 2084 2411 maneat
2104 2381 2135 2412 in
2156 2381 2254 2414 anima
2274 2389 2341 2420 post

1732 2426 1830 2452 actum
1854 2420 1964 2457 peccati
1967 2442 2338 2454 ..............

1667 2492 1860 2527 QUAESTIO
1888 2492 2307 2525 OCTOGESIMASEPTIMA

1816 2561 1868 2590 De
1886 2561 1988 2590 reatu
2006 2568 2151 2598 poenae.

1451 2635 1615 2662 Αιτιουιυε
1628 2636 1639 2658 1
1699 2627 1802 2657 Utrum
1822 2633 1918 2658 reatus
1938 2636 2052 2664 poenae
2072 2627 2109 2658 eit
2127 2627 2246 2661 effictus
2271 2637 2339 2665 peo-

1730 2666 1786 2698 cati
1807 2688 1815 2698 .
1837 2688 1847 2698 -,
1868 2687 2335 2700 ................

1534 2719 1548 2734 »
1624 2715 1645 2736 11
1695 2707 1799 2737 Utrum
1812 2712 1962 2743 peccatum
1977 2707 2070 2743 possit
2083 2716 2146 2739 esse
2158 2717 2256 2744 poena
2269 2717 2336 2745 pec-

1731 2746 1787 2777 eati
1807 2767 2336 2781 ..................

1460 2802 1480 2817 a
1533 2798 1548 2813 »
1628 2795 1661 2818 111
1701 2787 1804 2818 Utrum
1825 2786 1946 2823 aliquod
1965 2793 2117 2823 peccatum
2135 2763 2261 2821 inducat
2273 2797 2336 2817 rea-

1728 2833 1791 2857 tum
1812 2832 1946 2857 aeternae
1972 2836 2085 2864 poenae
2087 2848 2337 2859 .........

1477 2879 1481 2882 -
1532 2878 1547 2893 x
1629 2874 1660 2898 xv
1699 2866 1804 2897 Utrum
1824 2873 1942 2902 peccato
1964 2867 2103 2897 debeatur
2122 2876 2220 2904 poena
2243 2867 2338 2896 infini-

1729 2912 1758 2934 ta
1780 2907 1939 2934 secundum
1961 2907 2149 2943 quantitatem
2153 2929 2335 2936 .......

1534 2957 1548 2972 »
1631 2954 1650 2973 v
1699 2945 1803 2974 Utrum
1817 2955 1906 2974 omne
1927 2953 2078 2983 peccatum
2092 2947 2213 2976 inducat
2223 2953 2336 2978 renum

1730 2994 1842 3022 poenae
1863 2992 1996 3018 aeternae
1999 3008 2336 3016 ............

1533 3037 1548 3052 »
1628 3033 1661 3053 vr
1700 3025 1804 3053 Utrum
1832 3031 1928 3054 reatus
1955 3035 2078 3063 poenae
2093 3033 2243 3056 remaneat
2263 3028 2353 3064 post

1730 3071 1881 3106 peccatum
1901 3087 2334 3098 ...............

1631 3113 1672 3133 vn
1702 3105 1806 3137 Utrum
1833 3104 1929 3134 omnis
1954 3114 2050 3143 poena
2077 3105 2114 3135 sit
2139 3113 2259 3147 propter
2285 3106 2337 3136 ali-

1731 3154 1818 3185 quam
1840 3144 1955 3182 eulpam
1968 3167 2336 3177 .............

1631 3193 1681 3213 vm
1707 3185 1811 3213 Utrum
1839 3185 1942 3222 aliquis
1972 3185 2108 3224 puniatur
2137 3195 2190 3226 pro
2215 3191 2335 3224 peccato

1731 3225 2335 3262 alterius...‚.......‚.....,

1672 3274 1867 3330 QUAESTIO
1887 3295 2299 3325 OCTOGESIMAOCTAVA

1689 3365 1740 3394 De
1758 3347 1904 3400 peceato
1924 3365 2050 3394 veniali
2067 3366 2107 3395 et
2125 3365 2273 3397 mortali.

1453 3445 1616 3465 Ain-munus
1630 3445 1642 3469 ι
1700 3437 1804 3468 Utrum
1825 3436 1937 3467 veniale
1959 3443 2111 3473 peceatum
2130 3423 2336 3470 convenienter

1732 3476 1874 3508 dividatur
1894 3483 1996 3507 contra
2021 3475 2154 3508 mortale.
2173 3498 2182 3506 .
2203 3497 2212 3507 .
2227 3496 2240 3509 2.
2264 3498 2270 3504 .
2294 3498 2302 3506 .
2327 3497 2334 3504 .

2407 1139 2422 1154 ὓ

2403 1630 2418 1646 2

2397 3487 2412 3502 ἱ

2469 1050 2520 1078 105

2469 1130 2522 1157 106

2468 1256 2522 1284 107

2468 1326 2522 1355 108

2466 1629 2521 1649 110

2466 1708 2518 1728 111

2467 1865 2520 1886 112

2467 1946 2522 1973 ¹14

2466 2017 2519 2046 115

2467 2097 2521 2126 116

2465 2332 2521 2372 118

2465 2433 2518 2461 119

2461 2677 2512 2698 121

2462 2757 2517 2778 122

2463 2836 2518 2865 ¹24

2463 2909 2515 2937 125

2462 2988 2516 3016 126

2462 3067 2516 3103 ιώ

2462 3154 2516 3184 129
2544 3146 2555 3158 ⁸

2462 3225 2516 3254 130

2460 3477 2513 3505 132
