2840 4010
0 366 8 451 J}

0 453 7 495 :i

0 496 6 512 J

84 450 168 498 §.0485
181 456 296 498 tam.

360 1245 405 1265 γλ.
476 1259 482 1262 Α

286 1292 290 1293 ⁷
323 1275 341 1285 δ·
369 1257 411 1299 νῗμ,
423 1278 447 1295 5:
469 1264 513 1294 {⁴

970 165 1235 212 QUAESTIO
1265 166 1438 211 Lxx111‚
1467 144 1760 202 ARTICULUS
1791 166 1839 201 111

322 240 586 278 membrorum
611 241 818 279 recedatur.
848 243 897 279 Et
915 242 1081 280 similiter
1100 243 1304 280 dicendum
1325 251 1379 280 est

323 293 370 330 de
399 292 497 330 vitiis
527 301 561 329 et
589 294 771 341 peccatis:
801 295 852 331 sic
876 296 977 332 enirn
998 296 1035 332 in
1055 296 1107 332 eis
1126 295 1295 344 privatur
1316 296 1378 331 de-

322 345 399 382 bita
418 346 739 383 commensuratio
764 347 928 395 rationis,
948 356 989 384 ut
1007 360 1086 384 non
1103 347 1263 384 totaliter
1283 347 1377 383 ordo

323 397 477 447 rationis
499 398 668 443 tollatur3
698 399 864 448 alioquin
883 400 1038 444 malum,
1057 400 1092 435 si
1116 400 1162 435 sit
1178 400 1378 447 integrum,

251 456 264 477 ⁷
284 461 295 466 ·
323 450 476 486 destruit
505 451 683 498 seipsum,
713 459 754 488 ut
786 452 920 489 dicitur
953 452 991 487 in
1025 452 1075 487 lV
1101 452 1220 487 Ethic.
1237 450 1272 495 *3
1301 463 1379 487 non

324 502 426 539 enim
445 510 575 551 posset
597 515 794 540 remanere
823 503 1028 540 substantia
1056 510 1171 549 actus,
1199 503 1262 538 vel
1291 502 1380 538 affe-

325 554 398 592 ctio
426 555 581 602 agentis,
611 556 680 592 nisi
708 556 848 603 aliquid
868 562 1081 592 remaneret
1099 555 1146 592 de
1167 554 1299 591 ordine
1325 567 1381 591 ra—

323 607 448 644 tionis.
470 608 518 644 Et
535 607 622 645 ideo
630 609 800 654 ⁴multum
819 607 972 644 interest
990 607 1038 644 ad
1058 607 1279 654 gravitatem
1295 619 1381 655 pec-

325 659 407 706 cati,
426 667 554 696 utrum
573 661 657 708 plus
675 660 738 696 vel
761 659 886 696 minus
906 659 1102 696 recedatur
1121 671 1143 696 a
1163 659 1381 696 rectitudine

325 712 488 750 rationis.
523 713 571 748 Et
605 711 815 748 secundum
852 712 927 748 hoc
960 711 1161 749 dicendum
1195 718 1250 748 est
1277 711 1382 759 quod

325 776 404 802 non
431 764 559 802 omnia
585 771 741 812 peccata
769 771 855 800 sunt
882 764 997 812 paria.

378 819 438 855 An
464 827 600 853 PRlMUM
628 827 727 853 aneo
755 827 937 854 DiCENDUM
966 816 1070 864 quod
1098 823 1254 865 peccata
1277 827 1382 852 corn·

275 869 278 874 ’
326 869 471 906 mittere
487 880 564 904 non
580 868 674 915 licet,
695 876 850 917 propter
870 869 1036 917 aliquam
1055 868 1383 906 deordinationem

1277 960 1434 968 mm

2435 178 2482 213 27

1433 255 1550 291 quam
1582 244 1732 280 habent.
1766 243 1876 280 Unde
1904 243 1965 280 illa
1993 255 2090 292 quae
2123 244 2307 280 maiorem
2338 245 2484 281 deordi-

1433 296 1624 332 nationem
1660 295 1871 343 continent,
1904 303 1990 332 sunt
2021 297 2140 344 magis
2174 296 2316 342 illicita;
2351 305 2386 333 et
2417 310 2485 346 per

1434 360 1669 396 consequens
1697 348 1870 395 graviora
1896 356 2063 396 peccata.

1487 402 1545 436 AD
1573 412 1761 437 SECUNDUM
1790 412 1971 438 DlCENDUM
2000 401 2104 449 quod
2126 401 2219 438 ratio
2239 401 2298 438 illa
2317 402 2485 450 procedit

1436 452 1482 488 de
1511 459 1678 500 peccato,
1708 465 1752 489 ac
1780 453 1809 489 si
1838 461 1935 489 esset
1961 453 2122 501 privatio
2149 466 2256 502 pura.

1487 506 1546 539 AD
1565 515 1722 540 TERTIUM
1742 517 1923 542 D1CENDUM
1948 506 2050 554 quod
2069 506 2225 543 virtutes
2245 514 2330 543 sunt
2349 518 2486 555 aequa-

1436 555 1489 591 les
1516 557 1848 603 proportionaliter
1866 558 1904 594 in
1922 570 2001 595 uno
2022 566 2058 595 et
2077 559 2234 595 eodem:
2263 567 2391 596 tamen
2410 571 2486 596 una

1435 606 1554 644 virtus
1582 609 1772 655 praecedit
1799 610 1910 646 aliam
1939 610 2113 658 dignitate
2140 612 2352 648 secundum
2377 623 2485 648 suam

1437 659 1625 707 speciem3
1655 667 1691 696 et
1709 672 1807 697 unus
1835 662 1947 698 etiam
1965 663 2084 699 horno
2110 671 2165 700 est
2189 663 2260 700 alio
2285 664 2487 701 virtuosior

1438 711 1475 748 in
1495 711 1630 748 eadem
1649 712 1774 759 specie
1791 713 1949 760 virtutis,
1964 722 2006 750 ut
2023 727 2135 763 supra
2153 716 2174 737 '¹‘
2194 716 2363 753 habitum
2384 724 2449 754 est.
2461 737 2486 744 -

1438 764 1487 800 Et
1514 771 1642 800 tamen
1662 764 1691 800 si
1710 764 1866 801 virtutes
1886 774 2009 803 essent
2026 779 2147 814 pares,
2172 781 2250 805 non
2268 777 2488 817 sequeretur

1437 815 1528 852 vitia
1557 828 1639 852 esse
1665 817 1790 864 paria:
1821 817 1908 865 quia
1935 819 2090 855 virtutes
2118 821 2258 858 habent
2286 822 2486 858 connexio-

1438 880 1539 914 nem,
1569 881 1647 905 non
1675 877 1803 921 autem
1829 869 1920 906 vitia
1948 882 2014 907 seu
2041 880 2205 919 peccata.

1123 1027 1440 1070 ARTICULUS
1467 1027 1694 1070 TERTIUS

694 1112 850 1143 UTRUM
873 1111 1087 1143 GRAVITAS
1110 1110 1409 1142 PECCATORUM
1433 1111 1654 1142 vAmETUR
1674 1111 1908 1143 SECUNDUM
1932 1113 2120 1144 OBIECTA

540 1203 564 1228 D
583 1202 741 1227 TERTlUM
768 1202 822 1227 Sic
840 1201 1079 1227 PROCEDITUR.
1099 1189 1258 1226 Videtur
1277 1189 1382 1237 quod

540 1251 785 1293 peccatorum
821 1243 984 1290 gravitas
1019 1254 1098 1279 non
1129 1242 1294 1278 varietur
1327 1254 1383 1278 se·

328 1298 469 1348 ’,ςῐρζ
481 1285 511 1344 ἱ(
527 1296 710 1333 cundum
729 1295 889 1333 obiecta.
911 1295 1086 1333 Gravitas
1111 1293 1212 1331 enim
1240 1294 1384 1343 peccati

340 1333 485 1390 *1⁴¹⁰*
501 1346 701 1394 &mertinet
717 1349 765 1385 ad
785 1350 945 1386 modum
955 1348 1021 1385 vel
1032 1347 1252 1396 qualitatem
1268 1347 1383 1396 ipsius

327 1403 485 1455 pecoeti.
506 1401 583 1439 Sed
611 1401 802 1438 obiectum
832 1408 888 1438 est
906 1400 1064 1438 materia
1090 1399 1206 1448 ipsius
1226 1400 1382 1448 peccati.

329 1457 432 1504 Ergo
442 1461 462 1478 α
475 1454 688 1492 secundum
703 1454 854 1491 diversa
872 1453 1030 1501 obiecta,
1044 1460 1288 1501 peccatorum
1304 1465 1384 1500 gra-

327 1508 425 1547 vitas
453 1519 531 1544 non
558 1506 735 1543 variatur.

328 1586 331 1587 ⁷
385 1573 419 1598 2.
440 1561 673 1606 Puni-anm,
694 1559 857 1607 gravitas
875 1558 1023 1607 peccati
1038 1565 1095 1595 est
1122 1557 1282 1594 intensio
1304 1569 1383 1593 ma-

327 1613 428 1652 litiae
454 1613 584 1661 ipsius.
620 1613 824 1649 Peccatum
857 1619 985 1648 autem
1017 1623 1096 1648 non
1128 1610 1244 1647 habet
1275 1610 1385 1646 ratio·

328 1669 419 1704 n‘em
449 1665 613 1703 malitiae
633 1677 679 1702 ex
706 1671 812 1713 parte
838 1663 1095 1701 conversionis
1115 1664 1163 1700 ad
1188 1663 1383 1712 proprium

331 1719 534 1765 obiectum,
555 1718 660 1766 quod
689 1725 744 1754 est
771 1717 967 1766 quoddam
996 1717 1142 1753 bonum
1162 1715 1384 1764 appetibile;

330 1771 399 1809 sed
417 1771 546 1818 magis*
558 1782 604 1807 ex
621 1777 726 1819 parte
746 1769 966 1807 aversionis.
985 1770 1089 1817 Ergo
1112 1769 1275 1816 gravitas
1299 1780 1385 1816 pec-

335 1827 507 1862 catorum
526 1835 606 1860 non
623 1823 789 1860 variatur
812 1823 1024 1860 secundum
1049 1821 1198 1859 diversa
1224 1821 1383 1858 obiecta.

387 1878 420 1914 3.
437 1878 670 1923 PRAETEREA,
681 1882 837 1924 peccata
851 1887 950 1923 quae
963 1875 1105 1912 habent
1119 1874 1269 1911 diversa
1283 1874 1386 1910 obie-

332 1937 404 1976 eta,
424 1936 510 1966 sunt
529 1928 768 1966 diversorum
789 1940 983 1976 generum.
1005 1927 1083 1964 Sed
1111 1939 1155 1963 ea
1182 1939 1281 1974 quae
1301 1934 1387 1963 sunt

328 1982 573 2020 diversorum
600 1993 795 2029 generum,
816 1993 894 2018 non
921 1988 1009 2018 sunt
1036 1979 1319 2028 comparabilia,
1345 1987 1387 2016 ut

368 1213 372 1224 ⁸
416 1213 423 1236 5
451 1236 453 1238 ,
467 1216 519 1258 JK(

281 2044 305 2084 -ζ
331 2035 515 2084 probatur
540 2034 579 2071 in
596 2034 666 2071 VII
685 2034 832 2081 Physic.
853 2033 874 2056 '¹‘
893 2034 994 2081 Ergo
1013 2041 1134 2070 unum
1154 2040 1352 2080 peccatum
1373 2031 1387 2061 β

332 2100 411 2126 non
449 2095 503 2124 est
538 2087 689 2135 gravius
729 2087 844 2123 altero
881 2086 1092 2123 secundum
1130 2084 1386 2122 diversitatem

332 2141 583 2179 obiectorum.

386 2194 461 2230 SED
480 2203 638 2238 CONTRA,
658 2199 813 2240 peccata
832 2190 1014 2239 recipiunt
1031 2191 1197 2239 speciem
1219 2202 1264 2227 ex
1284 2191 1386 2226 obie-

298 2275 304 2281 .
331 2245 411 2293 ctis,
430 2253 472 2283 ut
488 2257 536 2300 ex
555 2244 776 2294 supradictis
794 2244 815 2266 ²⁸
833 2251 946 2293 patet.
969 2243 1046 2281 Sed
1065 2243 1280 2292 aliquorum
1299 2255 1387 2291 pec-

332 2306 503 2336 catorum
522 2310 642 2335 unum
663 2305 719 2334 est
737 2297 888 2345 gravius
908 2297 1023 2333 altero
1046 2296 1257 2333 secundum
1277 2308 1386 2332 suam

331 2352 514 2400 speciem,
542 2351 637 2388 sicut
670 2349 919 2386 homicidium
957 2350 1065 2386 furto.
1095 2350 1196 2396 Ergo
1225 2349 1387 2396 gravitas

299 2443 302 2451 ἒ
330 2412 576 2454 peccatorum
607 2403 731 2440 differt
759 2402 968 2439 secundum
998 2402 1156 2438 obiecta.

384 2458 608 2494 RESPONDEO
624 2468 806 2492 DICENDUM
822 2455 938 2503 quod,
959 2454 1052 2491 sicut
1068 2467 1112 2492 ex
1132 2453 1354 2503 supradictis
1369 2454 1388 2475 '¹‘

330 2517 444 2559 patet,
465 2509 627 2557 gravitas
655 2516 900 2558 peccatorum
929 2507 1052 2557 differt
1081 2520 1126 2544 eo
1156 2506 1273 2544 modo
1307 2519 1384 2555 quo

330 2574 406 2606 una
425 2562 619 2610 aegritudo
641 2569 696 2598 est
714 2561 786 2598 alia
805 2560 972 2608 gravior:
998 2559 1092 2596 sicut
1116 2560 1217 2597 enim
1241 2559 1386 2596 bonurn

330 2613 496 2652 sanitatis
533 2614 699 2651 consistit
736 2614 774 2651 in
811 2613 976 2662 quadam
1016 2612 1386 2649 commensuratione

329 2668 537 2705 humorum
556 2680 625 2716 per
652 2666 958 2704 convenientiam
978 2666 1027 2702 ad
1046 2673 1218 2702 naturam
1242 2665 1385 2702 anima-

329 2719 395 2767 lis,
414 2720 465 2759 ita
493 2721 638 2758 bonum
666 2719 810 2758 virtutis
831 2718 996 2756 consistit
1024 2718 1062 2755 in
1087 2718 1252 2766 quadam
1283 2729 1387 2754 com—

330 2773 613 2810 mensuratione
634 2772 790 2809 humani
811 2779 915 2808 actus
930 2771 1140 2808 secundum
1156 2770 1385 2807 convenien-

329 2824 420 2862 tiam
450 2825 498 2862 ad
527 2825 694 2873 regulam
718 2825 882 2862 rationis.
913 2823 1156 2860 Manifestum
1177 2830 1233 2860 est
1257 2830 1384 2859 autem

329 2877 434 2926 quod
462 2885 567 2915 tanto
597 2885 651 2914 est
669 2878 820 2926 gravior
849 2876 1055 2924 aegritudo,
1077 2884 1219 2924 quanto
1248 2876 1386 2912 tollitur

330 2930 455 2967 debita
473 2931 681 2967 humorum
701 2929 1022 2966 commensuratio
1045 2941 1114 2978 per
1142 2941 1384 2965 commensu-

328 2983 514 3020 rationem
533 2988 549 3010 Υ
576 2983 710 3031 prioris
735 2982 926 3031 principii:
956 2982 1050 3018 sicut
1073 2981 1267 3030 aegritudo
1288 2993 1385 3029 quae

327 3036 503 3084 provenit
530 3035 568 3072 in
598 3047 756 3083 corpore
785 3036 954 3072 humano
980 3047 1024 3071 ex
1053 3035 1180 3081 corde,
1201 3034 1306 3082 quod
1331 3041 1386 3070 est

326 3088 552 3137 principium
571 3088 683 3135 vitae,
699 3088 761 3124 vel
781 3100 826 3124 ex
841 3088 967 3136 aliquo
987 3088 1091 3135 quod
1107 3086 1386 3136 appropinquat

328 3141 444 3188 cordi,
465 3140 711 3189 periculosior
731 3147 795 3176 est.
821 3140 931 3177 Unde
960 3147 1109 3188 oportet
1137 3139 1250 3176 etiam
1280 3139 1384 3186 quod

325 3201 525 3242 peccatum
554 3193 599 3229 sit
635 3199 738 3229 tanto
767 3192 939 3239 gravius,
969 3199 1111 3240 quanto
1149 3191 1384 3229 deordinatio

328 3246 508 3294 contingit
527 3245 624 3282 circa
652 3245 804 3294 aliquod
824 3244 1049 3292 principium
1077 3244 1182 3292 quod
1207 3252 1262 3280 est
1280 3245 1383 3292 prius

327 3299 365 3336 in
394 3299 526 3336 ordine
556 3298 719 3335 rationis.

380 3404 407 3435 α)
426 3403 511 3436 Ergo.
528 3416 548 3422 -
565 3403 670 3428 videtur
688 3402 759 3434 quod
777 3402 873 3427 addunt
891 3401 942 3426 EF.

381 3437 405 3470 β)
420 3442 569 3471 peccatum.
587 3451 606 3457 -
618 3441 791 3470 peccatorum
810 3438 918 3461 codices.

1490 1189 1600 1226 Ratio
1638 1198 1764 1227 autem
1803 1191 1951 1228 ordinat
1985 1192 2114 1229 omnia
2141 1193 2179 1230 in
2216 1194 2411 1242 agibilibus
2444 1209 2487 1233 ex

1436 1242 1524 1279 fine.
1555 1243 1604 1279 Et
1631 1243 1716 1280 ideo
1746 1251 1886 1292 quanto
1906 1253 2104 1293 peccatum
2130 1247 2308 1295 contingit
2335 1248 2373 1284 in
2401 1249 2487 1285 acti-

1437 1295 1508 1331 bus
1534 1295 1712 1332 humanis
1739 1308 1784 1332 ex
1812 1297 1930 1333 altiori
1957 1298 2046 1344 fine,
2075 1305 2178 1335 tanto
2206 1308 2404 1347 peccatum
2434 1308 2488 1339 est

1437 1347 1588 1394 gravius
1615 1347 1646 1384 *.
1668 1349 1827 1385 Obiecta
1855 1356 1981 1386 autem
2010 1357 2163 1388 actuum
2188 1360 2274 1388 sunt
2299 1353 2396 1390 fines
2424 1366 2487 1390 eo-

1438 1411 1535 1447 rum,
1556 1408 1596 1436 ut
1615 1412 1659 1437 ex
1687 1401 1907 1449 supradictis
1920 1401 1941 1423 '¹‘
1963 1410 2075 1450 patet.
2106 1404 2154 1440 Et
2172 1403 2258 1441 ideo
2278 1407 2485 1443 secundum

1439 1452 1692 1490 diversitatem
1719 1453 1956 1490 obiectorum
1976 1455 2175 1492 attenditur
2194 1457 2387 1495 diversitas
2407 1471 2487 1507 gra-

1437 1505 1560 1541 vitatis
1579 1505 1617 1542 in
1636 1506 1810 1554 peccatis.
1841 1506 1944 1543 Sicut
1961 1514 2064 1555 patet
2083 1509 2184 1556 quod
2209 1521 2268 1545 res
2289 1511 2487 1548 exteriores

1439 1557 1660 1594 ordinantur
1695 1559 1744 1595 ad
1780 1558 1976 1596 hominem
2005 1559 2100 1596 sicut
2127 1561 2175 1597 ad
2202 1561 2340 1608 finem;
2369 1564 2487 1600 homo

1439 1617 1566 1646 autem
1586 1610 1781 1648 ordinatur
1806 1611 1960 1648 ulterius
1983 1611 2021 1648 in
2040 1614 2167 1650 Deum
2188 1614 2283 1651 sicut
2300 1615 2338 1652 in
2357 1616 2486 1652 finem.

1440 1663 1548 1699 Unde
1575 1671 1774 1711 peccatum
1808 1665 1913 1713 quod
1941 1671 1997 1700 est
2034 1665 2130 1702 circa
2164 1665 2286 1714 ipsam
2320 1669 2489 1705 substan-

1439 1715 1528 1751 tiam
1547 1716 1725 1763 hominis,
1747 1717 1841 1753 sicut
1864 1717 2123 1765 homicidium,
2145 1726 2200 1755 est
2225 1720 2376 1766 gravius
2402 1733 2489 1770 pec-

1440 1775 1522 1804 cato
1550 1768 1653 1817 quod
1681 1777 1737 1805 est
1764 1769 1861 1806 circa
1890 1781 1948 1805 res
1973 1770 2184 1818 exteriores,
2206 1771 2300 1809 sicut
2327 1774 2486 1817 furtum;

1440 1828 1476 1856 et
1503 1821 1627 1857 adhuc
1654 1829 1710 1858 est
1737 1821 1888 1869 gravius
1914 1830 2112 1870 peccatum
2142 1825 2245 1872 quod
2273 1825 2487 1862 immediate

1440 1881 1569 1910 contra
1597 1875 1724 1910 Deum
1751 1874 2006 1922 committitur,
2036 1875 2130 1912 sicut
2156 1877 2364 1925 infidelitas,
2393 1879 2489 1915 blas·

1439 1926 1592 1974 phemia
1621 1934 1657 1962 et
1679 1926 1911 1964 huiusmodi.
1938 1928 1984 1963 Et
2012 1928 2049 1964 in
2079 1928 2210 1965 ordine
2237 1931 2491 1978 quorumlibet

1440 1979 1577 2015 horum
1605 1979 1861 2027 peccatorum,
1885 1991 2006 2016 unum
2033 1989 2231 2029 peccatum
2261 1990 2316 2019 est
2341 1984 2490 2031 gravius

1441 2032 1577 2078 altero,
1607 2032 1816 2069 secundum
1846 2033 1950 2080 quod
1979 2040 2033 2069 est
2061 2033 2157 2070 circa
2185 2034 2325 2083 aliquid
2356 2036 2490 2084 princi-

1440 2084 1560 2132 palius
1595 2085 1657 2121 vel
1695 2084 1820 2121 minus
1855 2085 2070 2134 principale.
2091 2107 2114 2114 -
2135 2087 2183 2123 Et
2215 2087 2302 2135 quia
2337 2097 2491 2137 peccata

1441 2138 1581 2174 habent
1599 2137 1766 2185 speciem
1786 2149 1831 2174 ex
1856 2137 2022 2187 obiectis,
2044 2138 2250 2176 differentia
2265 2138 2279 2161 ὅ
2302 2141 2491 2188 gravitatis

1441 2202 1539 2238 quae
1567 2190 1770 2227 attenditur
1795 2202 1914 2239 penes
1933 2191 2092 2237 obiecta,
2114 2199 2169 2228 est
2196 2193 2318 2240 prima
2337 2201 2373 2229 et
2392 2193 2491 2241 prin-

1442 2242 1581 2291 cipaliS,
1603 2243 1711 2290 quasi
1740 2254 1978 2292 consequens
2005 2243 2182 2292 speciem.

1494 2297 1551 2331 AD
1579 2307 1716 2332 PRIMUM
1743 2307 1840 2332 ERGO
1867 2307 2050 2333 DICENDUM
2075 2297 2178 2344 quod
2198 2297 2400 2345 obiectum,
2426 2298 2491 2334 etsi

1441 2348 1486 2384 sit
1514 2348 1670 2384 materia
1699 2348 1796 2384 circa
1834 2361 1951 2396 quam
1984 2349 2201 2403 terminatur
2228 2358 2351 2398 actus,
2380 2351 2492 2387 habet

1441 2408 1568 2437 tamen
1597 2400 1780 2437 rationem
1819 2401 1924 2448 finis,
1955 2402 2166 2438 secundum
2196 2403 2300 2450 quod
2337 2403 2490 2440 intentio

2513 720 2523 730 “
2538 720 2586 747 Qu.
2602 725 2665 746 uvr,
2681 723 2722 741 art.

2514 752 2529 772 ¹5

2545 752 2565 767 2.

2514 1364 2524 1374 ⁴
2538 1363 2566 1384 D.
2581 1369 2625 1391 99¹·

2515 1417 2523 1426 ·
2535 1416 2582 1443 Qu.
2598 1421 2669 1441 tun,
2681 1419 2723 1436 art.

2514 1448 2533 1470 3,
2548 1441 2576 1463 ad
2590 1447 2610 1462 2.

1441 2453 1582 2500 agentis
1611 2453 1725 2490 fertur
1753 2453 1790 2490 in
1819 2454 1966 2502 ipsum,
2000 2461 2041 2490 ut
2069 2467 2181 2502 supra
2208 2455 2228 2476 ’¹‘
2257 2454 2401 2492 dictum
2426 2464 2489 2492 est.
2518 2465 2526 2474 ’

1441 2507 1581 2542 Forma
1601 2513 1728 2543 autem
1747 2514 1851 2543 actus
1879 2507 2031 2543 moralis
2061 2507 2248 2555 dependet
2273 2521 2317 2544 ex
2344 2509 2432 2556 fine,
2453 2516 2492 2544 ut

1441 2571 1485 2595 ex
1514 2558 1769 2607 superioribus
1796 2558 1816 2580 *
1843 2567 1956 2608 patet.

1492 2613 1550 2647 AD
1579 2623 1768 2648 SECUNDUM
1795 2624 1978 2649 DtcENDUM
2011 2612 2114 2660 quod
2143 2625 2187 2649 ex
2215 2612 2295 2660 ipsa
2327 2613 2491 2650 indebita

1441 2664 1688 2701 conversione
1709 2665 1756 2701 ad
1784 2664 1939 2713 aliquod
1959 2666 2102 2701 bonum
2132 2666 2412 2712 commutabile,
2432 2678 2490 2702 se-

1441 2717 1566 2768 quitur
1601 2717 1748 2754 aversio
1777 2718 1825 2753 ab
1861 2717 2162 2754 incommutabili
2198 2719 2320 2764 bono,
2350 2718 2387 2754 in
2415 2730 2490 2766 qua

1439 2770 1632 2818 perficitur
1663 2770 1755 2806 ratio
1784 2770 1884 2806 mali.
1920 2771 1969 2806 Et
1995 2770 2082 2807 ideo
2116 2778 2264 2818 oportet
2300 2771 2403 2818 quod
2432 2783 2488 2807 se-

1441 2823 1607 2859 cundum
1645 2822 1897 2860 diversitatem
1937 2835 2070 2859 eorum
2099 2835 2195 2871 quae
2229 2822 2414 2871 pertinent
2441 2823 2489 2860 ad

1440 2875 1741 2922 conversionem,
1763 2883 1940 2923 sequatur
1969 2875 2116 2912 diversa
2139 2875 2298 2922 gravitas
2327 2875 2488 2912 malitiae

1439 2928 1477 2964 in
1505 2928 1680 2976 peccatis.

1491 2983 1550 3017 AD
1579 2992 1736 3018 TERTIUM
1764 2992 1946 3017 DlCENDUM
1966 2980 2070 3028 quod
2098 2980 2227 3016 omnia
2247 2979 2393 3016 obiecta
2421 2981 2488 3016 hu-

1439 3045 1643 3070 manorum
1663 3040 1814 3069 actuum
1833 3033 1973 3069 habent
1995 3033 2167 3069 ordinem
2189 3032 2235 3069 ad
2255 3032 2434 3068 invicem:
2455 3041 2490 3069 et

1439 3086 1526 3123 ideo
1555 3098 1690 3123 omnes
1718 3093 1822 3122 actus
1849 3085 2006 3121 humani
2030 3084 2318 3132 quodammodo
2349 3096 2488 3122 conve-

1439 3139 1545 3175 niunt
1573 3139 1610 3175 in
1634 3150 1711 3174 uno
1740 3150 1888 3185 genere,
1909 3138 2118 3174 secundum
2139 3137 2242 3186 quod
2272 3137 2490 3174 ordinantur

1439 3191 1488 3228 ad
1515 3191 1689 3227 ultimum
1717 3190 1847 3227 finem.
1869 3190 1917 3226 Et
1936 3189 2021 3226 ideo
2051 3190 2139 3226 nihil
2159 3189 2334 3238 prohibet
2362 3190 2490 3227 omnia

1438 3251 1592 3292 peccata
1621 3255 1702 3279 esse
1732 3242 2010 3291 comparabilia.

1491 3402 1518 3433 γ)
1537 3399 1827 3425 commensuran'onem.
1838 3412 1856 3418 -
1871 3400 1905 3424 lta
1923 3399 1961 3424 Pa
1975 3404 2000 3424 et
2013 3399 2101 3430 codd.;
2121 3400 2430 3424 incommensurationem
2447 3400 2490 3424 ali-

1439 3443 1517 3501 quag)
1525 3436 1695 3504 οέἒὲἓῗὲνῗὶἰα.
1714 3482 1732 3489 ·-
1750 3474 1775 3494 et
1795 3469 1945 3503 differentia
1964 3469 2162 3501 ABCGHILpD,
2182 3470 2260 3494 etiam
2276 3469 2425 3502 differentia
2439 3469 2488 3492 EF.
