2840 4010
346 155 415 192 166

340 235 409 272 nisi
429 235 477 272 ad
498 243 685 273 creaturas
700 236 900 273 rationales
916 245 1012 282 quae
1028 231 1175 269 homini
1194 231 1396 268 subiiciun-

339 295 410 325 tur.
437 289 554 325 Cuius
575 289 668 325 ratio
690 296 745 325 est
769 288 855 335 quia
875 288 933 323 lex
958 293 1012 322 est
1037 284 1218 331 directiva
1241 291 1395 320 actuum

339 341 404 388 qui
442 341 672 378 conveniunt
709 339 884 376 subiectis
921 336 1183 385 gubernationi
1220 336 1394 373 alicuius:

338 393 440 430 unde
459 395 594 440 nullus,
615 393 766 441 proprie
786 391 992 439 loquendo,
1013 389 1089 426 suis
1109 389 1253 426 actibus
1273 389 1395 436 legem

338 445 508 494 imponit.
538 447 816 493 Quaecumque
841 451 967 479 autem
988 449 1148 490 aguntur
1167 442 1264 478 circa
1282 454 1394 478 usum

338 509 465 535 rerum
494 497 763 534 irrationalium
791 495 938 532 homini
966 494 1215 541 subditarum,
1236 502 1397 542 aguntur

335 562 404 598 per
419 557 544 586 actum
564 550 680 598 ipsius
695 548 861 585 hominis
877 547 1067 584 moventis
1086 546 1304 584 huiusmodi
1318 559 1393 584 res:

335 614 425 638 nam
453 601 671 638 huiusmodi
698 601 930 638 irrationales
955 607 1147 637 creaturae
1175 612 1253 637 non
1281 608 1396 648 agunt

335 654 489 702 seipsas,
510 655 577 691 sed
605 655 653 691 ab
683 654 762 691 aliis
791 661 963 701 aguntur,
987 661 1028 690 ut
1051 665 1166 701 supra
1183 653 1204 675 '¹‘
1222 653 1394 689 habitum

335 714 400 743 est.
421 707 470 743 Et
488 706 575 743 ideo
597 707 710 743 rebus
737 706 1013 743 irrationalibus
1038 706 1158 743 homo
1182 706 1304 753 legem
1325 705 1394 741 im-

332 771 478 807 ponere
506 772 583 796 non
608 767 743 808 potest,
765 766 1119 807 quantumcumque
1141 758 1174 794 ei
1194 757 1393 794 subiician-

332 819 403 848 tur.
420 812 552 848 Rebus
572 820 700 849 autem
721 811 966 849 rationalibus
986 811 1056 848 sibi
1075 810 1250 847 subiectis
1269 817 1394 858 potest

332 864 533 912 imponere
561 865 706 912 legem,
736 863 961 913 inquantum
991 877 1061 900 suo
1093 870 1311 912 praecept0‚
1331 863 1393 899 vel

196 912 211 945 β
333 916 615 966 denuntiatione
631 929 885 966 quacumque,
902 916 1086 966 imprimit
1099 915 1217 952 menti
1234 927 1366 952 earum
1377 913 1393 944 β

330 969 525 1018 quandam
554 971 722 1018 regulam
753 982 851 1018 quae
880 977 935 1006 est
962 968 1187 1018 principium
1217 967 1363 1016 agendi.

385 1022 489 1059 Sicut
503 1030 631 1060 autem
646 1023 765 1060 homo
781 1022 974 1070 imprimit,
987 1021 1259 1067 denuntiando,
1272 1021 1391 1069 quod-

331 1074 420 1111 dam
435 1074 590 1112 interius
605 1074 833 1124 principium
849 1082 1002 1111 actuum
1017 1074 1165 1111 homini
1179 1073 1249 1110 sibi
1268 1073 1391 1109 subie-

331 1135 411 1175 cto,
433 1127 483 1164 ita
499 1128 612 1164 etiarn
632 1129 737 1164 Deus
753 1126 935 1175 imprimit
949 1126 1016 1163 toti
1036 1134 1191 1163 naturae
1207 1125 1391 1174 principia

327 1180 570 1228 propriorum
603 1187 768 1216 actuum.
799 1180 848 1215 Et
875 1178 962 1215 ideo
996 1191 1065 1227 per
1096 1179 1198 1215 hunc
1227 1178 1389 1215 modum

330 1233 463 1270 dicitur
490 1234 595 1269 Deus
622 1232 841 1281 praecipere
870 1231 937 1268 toti
969 1239 1147 1276 naturae;
1177 1231 1389 1268 secundum

328 1285 420 1322 illud
448 1284 590 1321 Psalmi
610 1297 739 1322 cxwm
758 1284 794 1320 *ε
823 1285 1069 1332 Praeceptum
1091 1284 1229 1331 posuit,
1254 1289 1291 1320 et
1316 1295 1390 1320 non

322 1338 551 1387 praeteribit.
587 1339 635 1374 Et
662 1350 731 1386 per
758 1338 857 1374 hanc
891 1337 1002 1373 etiam
1038 1337 1224 1373 rationem
1258 1348 1391 1373 omnes

327 1398 455 1427 motus
493 1398 530 1427 et
565 1389 733 1427 actiones
765 1390 878 1426 totius
915 1396 1072 1426 naturae
1110 1389 1180 1436 legi
1214 1397 1390 1426 aeternae

327 1443 552 1480 subduntur.
572 1443 683 1480 Unde
703 1443 777 1479 alio
799 1442 918 1479 modo
939 1450 1132 1478 creaturae
1158 1442 1391 1480 irrationales

96 664 108 675 ¹·
123 663 171 691 Qu.
187 669 202 691 1,
217 667 258 686 art.
273 670 293 685 2.

88 1292 97 1300 ·
116 1290 182 1313 νει-1.
197 1291 219 1312 6.

328 1496 541 1533 subduntur
577 1496 649 1544 legi
685 1504 874 1543 aeternae,
895 1495 1118 1543 inquantum
1138 1502 1343 1531 moventur
1370 1507 1392 1532 a

327 1548 456 1586 divina
493 1548 753 1597 providentia,
784 1561 861 1585 non
900 1556 1027 1584 autem
1057 1559 1125 1596 per
1160 1547 1390 1585 intellectum

327 1601 444 1639 divini
471 1601 676 1650 praecepti,
698 1601 793 1638 sicut
813 1609 1006 1637 creaturae
1037 1600 1248 1638 rationales,

380 1714 406 1750 β)
426 1724 526 1741 earum.
544 1730 563 1735 -
580 1716 637 1741 eius
655 1716 916 1749 BCDEFGHIKLpA
935 1721 961 1741 et
978 1723 1005 1742 α.

1002 154 1267 202 QUAESTIO
1297 153 1435 200 XCIII,
1464 153 1759 190 ARTICULUS
1787 155 1839 192 VI

1504 233 1562 268 An
1591 243 1728 268 PRlMUM
1756 244 1854 269 ERGO
1876 245 2067 281 Δ1110111101111
2095 235 2200 282 quod
2228 236 2303 272 hoc
2331 235 2450 273 modo
2471 248 2512 272 se

1450 285 1566 322 habet
1593 284 1792 333 impressio
1823 285 1934 322 activi
1962 286 2132 334 principii
2160 288 2362 334 intrinseci,
2392 301 2512 336 quan-

1451 345 1532 374 tum
1562 337 1609 373 ad
1639 349 1697 374 res
1727 338 1927 384 naturales,
1952 337 2048 374 sicut
2066 350 2105 374 se
2125 340 2240 376 habet
2257 341 2510 388 promulgatio

1431 390 1543 437 *legis
1571 398 1756 438 quantum
1786 391 1833 426 ad
1861 390 2060 427 homines:
2094 391 2184 439 quia
2211 404 2280 440 per
2305 393 2396 440 legis
2422 406 2511 442 pro-

1450 443 1723 490 mulgationem
1752 442 1978 491 imprimitur
1996 443 2216 480 hominibus
2240 445 2438 492 quoddam
2458 446 2511 483 di-

1451 496 1636 532 rectivum
1665 495 1892 544 principium
1920 496 2181 532 humanorum
2210 504 2377 544 actuum,
2397 505 2439 535 ut
2457 496 2510 536 di-

1451 555 1554 585 ctum
1583 556 1638 585 est
1655 548 1686 585 ²⁸.
1982 596 1985 598 q
2415 592 2425 597 ⁴

1503 602 1563 636 AD
1582 612 1771 638 SECUNDUM
1787 612 1972 638 DICENDUM
1988 601 2092 649 quod
2109 607 2302 637 creaturae
2316 600 2510 639 irrationa-

1450 653 1503 688 les
1531 665 1610 689 non
1637 653 1862 701 participant
1890 654 2035 690 ratione
2063 654 2245 700 humana,
2275 665 2346 690 nee
2366 653 2399 690 ei
2418 652 2510 691 obe-

1451 705 1577 741 diunt:
1593 705 1816 753 participant
1829 713 1969 750 tamen,
1985 719 2054 755 per
2073 707 2235 743 modum
2257 706 2508 754 obedientiae,

1450 757 1594 793 ratione
1624 757 1761 795 divina.
1790 758 1851 795 Ad
1879 759 1988 807 plura
2016 759 2118 796 enim
2139 772 2179 795 se
2200 759 2364 796 extendit
2389 759 2509 797 virtus

1449 810 1603 846 rationis
1632 809 1784 847 divinae
1812 822 1929 858 quam
1957 811 2076 848 virtus
2111 812 2266 848 rationis
2302 813 2508 849 humanae.

1447 863 1497 899 Et
1524 862 1619 899 sicut
1647 863 1820 899 membra
1849 864 2018 912 corporis
2045 865 2204 902 humani
2232 873 2438 902 moventur
2460 865 2509 902 ad

1446 915 1651 963 imperium
1674 914 1839 963 rationis,
1860 927 1938 952 non
1956 924 2085 954 tamen
2105 917 2330 967 participant
2349 917 2508 965 ratione,

1447 968 1536 1016 quia
1564 981 1642 1004 non
1671 968 1812 1004 habent
1840 967 2006 1017 aliquam
2035 971 2382 1018 apprehensionem
2408 970 2509 1007 ordi-

1446 1028 1576 1058 natam
1605 1021 1653 1057 ad
1682 1021 1889 1065 rationem;
1918 1021 1968 1058 ita
1996 1022 2109 1059 etiam
2139 1030 2331 1060 creaturae
2364 1021 2509 1061 irratio-

1446 1074 1550 1110 nales
1578 1081 1783 1110 moventur
1811 1086 1833 1110 a
1861 1074 1962 1121 Deo,
1993 1086 2063 1111 nec
2091 1082 2220 1114 tamen
2247 1083 2405 1126 propter
2431 1077 2507 1113 ho'e

1446 1133 1532 1163 sunt
1559 1126 1770 1163 rationales.

1498 1181 1556 1215 An
1586 1190 1745 1215 TERTmM
1773 1190 1961 1216 DICENDUM
1990 1179 2094 1228 quod
2123 1179 2291 1218 defectus
2320 1181 2386 1229 qui
2411 1181 2508 1218 acci-

1447 1231 1542 1268 dunt
1568 1231 1606 1268 in
1636 1232 1747 1268 rebus
1777 1231 2022 1278 naturalibus,
2052 1232 2230 1281 quamvis
2259 1233 2332 1270 sint
2357 1241 2508 1283 praeter

1446 1283 1621 1321 ordinem
1642 1296 1844 1321 causarum
1862 1284 2158 1333 particularium,
2175 1297 2254 1322 non
2272 1293 2403 1325 tamen
2421 1293 2508 1324 sunt

1445 1344 1595 1385 praeter
1614 1337 1788 1374 ordinem
1809 1349 2009 1374 causarum
2029 1337 2324 1384 universalium;
2346 1346 2382 1376 et
2398 1350 2507 1389 prae·

1446 1389 1557 1438 cipue
1586 1402 1722 1426 causae
1751 1389 1909 1438 primae,
1934 1402 2032 1438 quae
2062 1392 2167 1428 Deus
2196 1398 2262 1438 est,
2293 1391 2400 1428 001115
2418 1404 2507 1442 pro-

1445 1442 1656 1480 videntiam
1675 1442 1768 1479 nihil
1789 1443 2047 1491 subterfugere
2067 1452 2203 1492 potest,
2223 1452 2264 1480 ut
2283 1443 2321 1481 111
2341 1443 2472 1483 Primo
2485 1443 2507 1466 ²

1447 1495 1587 1532 dictum
1626 1503 1691 1532 est.
1722 1496 1771 1531 Et
1797 1494 1886 1544 quia
1920 1496 1979 1532 lex
2012 1504 2165 1534 aeterna
2200 1504 2256 1534 est
2287 1498 2382 1534 ratio
2412 1497 2507 1538 divi-,-

1444 1560 1516 1585 nae
1544 1548 1820 1596 providentiae,
1850 1555 1891 1585 ut
1920 1548 2063 1586 dictum
2089 1557 2145 1586 est
2163 1549 2200 1597 *,
2226 1549 2313 1587 ideo
2335 1550 2504 1588 defectus

1445 1613 1572 1637 rerum
1600 1601 1826 1637 naturalium
1851 1601 1923 1649 legi
1943 1609 2118 1639 aeternae
2147 1602 2371 1640 subduntur.

1005 1785 1335 1818 Commentarta
1357 1784 1605 1818 Oardjnahs
1628 1785 1826 1818 Caietam

328 1876 375 1938 IN
399 1865 536 1896 articulis
560 1872 692 1906 quarto,
717 1865 829 1906 quinto
854 1871 885 1895 et
908 1871 995 1894 sexto
1017 1864 1159 1894 eiusdem
1182 1863 1386 1904 quaestionis,
1440 1864 1543 1905 legem
1567 1865 1708 1904 imponit.
1732 1865 1772 1895 Et
1795 1865 1857 1895 hoc
1880 1875 1939 1905 pro
1957 1865 2138 1897 difficultate
2152 1865 2214 1903 illa,
2235 1873 2343 1898 utrum
2358 1867 2505 1910 princeps

356 1909 434 1940 nihil
458 1910 544 1940 aliud
567 1909 703 1940 occurrit
726 1909 927 1939 scribendum
950 1908 1011 1938 nisi
1034 1908 1123 1948 quod
1145 1908 1178 1938 in
1202 1908 1316 1948 quinto
1340 1918 1386 1937 ar-

324 1954 422 1985 ticulo
446 1961 536 1984 notes
560 1954 654 1984 illud:
678 1954 809 1991 Nullus,
827 1953 959 1993 proprie
982 1952 1155 1992 loquendo,
1175 1953 1243 1982 suis
1265 1951 1387 1982 actibus

1441 1909 1594 1939 subdatur
1616 1909 1739 1948 legibus
1762 1909 1789 1940 *.

1135 2097 1452 2139 ARTICULUS
1482 2097 1689 2138 SEXTUS

724 2181 879 2212 UTRUM
904 2181 1050 2212 OMNES
1074 2181 1152 2212 RES
1176 2181 1390 2212 HUMANAE
1414 2180 1717 2212 sussitclANTUR
1741 2181 1839 2212 LEGI
1863 2181 2097 2213 AETERNAE

412 2277 419 2291 ἲ
440 2277 484 2301 ‘a'

352 2280 516 2371 siffis}
536 2327 614 2351 non
652 2327 787 2351 omnes
825 2326 883 2350 res
915 2315 1107 2351 humanae
1140 2314 1384 2351 subiiciantur

336 2362 381 2418 “Y
403 2350 607 2415 Vae-legi
635 2375 821 2404 aeternae.
847 2367 944 2404 Dicit
972 2367 1074 2404 enim
1094 2368 1313 2416 Apostolus,
1333 2367 1385 2404 ad

328 2413 354 2428 ⁸
383 2393 480 2453 §32⁵3
495 2410 623 2457 XGal.
639 2433 666 2457 v
680 2420 715 2457 ³¹⁶:
736 2421 778 2456 Si
793 2420 925 2468 spiritu
951 2425 968 2441 ‘²
991 2420 1182 2466 ducimini,
1203 2432 1279 2457 non
1298 2420 1382 2457 estis

321 2474 390 2510 sub
409 2473 502 2523 lege.
525 2473 600 2510 Sed
619 2473 690 2509 viri
709 2473 807 2520 iusti,
828 2473 893 2520 qui
917 2480 1003 2510 sunt
1021 2473 1087 2509 filii
1111 2473 1182 2509 Dei
1201 2486 1271 2522 per
1289 2473 1381 2510 ado-

321 2525 504 2575 ptionem,
518 2525 657 2574 Spiritu
668 2526 739 2562 Dei
750 2533 926 2573 aguntur;
944 2526 1156 2563 secundum
1167 2525 1259 2563 illud
1267 2527 1380 2563 Rom.

320 2591 382 2616 vm
402 2578 437 2615 *ε
471 2579 546 2620 Qui
571 2579 709 2626 Spiritu
738 2579 812 2615 Dei
829 2584 1009 2628 aguntur,
1029 2579 1070 2615 hi
1080 2579 1160 2627 filii
1185 2579 1261 2616 Dei
1283 2584 1380 2616 sunt.

321 2633 424 2679 Ergo
444 2643 523 2668 non
551 2643 687 2667 omnes
713 2631 890 2667 homines
909 2639 995 2668 sunt
1017 2632 1087 2667 sub
1115 2632 1197 2679 lege
1217 2639 1380 2668 aeterna.

376 2696 411 2721 2.
441 2685 673 2730 PRAETEREA‚
701 2685 908 2732 Apostolus
936 2684 1036 2731 dicit,
1065 2684 1117 2720 ad
1137 2686 1249 2722 Rom.
1269 2695 1331 2721 vm
1344 2683 1380 2720 *ε

320 2738 525 2779 Prudentia
553 2737 678 2774 carnis
707 2737 858 2773 inimica
887 2742 941 2773 est
957 2738 1059 2773 Deo.-
1088 2737 1166 2787 legi
1190 2738 1290 2774 enim
1309 2737 1384 2774 Dei

320 2790 484 2826 subiecta
504 2802 579 2826 non
599 2795 662 2826 est.
692 2789 770 2826 Sed
789 2789 896 2826 multi
921 2789 1096 2826 homines
1125 2797 1213 2827 sunt
1239 2790 1278 2826 in
1301 2789 1383 2838 qui-

321 2843 392 2879 bus
421 2842 622 2892 prudentia
650 2842 770 2879 carnis
800 2841 1028 2879 dominatur.
1050 2843 1152 2890 Ergo
1172 2843 1244 2891 legi
1264 2850 1382 2879 aeter-

321 2908 412 2943 nae,
442 2908 540 2944 quae
570 2902 625 2932 est
652 2895 711 2932 lex
739 2895 832 2942 Dei,
861 2907 940 2931 non
970 2895 1219 2932 subiiciuntur
1246 2907 1382 2933 omnes

320 2948 506 2986 homines.

377 3002 411 3038 3.
429 3003 660 3048 PRAETEREA,
673 2999 906 3048 Augustinus
921 2999 1020 3047 dicit,
1032 3000 1070 3037 in
1082 3001 1095 3037 1
1107 3000 1152 3037 de
1162 3001 1243 3038 Lib.
1254 3000 1380 3048 Arb.*,

323 3054 427 3102 quod
460 3054 522 3090 lex
548 3060 701 3090 aeterna
738 3059 792 3090 est
824 3065 898 3102 qua
930 3053 1024 3090 mali
1054 3053 1265 3100 miseriam,
1295 3054 1386 3090 boni

321 3106 437 3143 vitam
465 3108 611 3143 beatam
639 3112 842 3148 merentur.
873 3105 951 3143 Sed
974 3106 1151 3143 homines
1171 3106 1248 3143 iam
1268 3106 1380 3153 beati,

321 3159 383 3194 vel
402 3158 477 3195 iam
499 3159 679 3206 damnati,
695 3172 774 3197 non
793 3166 880 3196 sunt
899 3159 938 3196 in
958 3166 1054 3196 statu
1074 3158 1257 3196 merendi.
1278 3159 1381 3207 Ergo

323 3223 401 3247 non
430 3212 588 3248 subsunt
614 3212 684 3259 legi
713 3219 901 3249 aeternae.

378 3264 450 3299 SED
479 3275 624 3301 CONTRA
646 3277 712 3301 EsT
731 3265 836 3314 quod
855 3264 1087 3312 Augustinus
1111 3264 1208 3313 dicit,
1229 3264 1319 3301 XIX
1337 3265 1382 3302 de

329 3315 407 3352 Civ.
431 3317 506 3352 Dei
528 3315 568 3353 *z
602 3317 719 3354 Nullo
751 3318 862 3354 modo
895 3318 1037 3366 aliquid
1070 3317 1213 3367 legibus
1243 3318 1383 3355 summi

83 2427 94 2437 ⁸
109 2426 175 2448 Vers-
190 2426 223 2448 18.

84 2589 93 2598 ·
109 2588 175 2610 Vera.
190 2594 223 2615 ¹4-

82 2689 93 2701 ⁸
106 2688 174 2711 νει-5.
188 2694 209 2716 7.

83 3003 95 3015 ⁴
110 3003 167 3031 cap.
176 3009 208 3025 vr.

83 3319 94 3329 '¹
109 3317 167 3346 Cap.
179 3323 222 3340 ιιι.

377 3427 404 3463 α)
422 3429 528 3461 spiritu.
544 3443 563 3448 —
582 3430 633 3454 Dei
652 3430 747 3455 addunt
766 3431 812 3456 Pa.

536 2275 558 2299 D
587 2273 728 2299 SEXTUM
747 2274 800 2299 510
829 2273 1068 2299 PROCEDITUR.
1095 2261 1252 2299 Videtur
1280 2261 1384 2310 quod
1442 2261 1631 2298 Creatoris
1659 2262 1965 2310 Ordinatorisque
1983 2261 1998 2292 β
2016 2254 2258 2310 subtrahitur,
2277 2276 2303 2301 a
2321 2276 2395 2313 quo
2417 2275 2502 2314 pax

1438 2314 1686 2350 universitatis
1712 2315 2006 2352 administratur.

1490 2367 1715 2403 REsponnEo
1751 2379 1936 2405 DlCENDUM
1969 2368 2075 2417 quod
2104 2369 2242 2417 duplex
2272 2377 2328 2407 est
2359 2372 2499 2408 modus

1436 2430 1514 2466 quo
1544 2419 1684 2467 aliquid
1713 2420 1886 2457 subditur
1913 2421 1984 2468 legi
2013 2428 2201 2468 aeternae,
2230 2429 2272 2459 ut
2300 2435 2345 2459 ex
2368 2436 2499 2472 supra-

1436 2471 1542 2508 dictis
1561 2471 1581 2493 ²³⁶
1599 2480 1720 2520 patet:
1741 2485 1819 2509 uno
1840 2473 1972 2521 modo,
2002 2473 2227 2522 inquantum
2254 2475 2500 2524 participatur
2523 2482 2534 2492 ·

1435 2525 1495 2560 lex
1523 2532 1675 2562 aeterna
1703 2538 1772 2574 per
1799 2526 1960 2563 modum
1989 2526 2233 2574 cognitionis3
2263 2528 2336 2565 alio
2365 2530 2496 2576 modo,

1435 2589 1503 2626 per
1531 2578 1691 2614 modum
1716 2579 1874 2615 actionis
1894 2586 1930 2616 et
1948 2579 2146 2628 passionis,
2167 2579 2394 2628 inquantum
2413 2594 2499 2630 par-

1434 2629 1607 2678 ticipatur
1640 2643 1708 2679 per
1735 2632 1898 2668 modum
1932 2631 2118 2669 interioris
2145 2632 2319 2682 principii
2350 2634 2497 2672 motivi.

1436 2683 1485 2719 Et
1512 2683 1587 2719 hoc
1621 2684 1790 2721 secundo
1823 2684 1942 2722 modo
1975 2685 2190 2723 subduntur
2216 2686 2289 2734 legi
2322 2694 2497 2724 aeternae

1436 2735 1669 2773 irrationales
1699 2745 1904 2785 creaturae,
1935 2745 1976 2774 ut
2004 2738 2146 2775 dictum
2167 2746 2222 2776 est
2240 2739 2271 2776 ²⁸.
2303 2739 2380 2776 Sed
2409 2740 2498 2789 quia

1437 2788 1626 2825 rationalis
1655 2797 1809 2837 natura,
1839 2802 1927 2827 cum
1967 2802 2013 2828 eo
2051 2792 2157 2839 quod
2195 2799 2251 2829 est
2288 2803 2496 2831 commune

1437 2841 1616 2878 omnibus
1649 2843 1845 2889 creaturis,
1876 2843 1991 2880 habet
2023 2844 2164 2892 aliquid
2193 2844 2263 2882 sibi
2297 2845 2496 2900 proprium

1436 2893 1661 2942 inquantum
1682 2902 1736 2931 est
1759 2895 1964 2943 rationalis,
1995 2897 2082 2933 ideo
2112 2899 2324 2936 secundum
2352 2900 2500 2939 utruuie.

1437 2958 1511 2995 que
1540 2948 1701 2984 modurn
1728 2947 1799 2996 legi
1825 2955 2001 2986 aeternae
2031 2949 2219 2987 subditur:
2250 2951 2338 3000 quia
2367 2958 2403 2988 et
2430 2948 2502 2988 11οέ
2534 2950 2550 2956 ”
2579 2951 2581 2953 ’

1435 3000 1579 3036 tionem
1609 2999 1699 3048 legis
1728 3008 1903 3038 aeternae
1932 3001 2059 3050 aliquo
2089 3003 2207 3040 modo
2228 3004 2355 3052 habet,
2374 3010 2417 3041 ut
2435 3014 2503 3051 su<

1435 3063 1504 3101 pra
1528 3052 1548 3074 *
1577 3051 1720 3090 dictum
1750 3061 1825 3100 est;
1855 3061 1891 3090 et
1918 3054 2054 3091 iterum
2089 3055 2295 3106 unicuique
2324 3052 2501 3106 rationali
2521 3064 2532 3076 ·

1437 3113 1627 3142 creaturae
1656 3106 1752 3143 inest
1779 3107 1959 3144 naturalis
1978 3106 2168 3146 inclinatio
2189 3109 2236 3146 ad
2259 3109 2296 3147 id
2317 3109 2423 3158 quod
2442 3105 2503 3159 est

1436 3171 1649 3195 consonum
1678 3159 1748 3207 legi
1781 3167 1978 3207 aeternae3
2006 3173 2135 3198 sumus
2164 3161 2266 3199 enim
2301 3160 2423 3200 innati
2446 3158 2499 3198 a'd

1434 3212 1645 3250 habendum
1673 3212 1838 3259 virtutes,
1865 3220 1907 3250 ut
1935 3212 2067 3251 dicitur
2094 3212 2132 3251 in
2161 3215 2193 3251 ΙΙ
2221 3215 2341 3252 Ethic.
2357 3212 2378 3236 *
2416 3211 2433 3226 ⁵

1436 3325 1471 3354 et
1490 3318 1780 3368 quodammodo
1802 3325 2012 3368 corruptus,
2033 3318 2071 3357 in
2090 3319 2219 3367 malis;
2244 3320 2283 3357 in
2303 3319 2439 3368 quibus
2460 3325 2497 3355 et

1489 3432 1514 3467 β)
1538 3433 1767 3465 ordinatorisque.
1785 3445 1803 3451 —
1821 3433 2049 3466 ordinationisque
2066 3432 2266 3465 BCDGILpAH,
2280 3431 2496 3464 ordinationique

1435 3469 1525 3498 PEFa,
1544 3469 1791 3501 ordinationemque
1809 3468 1840 3493 K.

2535 551 2547 563 ⁸
2560 551 2586 574 In
2601 558 2707 580 corpore.

2532 1451 2543 1463 ⁸
2559 1451 2608 1479 Qu.
2622 1457 2686 1479 xm,
2700 1454 2745 1474 ιη.

2533 1556 2609 1579 'Am
2623 1562 2639 1579 1.

2531 1916 2541 1926 ·
2545 1914 2581 1938 ef.
2587 1921 2626 1944 qu.
2632 1920 2694 1942 xm,
2699 1918 2748 1938 ert.

2530 1947 2550 1970 5,
2567 1942 2699 1964 0010111001.

2523 2752 2535 2765 ⁴
2549 2752 2609 2775 thid.

2469 3247 2472 3249 *
2534 3257 2548 3271 Ἴ.
2595 3231 2604 3264 .’
2629 3231 2636 3243 ’
2667 3222 2740 3268 ’,33

1489 3265 1655 3313 Uterque
1674 3272 1804 3302 tamen
1823 3265 1962 3303 modus
1989 3265 2232 3316 imperfectus
2252 3266 2407 3317 quidem
2428 3270 2495 3312 est,
2533 3295 2536 3298 .
