2840 4010
213 1386 250 1408 ed.

909 167 1174 213 QUAESTIO
1203 168 1412 215 LXXVIII,
1440 169 1735 207 ARTICULUS
1764 170 1813 206 111

276 255 357 281 non
384 243 586 281 excludunt
614 244 761 282 bonum
790 245 991 294 spirituale,
1021 246 1126 295 quod
1147 254 1202 282 est
1220 247 1336 294 gratia

274 295 347 334 Dei
374 296 437 333 vel
466 295 610 333 caritas.
641 297 751 334 Unde
780 310 858 334 non
885 298 1059 336 dicuntur
1075 299 1176 335 mala
1194 299 1336 346 simpli-

275 347 383 394 citer,
411 348 480 385 sed
517 349 728 387 secundum
762 351 864 398 quid.
895 352 943 388 Et
969 358 1125 400 propter
1155 351 1231 387 hoc
1265 363 1336 387 nec

273 399 424 438 habitus
451 400 624 449 ipsorum
652 411 812 450 possunt
840 403 912 441 dici
941 402 1159 452 simpliciter
1186 403 1317 439 mali⁸
1327 432 1335 450 ‚

276 452 344 490 sed
372 453 497 490 solum
527 455 738 492 secundum
767 455 871 504 quid.

329 507 388 543 An
417 518 607 544 SECUNDUM
635 519 819 545 mcx-:noun
846 508 951 556 quod
979 514 1084 543 actus
1112 506 1177 554 qui
1204 519 1338 554 proce-

277 557 372 596 dunt
390 570 437 596 ex
454 559 658 606 habitibus,
674 567 763 597 sunt
775 560 918 597 similes
936 560 1148 596 secundum
1168 559 1337 607 speciem

277 610 421 649 actibus
451 624 496 649 ex
524 612 662 659 quibus
694 612 845 650 habitus
876 619 1121 659 generantur:
1161 611 1339 649 differunt

246 671 249 676 ·
276 670 407 701 tamen
425 665 473 701 ab
494 664 546 701 eis
574 665 669 702 sicut
691 665 904 713 perfectum
922 664 971 700 ab
990 663 1213 713 imperfecto
1229 664 1260 701 ⁸⁸.
1289 665 1339 701 Et

276 716 357 754 talis
378 715 389 742 ζ
410 724 465 755 est
490 716 701 755 differentia
727 716 872 765 peccati
892 717 996 765 quod
1026 717 1274 754 committitur
1293 729 1337 753 ex

278 776 381 807 certa
406 769 559 816 malitia,
588 769 639 807 ad
665 777 865 818 peccatum
895 771 999 818 quod
1028 769 1273 806 committitur
1293 782 1337 806 ex

277 821 405 869 aliqua
420 821 620 870 passione.

328 936 358 968 ι)-
369 936 443 961 nuli.
459 935 616 961 -malitt'ae
633 936 855 969 ABCDFGILpH,
875 938 944 963 male
961 937 1010 970 pE.

2397 173 2445 219 73

1442 249 1501 284 An
1528 259 1687 285 ‘rr-:arrum
1715 259 1899 285 mesanum
1927 248 2031 297 quod
2059 248 2118 285 ille
2146 249 2210 298 qui
2243 257 2375 297 peccat
2403 262 2447 286 ex

1390 300 1537 346 habitu,
1567 313 1720 349 semper
1751 301 1890 348 gaudet
1921 301 1968 338 de
2000 302 2074 338 hoc
2109 301 2213 350 quod
2247 314 2291 338 ex
2318 302 2447 338 habitu

1390 360 1583 399 operatur,
1623 354 1791 402 quandiu
1824 354 1955 390 habitu
1987 354 2113 390 utitur.
2151 355 2227 391 Sed
2261 354 2348 402 quia
2380 367 2448 402 po-

1390 411 1461 440 test
1496 405 1626 442 habitu
1663 418 1741 442 non
1778 406 1852 452 uti,
1890 407 1957 443 sed
1994 418 2064 455 per
2099 407 2311 454 rationem,
2348 419 2446 455 quae

1391 468 1467 492 non
1504 465 1558 493 est
1590 458 1751 495 totaliter
1786 466 1982 508 corrupta,
2016 459 2155 507 aliquid
2194 459 2294 497 aliud
2327 459 2447 496 medi-

1390 509 1478 553 tari3
1508 517 1632 556 potest
1660 511 1876 558 contingere
1905 512 2024 560 quod,
2054 523 2132 549 non
2161 519 2268 549 utens
2295 512 2444 559 habitu,

1392 560 1518 597 doleat
1537 562 1584 597 de
1603 563 1677 598 hoc
1697 564 1800 611 quod
1819 576 1888 612 per
1905 564 2077 601 habitum
2098 565 2298 602 commisit.
2319 585 2343 592 -
2363 565 2446 602 Ple—

1391 625 1553 671 rumque
1586 622 1714 651 tamen
1746 617 1837 652 tales
1869 617 2062 664 poenitent
2090 617 2136 654 de
2164 625 2338 666 peccato,
2367 630 2446 654 non

1392 665 1480 713 quia
1512 665 1565 702 eis
1599 675 1797 714 peccatum
1829 669 2038 706 secundum
2067 682 2107 706 se
2135 670 2346 719 displiceat;
2379 671 2446 707 sed

1390 725 1546 776 propter
1578 719 1732 767 aliquod
1764 720 2051 758 incommodum
2084 724 2188 769 quod
2217 735 2261 759 ex
2288 731 2445 771 peccato

1390 770 1593 807 incurrunt.

1442 937 1467 969 ζ)
1488 938 1524 962 Et
1544 938 1624 963 Talis.
1640 952 1660 957 —
1681 938 1752 963 Talis
1771 939 1993 972 ACEGHleBD,
2014 941 2085 966 Talis
2104 941 2172 966 em'm
2192 942 2223 966 Κ.

954 1016 1289 1051 commentaria
1311 1015 1562 1049 Cardinalis
1583 1016 1783 1049 Caietam

280 1054 327 1167 Iu
359 1094 490 1125 animle
514 1095 661 1125 secundo
692 1095 836 1126 eiusdem
858 1095 1051 1136 quaestionis
1075 1095 1336 1135 septuagesimae-

309 1145 446 1174 octavae,
471 1138 597 1169 adverte
620 1139 784 1179 diligenter
807 1140 905 1180 quod,
922 1140 998 1180 quia
1015 1146 1182 1180 peccatum
1201 1149 1238 1170 ex
1253 1146 1336 1170 certa

275 1181 395 1213 malitia
415 1188 446 1212 et
462 1193 499 1213 ex
514 1182 659 1223 passione
675 1193 741 1214 non
757 1184 875 1224 specie,
899 1185 955 1215 sed
969 1184 1068 1234 gradu
1091 1183 1292 1223 perfectionis
1308 1190 1338 1214 et

276 1225 524 1269 imperfectionis
538 1225 699 1263 differunt;
712 1227 858 1268 provenit
874 1227 985 1278 quod
977 1238 1009 1257 1n
1024 1227 1133 1258 eadem
1151 1227 1264 1267 specie,
1282 1227 1337 1267 qui

259 1269 364 1310 -prltis
387 1266 577 1301 adulterium
594 1281 631 1301 ex
654 1270 799 1311 passione
823 1271 992 1307 commisit,
1016 1271 1234 1311 postmodum,
1255 1271 1340 1301 habi-

277 1320 394 1350 matus,
419 1324 456 1344 ex
479 1321 561 1345 certa
584 1314 703 1346 malitia
726 1315 927 1346 adulteratur.
951 1315 994 1346 Et
1005 1315 1096 1356 quod
1110 1315 1197 1355 prius
1215 1325 1234 1345 a
1252 1321 1339 1355 parte

276 1357 418 1388 inferiori
437 1359 650 1398 perturbatus,
671 1359 851 1398 privabitur,
872 1369 928 1400 per
949 1360 1084 1390 modum
1102 1358 1120 1377 *
1134 1358 1339 1395 transeuntis,

277 1401 392 1441 aetnali
412 1402 532 1432 iudicio
555 1403 644 1442 quod
667 1402 718 1433 hic
741 1409 828 1434 actus
847 1403 1138 1438 delectabilisnunc
1153 1409 1200 1434 est
1222 1403 1339 1433 malus:

278 1446 489 1487 postmodum
501 1456 519 1476 a
531 1446 686 1487 superiori
700 1447 854 1478 inchoans
869 1447 946 1488 ipse,
963 1447 1080 1478 scilicet
1094 1447 1256 1483 electione,
1274 1457 1339 1477 non

300 1490 317 1508 c
331 1492 338 1498 .
363 1490 386 1506 ’ἰ
1072 1504 1074 1507 ,

287 1526 354 1554 »Li-⁷
378 1535 396 1542 ··
431 1550 434 1553 .

299 1580 326 1590 ,Ἰν
343 1578 382 1586 ’.μ’

1391 1097 1542 1131 turbatus,
1561 1097 1615 1126 sed
1629 1097 1888 1128 connaturalitate
1900 1108 2029 1138 pronus,
2043 1099 2083 1128 ad
2095 1099 2156 1129 tale
2172 1099 2360 1134 delectabile,
2377 1099 2446 1129 solo

1392 1140 1504 1170 actuali
1516 1140 1633 1170 iudicio
1648 1151 1739 1171 verae
1755 1142 1999 1181 comparationis
2012 1142 2106 1172 huius
2119 1143 2195 1172 boni
2209 1143 2397 1173 delectabilis
2410 1143 2448 1172 ad

1391 1184 1513 1214 bonum
1536 1184 1674 1220 rationis,
1697 1185 1840 1221 caritatis,
1860 1186 2008 1225 privatus,
2028 1186 2133 1217 fertur.
2152 1187 2243 1217 Unde
2267 1187 2343 1217 tales
2362 1186 2448 1216 habi-

1392 1228 1469 1258 tuati
1485 1238 1595 1258 verum
1611 1228 1708 1264 aiunt,
1724 1228 1860 1259 dicentes
1873 1239 1905 1259 se
1918 1239 2106 1270 cognoscere
2120 1231 2208 1270 quod
2223 1230 2304 1260 male
2320 1230 2447 1265 faciunt,

1393 1278 1423 1302 et
1445 1272 1534 1312 quod
1557 1272 1669 1302 volunt
1691 1272 1898 1303 nihilominus
1917 1273 2033 1311 facere:
2058 1274 2160 1304 sciunt
2181 1274 2266 1304 enirn
2290 1273 2448 1304 actualiter

1391 1315 1453 1345 hoc
1469 1325 1535 1346 esse
1547 1325 1632 1346 nunc
1642 1316 1773 1347 malum.
1787 1317 1884 1353 Quod
1899 1317 1931 1347 in
1946 1317 2014 1357 ipsa
2029 1318 2174 1357 passione
2190 1317 2294 1357 positi,
2311 1317 2448 1348 dicentes

1392 1369 1424 1389 se
1447 1360 1533 1395 scire,
1558 1361 1763 1391 mentiuntur.
1788 1361 1942 1397 Quamvis
1966 1361 2059 1391 etiam
2082 1361 2247 1398 habituati,
2271 1368 2306 1392 ut
2329 1361 2448 1391 dictum

1393 1410 1447 1439 est,
1471 1403 1623 1440 laborent,
1639 1404 1736 1435 velint
1751 1404 1863 1440 nolint,
1879 1405 2054 1444 ignorantia
2068 1405 2217 1445 privativa
2233 1404 2360 1435 actualis
2374 1404 2448 1435 recti

1393 1447 1500 1477 iudicii
1523 1448 1649 1487 practici
1673 1448 1918 1488 comparationis
1941 1450 2179 1490 prosequendae
2197 1449 2247 1479 vel
2270 1448 2446 1488 fugiendae.

1076 1601 1392 1661 ARTICULUS
1422 1601 1650 1642 TERTIUS

566 1713 569 1716 -
612 1692 768 1724 UTRUM
792 1693 887 1724 ILLE
911 1693 986 1730 QUI
1009 1691 1182 1727 PECCAT
1206 1693 1263 1724 Ex
1287 1692 1432 1724 CERTA
1455 1693 1652 1729 MALITIA,
1677 1693 1847 1739 PEQCET
1870 1694 1927 1724 EX
1949 1693 2113 1724 HABITU

973 1771 993 1796 11
1012 1770 1096 1802 Sent„
1115 1771 1175 1796 dist.
1193 1778 1262 1800 me.
1281 1776 1328 1795 art.
1349 1778 1376 1801 2;
1398 1771 1427 1795 In
1451 1771 1557 1801 Matth„
1577 1779 1632 1804 cap.
1650 1779 1694 1796 ΧΠ.

300 1852 323 1882 ἰ
349 1872 374 1899 ,ν
397 1872 469 1902 „ps
494 1863 516 1888 n
535 1861 694 1889 TERTHJM
720 1862 772 1887 src
802 1862 1040 1889 paocanrrua.
1060 1849 1219 1889 Videtur
1237 1851 1342 1899 quod

330 1897 367 1958 {J
388 1940 397 1955 ,
493 1902 734 1952 quicumque
745 1911 878 1953 peccat
897 1916 942 1941 ex
961 1911 1062 1942 certa
1081 1903 1233 1950 malitia,
1254 1916 1342 1952 pec-

303 1993 308 2001 ,
339 1980 345 1991 1
495 1965 553 1994 cet
576 1969 624 1993 ex
647 1958 792 1995 habitu.
822 1957 922 1994 Dicit
945 1952 1048 1994 enim
1073 1957 1340 2005 Philosophus,

421 2024 437 2034 ν’
462 2010 531 2047 in
559 2010 594 2047 V
620 2011 740 2048 Ethic.
760 2010 792 2057 ³¹⁸,
822 2010 927 2070 quod
955 2021 1035 2047 non
1063 2017 1118 2047 est
1145 2006 1343 2047 cuiuslibet

280 2032 415 2101 iniusta
448 2062 571 2099 facere
605 2063 764 2111 qualiter
797 2062 955 2100 iniustus
982 2062 1088 2110 facit,
1128 2062 1267 2100 scilicet
1296 2076 1341 2100 ex

282 2111 479 2168 electione,
509 2114 577 2158 secl
605 2115 730 2153 solum
753 2114 926 2153 habentis
943 2115 1126 2153 habitum.
1157 2115 1235 2153 Sed
1253 2129 1342 2165 pec-

281 2181 368 2207 care
402 2181 448 2205 ex
480 2175 580 2206 certa
613 2169 753 2206 malitia
790 2176 846 2205 est
878 2181 1037 2217 peccare
1054 2197 1056 2200 >
1076 2181 1122 2206 ex
1159 2169 1342 2206 electione

281 2221 383 2269 mali,
403 2229 443 2258 ut
463 2221 605 2259 dictum
635 2229 691 2258 est
708 2221 739 2259 ⁸.
770 2222 871 2269 Ergo
896 2233 1056 2270 peccare
1076 2233 1121 2258 ex
1140 2229 1242 2258 certa
1261 2234 1341 2259 ma-

279 2274 356 2312 litia
384 2286 463 2311 non
492 2281 548 2311 est
574 2273 645 2313 nisi
672 2274 844 2311 habentis
871 2273 1056 2311 habitum.

287 2363 290 2365 Α
334 2339 369 2364 2.
384 2327 618 2374 PRAETEREA‚
635 2327 822 2375 Origenes
838 2327 936 2374 dicit,
953 2327 991 2364 in
1006 2328 1019 2363 1
1035 2327 1124 2363 Peri
1139 2328 1340 2375 Archon.*,

280 2379 390 2431 qnod
415 2391 490 2429 non
509 2380 562 2417 ad
578 2380 740 2417 subitum
757 2386 774 2401 α
802 2380 884 2429 quis
902 2385 1108 2417 evacuatur
1124 2386 1190 2417 aut
1208 2381 1341 2430 deficit,

277 2432 345 2470 sed
354 2432 541 2481 paulatim
564 2444 638 2481 per
650 2439 779 2481 partes
806 2434 970 2480 defluere
997 2445 1144 2470 necesse
1170 2439 1233 2471 est.
1264 2434 1342 2471 Sed

278 2485 470 2523 maximus
499 2486 674 2523 defluxus
695 2498 776 2523 esse
795 2485 945 2523 videtur
963 2493 1004 2522 ut
1022 2485 1155 2534 aliquis
1176 2499 1222 2523 ex
1242 2494 1340 2524 certa

279 2538 421 2576 malitia
438 2546 583 2588 peccet.
614 2539 715 2586 Ergo
744 2551 823 2576 non
852 2538 977 2575 statim
1006 2551 1028 2575 a
1055 2538 1252 2588 principio,
1274 2540 1342 2577 sed

278 2604 348 2641 per
375 2592 536 2628 multam
566 2592 896 2638 consuetudinem,
927 2603 972 2628 ex
1000 2603 1076 2639 qua
1103 2591 1254 2629 habitus
1280 2605 1342 2640 ge-

278 2644 403 2682 nerari
429 2651 570 2693 potest,
600 2644 733 2693 aliquis
761 2645 810 2681 ad
838 2646 912 2681 hoc
941 2644 1095 2681 devenit
1111 2651 1154 2681 ut
1178 2657 1223 2682 ex
1242 2654 1342 2683 certa

277 2697 418 2734 malitia
446 2703 588 2746 peccet.

335 2750 369 2786 3.
390 2750 623 2796 PRAETEREA,
649 2749 974 2798 quandocumque
1003 2748 1138 2797 aliquis
1168 2761 1212 2787 ex
1242 2758 1340 2788 certa

279 2801 421 2839 malitia
448 2809 592 2851 peccat,
623 2810 772 2851 oportet
799 2802 902 2851 quod
931 2802 1012 2851 ipsa
1035 2803 1213 2840 voluntas
1233 2803 1281 2840 de
1301 2816 1340 2840 se

279 2855 478 2892 inclinetur
505 2854 554 2891 ad
582 2856 724 2892 malum
753 2855 858 2904 quod
887 2855 997 2903 eligit.
1028 2855 1105 2892 Sed
1133 2867 1179 2892 ex
1206 2864 1341 2893 natura

277 2908 468 2958 potentiae
506 2919 586 2944 non
613 2906 811 2945 incli'natur
839 2909 958 2945 homo
994 2909 1043 2945 ad
1071 2909 1237 2956 malum,
1273 2909 1340 2946 sed

279 2960 399 3008 magis
427 2960 476 2997 ad
504 2960 660 2998 bonum.
690 2961 793 3009 Ergo
823 2967 983 3010 oportet,
1009 2960 1039 2997 si
1060 2961 1160 3009 eligit
1183 2962 1339 2999 malum

279 3014 384 3063 quod
413 3013 488 3050 hoc
517 3012 562 3049 sit
591 3025 636 3050 ex
664 3013 790 3062 aliquo
821 3013 1122 3063 supervenienti,
1153 3015 1256 3063 quod
1287 3022 1342 3052 est

278 3067 405 3116 passio
433 3066 496 3103 vel
524 3065 684 3103 habitus.
715 3066 792 3103 Sed
814 3067 969 3115 quando
989 3066 1123 3116 aliquis
1142 3075 1276 3116 peccat
1295 3080 1341 3104 ex

278 3118 469 3168 passione,
499 3130 578 3155 non
605 3126 739 3167 peccat
766 3130 811 3165 ex
839 3126 939 3156 certa
958 3119 1111 3167 malitia,
1133 3120 1202 3157 sed
1222 3132 1266 3157 ex
1285 3119 1341 3157 in-

231 3193 237 3204 »
277 3172 471 3220 firmitate,
499 3178 543 3208 ut
576 3170 718 3208 dictum
748 3178 803 3208 est
820 3171 851 3208 *.
882 3172 984 3220 Ergo
1018 3171 1340 3222 quandocumque

278 3225 414 3275 aliquis
441 3231 575 3274 peccat
599 3236 644 3260 ex
665 3231 766 3261 certa
785 3223 937 3271 malitia,
959 3231 1110 3273 oportet
1129 3225 1235 3272 quod
1252 3237 1341 3274 pec-

279 3285 337 3315 cet
365 3289 411 3316 ex
439 3277 580 3314 habitu.

333 3331 407 3368 SED
429 3341 596 3378 CONTRA,
627 3330 721 3367 sicut
749 3342 789 3366 se
817 3329 931 3366 habet
958 3329 1107 3366 habitus
1137 3329 1261 3381 bonus
1290 3330 1340 3367 ad

1398 1850 1620 1887 electionem
1650 1851 1754 1897 boni,
1774 1850 1824 1887 ita
1843 1850 1991 1888 habitus
2015 1852 2138 1888 malus
2158 1851 2206 1888 ad
2227 1851 2448 1890 electionem

1397 1903 1497 1940 mali.
1515 1904 1591 1940 Sed
1610 1904 1843 1952 quandoque
1862 1904 1995 1952 aliquis
2015 1916 2092 1941 non
2111 1904 2256 1942 habens
2279 1904 2449 1941 habitum

1396 1956 1552 2003 virtutis,
1575 1956 1673 2003 eligit
1693 1957 1730 1994 id
1758 1957 1864 2005 quod
1893 1964 1947 1993 est
1966 1958 2111 1993 bonum
2140 1957 2350 1994 secundum
2378 1957 2451 1993 vir-

1396 2016 1526 2045 tutem.
1549 2010 1651 2055 Ergo
1671 2009 1784 2046 etiam
1805 2009 2036 2058 quandoque
2057 2009 2188 2057 aliquis
2209 2022 2286 2046 non
2306 2010 2451 2046 habens

1396 2062 1567 2098 habitum
1586 2062 1778 2109 vitiosum,
1797 2069 1922 2111 potest
1941 2063 2076 2110 eligere
2096 2063 2256 2099 malum:
2273 2062 2377 2111 quod
2397 2070 2453 2098 est

1398 2127 1442 2151 ex
1472 2122 1571 2151 certa
1599 2114 1739 2152 malitia
1766 2127 1937 2164 peccare.
2059 2127 2061 2129 “

1451 2169 1675 2205 ΒΕεΡοΝῡΕο
1694 2179 1877 2205 01οΕΝοοΜ
1891 2167 1995 2215 quod
2009 2168 2185 2204 voluntas
2205 2167 2309 2204 aliter
2327 2180 2368 2204 se
2387 2168 2453 2204 ha-

1398 2221 1460 2257 bet
1493 2222 1540 2258 ad
1575 2221 1743 2267 bonum,
1774 2228 1811 2257 et
1838 2220 1943 2257 aliter
1969 2220 2019 2257 ad
2046 2221 2202 2266 malum.
2233 2221 2291 2256 Ex
2318 2228 2452 2257 natura

1398 2273 1499 2310 enim
1520 2286 1611 2310 suae
1630 2273 1822 2322 potentiae
1841 2273 2038 2310 inclinatur
2053 2273 2100 2309 ad
2121 2274 2265 2309 bonum
2287 2273 2451 2319 rationis,

1397 2326 1492 2363 sicut
1518 2326 1567 2363 ad
1590 2325 1788 2375 proprium
1818 2326 2026 2363 obiectum:
2055 2326 2156 2363 unde
2178 2333 2214 2362 et
2232 2338 2346 2363 omne
2365 2338 2452 2374 pec-

1398 2387 1523 2416 catum
1553 2378 1688 2416 dicitur
1714 2391 1798 2416 esse
1831 2386 1960 2416 contra
1994 2386 2179 2415 naturam.
2216 2379 2331 2424 Quod
2365 2391 2453 2426 ergo

1397 2432 1435 2469 in
1463 2432 1618 2479 aliquod
1654 2433 1799 2468 malum
1826 2433 2004 2469 voluntas
2032 2431 2204 2478 eligendo
2233 2431 2450 2478 inclinetur,

1398 2492 1547 2534 oportet
1583 2486 1688 2534 quod
1716 2484 1868 2521 aliunde
1906 2484 2106 2532 contingat.
2137 2485 2186 2520 Et
2221 2484 2452 2532 quandoque

1398 2538 1551 2586 quidem
1582 2538 1761 2585 contingit
1790 2550 1835 2574 ex
1863 2537 2012 2574 defectu
2040 2537 2211 2584 rationis,
2242 2537 2336 2573 sicut
2364 2549 2450 2573 cum

1397 2591 1530 2639 aliquis
1559 2603 1603 2627 ex
1634 2590 1843 2638 ignorantia
1880 2598 2031 2638 peccat:
2062 2590 2291 2638 quandoque
2325 2597 2451 2625 autem

1398 2656 1443 2680 ex
1470 2643 1634 2692 impulsu
1663 2643 1849 2692 appetitus
1878 2642 2054 2689 sensitivi,
2085 2643 2179 2679 sicut
2207 2655 2292 2679 cum
2321 2649 2453 2690 peccat

1398 2709 1443 2733 ex
1469 2696 1659 2745 passione.
1690 2697 1767 2733 Sed
1804 2703 1981 2733 neutrum
2014 2696 2152 2732 horum
2190 2703 2244 2731 est
2273 2707 2316 2730 ex
2353 2702 2452 2730 certa

1396 2749 1538 2786 malitia
1564 2761 1740 2798 peccare3
1763 2749 1829 2785 sed
1858 2756 1946 2785 tunc
1975 2749 2097 2785 solum
2119 2761 2163 2784 ex
2192 2755 2291 2784 certa
2313 2747 2453 2783 malitia

1397 2802 1530 2851 aliquis
1564 2810 1716 2851 peccat,
1745 2802 1899 2849 quando
1939 2801 2020 2849 ipsa
2047 2802 2222 2837 voluntas
2256 2812 2299 2836 ex
2328 2799 2450 2847 seipsa

1395 2863 1572 2892 movetur
1600 2855 1648 2891 ad
1677 2855 1831 2891 malum.
1854 2854 1969 2900 Quod
1988 2861 2111 2902 potest
2140 2852 2354 2900 contingere
2383 2852 2450 2888 du-

1395 2908 1550 2957 pliciter.
1571 2908 1658 2945 Uno
1679 2907 1833 2956 quidem
1862 2907 1992 2953 modo,
2013 2918 2082 2955 per
2108 2907 2182 2942 hoc
2202 2905 2305 2954 quod
2330 2906 2448 2941 homo

1395 2962 1510 2998 habet
1528 2960 1694 3010 aliquam
1721 2959 2007 3019 dispositionem
2029 2966 2246 3006 corruptam
2270 2957 2451 2994 inclinan-

1396 3021 1472 3050 tem
1502 3014 1550 3051 ad
1578 3014 1734 3060 malum,
1755 3013 1804 3049 ita
1832 3012 1937 3062 quod
1965 3011 2173 3048 secundum
2193 3010 2295 3046 illam
2325 3009 2450 3059 dispo-

1396 3067 1571 3104 sitionem
1599 3067 1642 3103 fit
1668 3065 1814 3103 homini
1833 3063 1848 3093 β
1876 3064 1982 3113 quasi
2011 3063 2240 3100 conveniens
2265 3070 2302 3099 et
2329 3062 2450 3099 simile

1396 3119 1549 3169 aliquod
1577 3119 1736 3164 malum,
1759 3117 1850 3154 etin
1873 3118 1958 3163 hoc,
1986 3116 2129 3153 ratione
2150 3114 2449 3162 convenientiae,

1396 3172 1514 3209 tendit
1532 3173 1706 3208 voluntas
1726 3170 1832 3218 quasi
1853 3170 1891 3206 in
1909 3170 2076 3206 bonum·
2097 3168 2186 3217 quia
2204 3169 2451 3218 unumquod-

1395 3237 1469 3274 que
1490 3225 1698 3261 secundum
1724 3235 1764 3259 se
1792 3221 1936 3259 tendit
1928 3234 1966 3258 m
1994 3222 2032 3259 id
2052 3221 2156 3270 quod
2183 3221 2254 3258 sibi
2282 3228 2337 3258 est
2361 3233 2449 3258 con-

1395 3277 1564 3314 veniens.
1586 3275 1689 3312 Talis
1719 3283 1845 3312 autern
1876 3274 2069 3323 dispositio
2099 3281 2275 3323 corrupta
2301 3275 2364 3311 vel
2395 3281 2450 3311 est

1396 3330 1528 3378 aliquis
1555 3328 1705 3366 habitus
1733 3327 1935 3376 acquisitus
1964 3340 2009 3364 ex
2037 3327 2322 3375 consuetudine,
2352 3339 2450 3375 quae

332 3447 358 3479 α)
378 3447 416 3471 ad
433 3446 558 3472 subitum.
575 3460 594 3464 -
611 3445 697 3470 subito
716 3445 767 3470 EF.

331 3481 356 3515 β)
370 3482 407 3515 fit
426 3481 534 3507 homini.
552 3495 570 3500 -
588 3481 623 3506 sit
642 3481 737 3505 bonum
753 3480 878 3512 1KpB,fit
889 3480 950 3505 boni
968 3479 1066 3512 LpDH¹
1081 3479 1116 3504 sit
1129 3479 1228 3504 homini
1241 3479 1270 3504 E.
1289 3479 1339 3503 Pro

421 3535 531 3559 Surum:
550 3534 651 3558 ΤΗΣ-τοι.
671 3533 702 3558 D.
715 3533 829 3557 Tuosne
848 3532 878 3557 T.
903 3533 943 3557 lv.

1393 3445 1482 3476 quasi,
1501 3447 1527 3469 et
1545 3444 1621 3477 quasi
1643 3443 1849 3468 ABCDGHIKL.
1866 3457 1885 3462 -
1907 3443 1957 3467 Pro
1976 3443 2002 3467 ἱη
2023 3442 2082 3473 hoc,
2106 3443 2154 3468 hoc
2178 3443 2256 3467 modo
2279 3443 2449 3467 ABCEFGHI

1392 3479 1487 3511 KLpD.

2276 3537 2305 3554 10
