2840 4010
85 267 93 276 ⁵
109 265 175 287 Vers.
190 270 220 290 14·

89 637 97 645 ·
113 636 163 656 Art.
180 635 283 662 praeced.

86 1213 96 1223 ““
112 1212 176 1233 Vers.
192 1218 216 1233 ιι.

89 1529 98 1537 ”
112 1529 161 1550 Art.
178 1528 281 1555 praeced.
292 1544 297 1554 ,

88 1555 116 1576 ad
130 1561 158 1581 4,
172 1561 191 1582 5.

87 1947 97 1958 ⁸
113 1946 177 1968 Vers.
193 1953 217 1968 ιι.

87 2107 96 2118 '¹
115 2106 181 2128 Vers.
198 2112 218 2134 17
235 2113 285 2135 sqq.

323 177 396 222 248

376 255 450 291 SED
479 265 624 291 CONTRA
647 265 712 290 asr
740 252 843 302 quod
865 250 997 288 dicitur
1024 250 1134 286 Deut.
1155 259 1239 283 xvui
1258 246 1295 283 *ε
1322 247 1377 284 Tu

323 312 446 346 autem
466 318 489 343 a
517 306 682 343 Domino
711 307 792 342 Deo
817 310 878 340 tuo
908 303 1015 340 aliter
1042 300 1224 337 institutus
1252 311 1311 336 es:
1333 311 1378 336 ex

323 372 400 408 quo
428 366 552 418 potest
581 358 698 406 accipi
733 357 837 405 quod
863 353 1082 392 huiusmodi
1112 351 1378 389 observantiae

322 419 408 449 sunt
434 412 620 448 institutae
650 423 671 446 a
699 411 782 446 Deo
812 408 860 444 ad
889 407 1083 456 quandam
1113 405 1316 463 specialem
1339 405 1379 442 il-

323 465 392 502 lius
419 463 551 512 populi
587 461 901 520 praerogativam.
932 460 1023 496 Non
1051 469 1140 505 ergo
1179 465 1264 494 sunt
1292 457 1379 495 irra-

322 517 530 562 tionabiles,
551 523 615 551 aut
642 515 721 551 sine
751 525 875 550 causa.

377 571 599 606 RESPONDEO
620 578 802 603 DlCENDUM
822 565 926 613 quod
946 564 1111 612 populus
1135 563 1377 611 Iudaeorum,

323 629 364 658 ut
391 633 504 669 supra
532 620 552 641 ²¹³
581 619 721 656 dictum
752 626 817 664 est,
839 616 1047 666 specialiter
1071 624 1150 653 erat
1179 616 1379 664 deputatus

324 674 372 710 ad
401 674 542 709 cultum
572 671 765 716 divinum3
794 678 829 706 et
856 670 952 706 inter
980 681 1057 716 eos,
1084 669 1294 717 specialiter
1321 682 1379 707 sa-

325 726 504 762 cerdotes.
526 726 574 761 Et
602 724 695 760 sicut
723 723 817 760 aliae
846 735 905 759 res
934 734 1032 771 quae
1066 722 1303 771 applicantur
1331 723 1379 760 acl

324 779 464 815 cultum
502 777 694 823 divinum,
726 776 893 825 aliquam
932 774 1201 823 specialitatem
1241 775 1380 812 debent

322 831 475 877 habere,
505 831 609 879 quod
636 829 795 878 pertinet
824 829 872 873 ad
900 827 1231 865 honorificentiam
1265 828 1380 866 divini

325 885 460 929 cultus;
489 882 539 919 ita
559 882 670 919 etiam
691 890 727 918 et
754 882 791 918 in
811 880 1100 918 conversatione
1120 880 1216 917 illius
1234 881 1379 930 populi,

325 944 360 973 et
387 935 588 985 praecipue
618 935 875 981 sacerdotum,
903 934 1117 971 debuerunt
1146 945 1228 970 esse
1257 934 1381 983 aliqua

324 989 499 1038 specialia
519 988 760 1036 congruentia
788 988 837 1024 ad
857 987 999 1024 cultum
1027 986 1211 1034 divinum,
1226 987 1289 1023 vel
1308 987 1381 1036 spi-

324 1042 495 1079 ritualem
531 1042 592 1078 vel
622 1041 871 1089 corporalem.
900 1040 1032 1076 Cultus
1065 1047 1193 1076 autem
1220 1039 1311 1087 legis
1338 1041 1382 1077 fi—

324 1095 482 1143 gurabat
515 1094 737 1142 mysterium
768 1093 923 1130 Christi:
954 1093 1054 1130 unde
1084 1092 1214 1129 omnia
1247 1105 1382 1130 eorum

324 1155 427 1195 gesta
454 1146 667 1194 figurabant
687 1159 732 1183 ea
761 1158 859 1194 quae
880 1146 929 1183 ad
957 1145 1148 1182 Christum
1173 1145 1382 1194 pertinent;

326 1200 536 1237 secundum
574 1200 664 1236 illud
694 1200 707 1236 Ι
742 1199 828 1236 Cor.
857 1210 879 1235 x
907 1198 944 1235 *z
979 1198 1114 1235 Omnia
1150 1197 1186 1235 in
1204 1199 1383 1249 figuram

325 1253 590 1302 contingebant
611 1251 691 1289 illis.
714 1251 762 1288 Et
789 1251 877 1289 ideo
898 1250 1061 1288 rationes
1090 1251 1227 1287 harum
1257 1251 1384 1289 obser-

324 1305 539 1343 vantiarum
560 1304 756 1354 dupliciter
771 1304 951 1352 assignari
966 1310 1140 1353 possunt:
1157 1316 1236 1340 uuo
1251 1305 1383 1353 modo,

325 1358 535 1395 secundum
557 1357 841 1406 congruentiam
862 1357 910 1394 ad
931 1357 1102 1394 divinum
1129 1356 1285 1403 cultum3
1311 1357 1384 1395 alio

326 1411 458 1454 modo,
476 1411 687 1448 secundum
703 1410 808 1459 quod
829 1411 992 1459 figurant
1006 1409 1149 1459 aliquid
1165 1409 1261 1447 circa
1277 1410 1383 1448 Chri-

327 1464 537 1502 stianorum
564 1464 695 1500 vitam.

378 1520 436 1554 An
452 1529 588 1554 PRIMUM
607 1529 704 1554 ERGO
725 1527 908 1554 morannum
919 1515 1035 1565 quod,
1052 1515 1146 1553 sicut
1166 1527 1280 1565 supra
1293 1517 1314 1539 *
1333 1516 1386 1555 di-

327 1578 428 1607 ctum
456 1578 522 1617 est,
546 1570 683 1618 duplex
712 1568 881 1618 pollutio,
903 1569 964 1606 vel
984 1568 1231 1616 immunditia,
1257 1570 1386 1608 obser-

325 1624 487 1660 vabatur
514 1623 551 1660 in
579 1624 676 1670 lege:
706 1635 782 1659 una
811 1621 967 1670 quidem
998 1622 1142 1670 culpae,
1171 1634 1241 1671 per
1265 1629 1384 1672 'quam

325 1677 565 1725 polluebatur
584 1676 730 1721 anima3
752 1675 825 1712 alia
840 1682 968 1711 autern
990 1673 1242 1724 corruptionis
1262 1676 1384 1714 cuius-

327 1729 428 1776 dam,
449 1741 516 1777 per
535 1741 652 1777 quam
681 1727 969 1778 quodammodo
990 1728 1207 1776 inquinatur
1234 1738 1383 1779 corpus.

327 1782 541 1830 Loquendo
571 1781 680 1829 igitur
708 1783 754 1819 de
783 1780 907 1830 prima
927 1780 1180 1828 immunditia,
1201 1782 1303 1819 nulla
1323 1794 1384 1831 ge-

326 1846 416 1872 nera
446 1835 617 1872 ciborum
654 1834 853 1871 immunda
881 1841 984 1880 sunt,
1013 1835 1075 1871 vel
1104 1834 1301 1872 hominem
1330 1835 1384 1873 in-

327 1887 482 1937 quinare
502 1895 672 1936 possunt,
694 1888 903 1924 secundum
925 1898 1034 1924 suam
1065 1894 1255 1925 naturam:
1280 1887 1383 1926 unde

327 1939 459 1978 dicitur
487 1941 620 1977 Matth.
641 1952 688 1978 xv
707 1940 742 1976 *ε
772 1941 861 1977 Non
883 1940 984 1988 quod
1005 1939 1119 1976 intrat
1145 1941 1182 1977 in
1211 1951 1263 1988 ος,
1284 1941 1384 1979 coin-

326 1994 455 2042 quinat
472 1994 680 2037 hominem‚·
707 1994 773 2030 sed
791 2005 887 2042 quae
899 1993 1111 2041 procedunt
1131 1993 1177 2030 de
1195 2005 1272 2042 ore,
1292 1994 1385 2032 haec

328 2047 572 2095 coinquinant
596 2047 803 2090 hominem,·
829 2054 864 2083 et
893 2046 1090 2095 exponitur
1117 2047 1193 2083 hoc
1221 2047 1268 2084 de
1295 2058 1384 2097 pec-

326 2099 415 2136 catis
432 2101 462 2136 ³¹².
485 2101 648 2137 Possunt
670 2107 799 2136 tamen
823 2099 937 2147 aliqui
958 2099 1030 2136 cibi
1049 2111 1117 2148 per
1136 2099 1311 2147 accidens
1331 2101 1384 2138 in-

327 2153 483 2201 quinare
513 2152 696 2189 animam:
723 2152 947 2201 inquantum
977 2152 1116 2189 scilicet
1136 2160 1266 2190 contra
1295 2154 1384 2191 obe-

327 2205 507 2243 dientiam
544 2206 606 2242 vel
633 2212 790 2253 votum,
825 2206 886 2242 vel
923 2204 1040 2242 nimia
1079 2205 1383 2256 concupiscenda

302 2274 305 2276 ’
328 2260 599 2304 comeduntur3
628 2259 690 2295 vel
709 2258 934 2307 inquantum
958 2259 1142 2307 praebent
1170 2259 1382 2297 fomentum

326 2311 503 2401 ltssxuriae,
525 2319 678 2360 propter
706 2311 811 2359 quod
839 2310 951 2360 aliqui
981 2323 1001 2348 a
1030 2311 1121 2348 vino
1143 2319 1179 2348 et
1207 2312 1383 2350 carnibus

327 2377 348 2401 a
378 2371 525 2401 stinent.

380 2417 600 2454 Secundum
637 2425 763 2454 autem
803 2417 1039 2465 corporalem
1082 2417 1398 2466 immunditiam,-

326 2482 423 2518 quae
454 2478 508 2506 est
537 2469 787 2518 corruptionis
816 2469 1029 2517 cuiusdam,
1060 2469 1208 2519 aliquae
1237 2470 1380 2508 anima-

325 2522 417 2559 lium
457 2533 587 2559 carnes
625 2522 905 2560 immunditiam
934 2523 1096 2560 habent:
1125 2524 1188 2560 vel
1220 2524 1309 2573 quia
1337 2536 1381 2562 ex

327 2574 441 2612 rebus
461 2574 667 2612 immundis
692 2575 915 2622 nutriuntur,
938 2575 1032 2613 sicut
1055 2588 1210 2624 porcus;
1232 2585 1296 2627 aut
1313 2576 1381 2614 im-

326 2628 468 2664 munde
490 2636 772 2675 conversantur,
791 2628 886 2665 sicut
905 2629 1096 2677 quaedam
1117 2629 1293 2667 animalia
1311 2630 1381 2667 sub

325 2688 422 2718 terra
451 2680 656 2718 habitantia
677 2687 707 2728 Υ,
735 2681 829 2718 sicut
861 2682 984 2730 talpae
1017 2687 1052 2718 et
1079 2693 1207 2719 mures
1239 2690 1275 2720 et
1310 2682 1380 2720 alia

324 2733 564 2781 huiusmodi,
598 2734 700 2771 unde
731 2734 843 2771 etiam
872 2735 1064 2782 quendam
1094 2735 1254 2772 fetorem
1292 2746 1381 2773 con-

325 2787 495 2833 trahunt3
524 2788 586 2824 vel
616 2787 704 2835 quia
733 2799 867 2824 eorum
898 2799 1039 2835 carnes,
1069 2795 1225 2837 propter
1252 2798 1381 2838 super-

324 2839 442 2876 fluam
471 2839 735 2878 humiditatem
753 2841 816 2877 vel
845 2840 1061 2887 siccitatem,
1088 2849 1286 2890 corruptos
1313 2841 1381 2878 hu-

326 2903 452 2929 mores
481 2892 518 2929 in
549 2893 771 2942 corporibus
801 2893 977 2930 humanis
996 2901 1186 2941 generant.
1217 2892 1266 2931 Et
1292 2893 1379 2932 ideo

324 2945 535 2992 prohibitae
565 2953 651 2982 sunt
680 2946 732 2983 eis
753 2958 884 2983 carnes
913 2946 1131 2983 animalium
1161 2946 1381 2984 habentium

326 2998 458 3044 soleas,
479 2998 575 3036 idest
594 3001 774 3058 ungulam
795 2997 943 3036 unam⁶
968 3011 1046 3036 non
1067 2999 1210 3047 fissam,
1227 3007 1382 3059 propter

326 3061 457 3087 eorum
487 3051 799 3089 terrestreitatem.
827 3053 876 3088 Et
904 3051 1073 3089 similiter
1101 3059 1187 3089 sunt
1206 3052 1266 3090 eis
1292 3063 1381 3102 pro-

325 3101 462 3140 hibitae
493 3116 623 3140 carnes
651 3104 869 3141 animalium
899 3105 1121 3142 habentium
1154 3106 1291 3143 multas
1319 3106 1381 3143 fis-

327 3167 430 3191 suras
467 3156 505 3193 in
533 3157 714 3205 pedibus,
742 3158 829 3206 quia
862 3165 948 3195 sunt
981 3157 1093 3195 nimis
1131 3158 1317 3196 cholerica
1347 3165 1383 3195 et

327 3207 473 3245 adusta:
491 3209 584 3245 sicut
600 3221 729 3247 carnes
749 3210 867 3247 leonis
883 3218 918 3247 et
932 3210 1164 3248 huiusmodi.
1181 3211 1230 3248 Et
1245 3210 1381 3248 eadem

327 3258 469 3296 ratione
497 3261 707 3310 prohibitae
740 3271 825 3299 sunt
855 3263 906 3300 eis
936 3275 1026 3300 aves
1055 3263 1245 3312 quaedam
1274 3275 1382 3313 rapa-

378 3355 405 3388 γ)
419 3356 465 3380 sub
480 3359 552 3380 ter-ra
567 3357 722 3382 habitantia.
734 3371 752 3377 —
765 3365 831 3390 quae
845 3358 910 3390 (om.
923 3359 953 3390 F)
971 3361 996 3384 in
1012 3363 1085 3384 terra
1099 3363 1292 3385 conversantur
1305 3359 1356 3385 EF.
1365 3373 1384 3379 -

327 3390 377 3414 Pro
395 3391 533 3422 quendam,
553 3393 681 3423 quaedam
700 3393 763 3416 DEI.

379 3424 403 3457 δ)
424 3432 512 3450 unam.
530 3439 548 3444 -
567 3434 645 3451 unam
665 3429 816 3452 continuam
836 3429 866 3456 Κ,
885 3428 1037 3453 continuam
1059 3429 1085 3453 Ρ.

380 3461 401 3491 ε)
421 3460 506 3485 medie
524 3462 746 3492 complexionata.
764 3476 782 3481 -
801 3463 902 3487 mediae
919 3465 1111 3495 complexionis
1131 3464 1175 3488 Pa.

378 3495 403 3527 ζ)
422 3502 559 3520 concessae
569 3497 654 3528 magis
663 3500 852 3528 temperatae.-
859 3505 980 3522 concessa
991 3499 1078 3531 magis
1088 3502 1234 3531 temperata
1243 3501 1316 3525 codd.
1324 3505 1347 3524 et
1355 3507 1381 3524 α.
1407 3490 1411 3530 Ι

1735 44 1750 53 4

1014 169 1278 216 QUAESTIO
1311 166 1717 213 CII,ART1CULUS
1745 166 1795 202 Vl

1435 257 1509 292 ces,
1531 257 1630 293 quae
1651 252 1736 281 sunt
1763 244 1904 281 nimiae
1925 244 2114 292 siccitatis;
2136 254 2172 284 et
2191 247 2382 295 quaedam
2402 259 2492 285 aves

1434 297 1645 346 aquaticae,
1675 304 1831 346 propter
1855 309 2053 334 excessum
2082 298 2327 337 humiditatis.
2357 299 2493 337 Simili—

1433 358 1490 388 ter
1523 351 1633 389 etiam
1663 349 1817 399 quidam
1845 349 1968 398 pisces
1997 362 2076 391 non
2104 351 2287 389 habentes
2314 352 2491 402 pinnulas

1435 411 1471 440 et
1495 415 1696 452 squamas,
1725 410 1766 440 ut
1793 402 1978 450 anguillae
2005 410 2041 439 et
2068 402 2310 452 huiusmodi,
2337 413 2494 455 propter

1435 468 1631 493 excessum
1659 455 1902 493 humiditatis.
1934 456 2030 492 Sunt
2057 462 2185 492 autem
2220 456 2274 493 eis
2312 469 2493 499 concessa

1435 510 1482 547 ad
1511 521 1619 546 esum
1649 508 1824 546 animalia
1857 507 2084 546 ruminantia
2104 515 2140 545 et
2166 508 2348 546 findentia
2374 521 2493 559 ungu-

1435 562 1530 609 lam,
1559 562 1648 610 quia
1667 563 1810 599 habent
1835 562 2018 599 humores
2038 561 2135 598 bene
2156 560 2332 609 digestos,
2353 569 2390 599 et
2407 571 2494 600 sunt

1435 590 1559 652 med'ie
1589 614 1942 663 complexionata.
1910 619 1942 636 ἐ·
1972 614 2060 663 quia
2084 626 2156 651 nec
2176 621 2271 651 sunt
2297 614 2494 659 nimii-›hu-⁴

1435 667 1550 715 mida,
1572 667 1678 726 quod
1697 667 1908 715 significant
1926 643 2109 715 ungulae3
2130 679 2256 715 neque
2277 674 2364 704 sunt
2381 667 2494 706 nimis

1434 721 1632 767 terrestria,
1655 732 1743 756 cum
1763 732 1841 757 non
1868 721 2034 757 habeant
2052 720 2233 768 ungulam
2258 720 2492 768 continuam,

1436 773 1504 810 sed
1531 774 1674 810 fissam.
1706 774 1746 809 In
1775 772 1940 821 piscibus
1969 774 2082 810 etiam
2122 772 2294 809 concessi
2326 781 2413 810 sunt
2441 772 2494 810 eis

1434 826 1558 875 pisces
1579 825 1772 873 sicciores,
1798 826 1902 874 quod
1930 826 2163 874 significatur
2188 838 2258 874 per
2284 826 2359 863 hoc
2387 826 2494 874 quod

1435 880 1577 916 habent
1605 891 1784 927 squamas
1813 886 1849 915 et
1875 878 2069 927 pinnulas:
2098 891 2168 927 per
2186 880 2261 915 hoc
2291 878 2392 915 enim
2413 879 2493 916 effi-

1437 932 1530 969 citur
1565 939 1773 980 temperata
1811 931 2023 980 complexio
2060 931 2219 969 humida
2250 931 2425 980 piscium.
2452 933 2494 969 In

1436 985 1571 1022 avibus
1610 985 1722 1021 etiam
1757 991 1843 1021 sunt
1871 983 1924 1021 eis
1957 996 2160 1023 concessae
2198 984 2318 1032 magis
2349 992 2493 1034 tempe-

1437 1046 1538 1075 ratae
1568 1037 1591 1085 ζ,
1626 1038 1719 1074 sicut
1751 1036 1921 1084 gallinae,
1950 1034 2136 1085 perdices,
2171 1045 2207 1074 et
2238 1037 2333 1074 aliae
2365 1037 2493 1075 huius-

1439 1091 1555 1128 modi.
1577 1112 1600 1118 -
1625 1091 1708 1127 Alia
1737 1090 1830 1127 ratio
1860 1089 1928 1126 fuit
1955 1089 1994 1126 in
2023 1090 2311 1127 detestationem
2338 1090 2495 1128 idolola-

1438 1144 1541 1181 triae.
1571 1142 1673 1180 Nam
1694 1143 1861 1202 gentiles,
1892 1150 1928 1179 et
1954 1142 2158 1191 praecipue
2186 1142 2374 1193 Aegyptii,
2399 1143 2495 1182 inter

1439 1209 1535 1245 quos
1565 1204 1670 1233 erant
1697 1195 1834 1242 nutriti,
1855 1194 2076 1232 huiusmodi
2104 1195 2279 1232 animalia
2304 1194 2494 1245 prohibita

1438 1249 1548 1287 idolis
1568 1249 1829 1296 immolabant,
1849 1249 1912 1286 vel
1933 1247 1986 1285 eis
2001 1247 2051 1285 ad
2075 1246 2262 1285 maleficia
2279 1244 2494 1297 utebantur.

1439 1301 1628 1340 Animalia
1659 1314 1752 1339 vero
1791 1313 1889 1350 quae
1925 1300 2074 1338 Iudaeis
2113 1307 2200 1337 sunt
2234 1308 2416 1338 concessa
2444 1302 2496 1340 ad

1441 1367 1569 1404 esum,
1599 1367 1677 1392 non
1716 1352 1990 1402 comedebant,
2021 1353 2089 1391 sed
2122 1365 2167 1390 ea
2194 1360 2377 1402 tanquam
2405 1352 2498 1393 deos

1441 1408 1636 1453 colebant;
1664 1408 1726 1445 vel
1749 1415 1905 1457 propter
1923 1405 2036 1444 aliam
2057 1417 2213 1444 causam
2233 1407 2281 1444 ab
2303 1404 2355 1443 eis
2384 1407 2499 1444 absti-

1439 1462 1591 1509 nebant,
1615 1469 1657 1498 ut
1685 1473 1798 1510 supra
1818 1460 1838 1482 '¹‘
1866 1459 2009 1502 dictum
2039 1467 2104 1497 est.
2126 1481 2150 1487 —
2169 1457 2299 1496 Tertia
2327 1459 2421 1496 ratio
2443 1468 2499 1498 est

1436 1514 1489 1551 ad
1517 1514 1722 1551 tollendam
1759 1513 1918 1551 nimiam
1956 1513 2187 1562 diligentiam
2220 1510 2317 1549 circa
2346 1512 2496 1550 cibaria.

1440 1566 1489 1604 Et
1516 1567 1603 1604 ideo
1633 1564 1897 1604 conceduntur
1917 1565 1978 1603 illa
1997 1565 2175 1607 animalia
2194 1574 2294 1614 quae
2324 1565 2371 1603 de
2399 1566 2497 1604 facili

1439 1628 1475 1657 et
1502 1620 1541 1657 in
1569 1628 1748 1669 promptu
1775 1619 1908 1657 haberi
1935 1626 2106 1668 possunt.

1493 1673 1723 1711 Generaliter
1749 1681 1879 1710 tamen
1898 1671 2111 1722 prohibitus
2140 1679 2196 1709 est
2218 1671 2271 1709 eis
2302 1682 2388 1709 esus
2412 1682 2498 1711 san-

1438 1725 1559 1774 guinis
1579 1731 1596 1753 ⁷¹
1626 1734 1661 1763 et
1685 1726 1805 1774 adipis
1826 1725 2025 1762 cuiuslibet
2047 1723 2220 1762 animalis
2238 1723 2270 1761 ²¹⁸.
2298 1722 2498 1773 Sanguinis

1439 1778 1608 1827 quidem,
1625 1787 1705 1816 tum
1736 1779 1783 1816 ad
1810 1778 2006 1816 vitandam
2025 1777 2304 1838 crudelitatem,
2327 1785 2385 1822 ut
2398 1777 2499 1816 dete-

1439 1840 1624 1869 starentur
1651 1833 1865 1870 humanum
1902 1830 2126 1880 sanguinem
2156 1830 2374 1878 effundere,
2404 1830 2500 1878 sicut

1439 1895 1553 1934 supra
1567 1884 1587 1906 ’¹‘
1606 1885 1748 1922 dictum
1769 1892 1834 1922 est
1865 1885 1969 1922 Tum
1991 1882 2103 1921 etiam
2124 1883 2172 1921 ad
2197 1860 2397 1922 vitandum
2414 1882 2498 1931 ido-

1439 1938 1604 1975 lolatriae
1635 1938 1767 1975 ritum:
1798 1938 1887 1987 quia
1925 1950 2059 1975 eorum
2094 1936 2331 1974 consuetudo
2361 1943 2440 1975 erat
2457 1945 2500 1975 ut

1440 1991 1536 2027 circa
1556 1991 1777 2050 sanguinem
1797 1998 2068 2039 congregatum
2089 1990 2347 2028 adunarentur
2366 1990 2416 2028 ad
2436 2000 2498 2031 co-

1438 2043 1700 2081 medendum
1693 2056 1731 2080 1n
1758 2040 1948 2081 honorem
1966 2043 2171 2090 idolorum,
2192 2042 2330 2092 quibus
2349 2050 2499 2093 reputa-

1439 2098 1530 2134 bant
1549 2097 1771 2145 sanguinem
1800 2094 2106 2156 acceptissimum
2127 2108 2220 2134 esse.
2242 2094 2292 2134 Et
2313 2095 2400 2134 ideo
2420 2094 2500 2135 Do-

1439 2150 1565 2187 minus
1594 2149 1822 2187 mandavit*
1842 2151 1946 2209 quod
1975 2149 2125 2200 sanguis
2155 2148 2433 2197 effunderetur,
2463 2150 2536 2193 et·

1439 2204 1543 2252 quod
1571 2204 1726 2252 pulvere
1757 2203 1975 2252 operiretur.
1993 2224 2016 2231 -
2033 2203 2082 2240 Et
2109 2210 2263 2252 propter
2284 2202 2359 2240 hoc
2384 2178 2503 2267 etiam

1438 2255 1671 2305 prohibitum
1701 2264 1756 2293 est
1784 2255 1837 2293 eis
1866 2256 2070 2294 comedere
2104 2254 2283 2294 animalia
2311 2247 2503 2306 Suffocata

1437 2308 1499 2347 vel
1528 2309 1807 2357 strangulata&
1837 2309 1926 2358 quia
1955 2309 2107 2369 sanguis
2137 2320 2271 2346 eorum
2291 2321 2371 2347 non
2389 2309 2497 2360 sepa-

1438 2360 1613 2400 raretur⁰
1634 2374 1655 2398 a
1685 2374 1807 2399 carne.
1828 2362 1899 2399 Vel
1927 2362 2015 2411 quia
2042 2362 2081 2399 in
2109 2362 2172 2399 tali
2201 2369 2324 2399 morte
2351 2362 2504 2407 anima--

1437 2415 1485 2452 lia
1517 2415 1679 2452 multum
1700 2415 1935 2463 affliguntur;
1965 2423 2002 2452 et
2029 2415 2220 2452 Dominus
2247 2415 2368 2452 voluit
2386 2427 2454 2452 eos
2473 2427 2496 2466 a

1438 2468 1655 2505 crudelitate
1683 2468 1884 2517 prohibere
1914 2468 2028 2505 etiam
2050 2468 2147 2505 circa
2166 2466 2344 2505 animalia
2372 2468 2495 2516 bruta,

1437 2529 1478 2558 ut
1505 2534 1573 2570 per
1592 2522 1666 2558 hoc
1695 2522 1814 2570 magis
1834 2521 2054 2559 recederent
2083 2532 2104 2558 a
2134 2520 2351 2558 crudelitate
2373 2521 2496 2558 homi-

1437 2573 1506 2621 nis,
1517 2572 1930 2624 habentesJexercitiurn
1941 2573 2089 2624 pietatis
2106 2574 2220 2611 etiam
2233 2573 2332 2611 circa
2342 2573 2494 2612 bestias.

1436 2648 1460 2655 -
1480 2627 1613 2676 Adipis
1634 2627 1747 2664 etiam
1769 2639 1854 2664 esus
1873 2634 1880 2648 ‘
1905 2626 2116 2677 prohibitus
2141 2634 2196 2664 est
2220 2626 2284 2674 eis,
2305 2634 2386 2664 tum
2407 2627 2496 2676 quia

1436 2681 1656 2717 idololatrae
1678 2680 1932 2718 comedebant
1951 2680 2110 2718 illumin
2124 2681 2312 2717 honorem
2333 2680 2496 2717 deorum

1436 2745 1605 2770 suorum.
1628 2733 1731 2770 Tum
1753 2733 1867 2770 etiam
1888 2733 1975 2782 quia
1996 2733 2238 2770 cremabatur
2252 2732 2290 2770 in
2306 2733 2495 2771 honorem

1436 2786 1520 2823 Dei.
1551 2787 1653 2823 Tum
1685 2786 1796 2823 etiarn
1826 2786 1916 2836 quia
1944 2786 2096 2834 sanguis
2125 2794 2160 2823 et
2189 2785 2307 2835 adeps
2335 2797 2414 2824 non
2433 2797 2496 2834 ge-

1435 2847 1569 2876 nerant
1597 2840 1742 2876 bonum
1769 2839 2060 2877 nutrimentum:
2082 2839 2186 2888 quod
2212 2849 2284 2889 pro
2305 2851 2420 2876 causa
2440 2842 2495 2876 in-

1437 2891 1539 2930 ducit
1563 2892 1690 2928 Rabbi
1719 2892 1876 2940 Moyses
1904 2892 1934 2930 ⁹⁸.
1961 2913 1983 2920 -
2015 2891 2143 2930 Causa
2173 2898 2301 2929 autem
2329 2890 2496 2942 prohibi-

1436 2944 1547 2981 tionis
1568 2957 1654 2982 esus
1674 2956 1883 2992 nervorum
1909 2945 2127 2994 exprimitur
2151 2944 2243 2983 Gen.
2264 2956 2359 2983 xxxu
2377 2944 2411 2993 ²¹¹,
2431 2943 2533 2982 ubi

1437 2997 1571 3036 dicitur
1608 2997 1713 3046 quod
1742 3009 1816 3034 non
1845 2998 2044 3035 comedunt
2058 2997 2138 3047 filii
2169 2998 2293 3035 Israel
2319 3009 2496 3046 nervum,

1437 3063 1480 3088 eo
1500 3051 1601 3099 quod
1617 3051 1779 3100 tetigerit
1805 3062 1961 3088 nervum
1968 3052 2136 3100 femoris
2163 3050 2292 3098 Iacob,
2313 3056 2350 3088 et
2375 3051 2497 3088 obstu-

1430 3104 1567 3152 puerit.

1491 3156 1673 3204 Figuralis
1684 3163 1812 3193 autem
1828 3157 1921 3194 ratio
1937 3157 2076 3194 horum
2093 3165 2149 3195 est
2174 3156 2266 3205 quia
2283 3167 2352 3206 per
2368 3156 2497 3194 omnia

1437 3209 1657 3246 huiusmodi
1687 3209 1865 3247 animalia
1896 3209 2087 3259 prohibita
2106 3216 2122 3232 2
2152 3209 2395 3259 designantur
2431 3206 2497 3246 ali-

1439 3275 1513 3311 qua
1545 3270 1720 3311 peccata,
1750 3263 1789 3300 in
1818 3274 1983 3312 quorum
2022 3263 2184 3312 figuram
2221 3262 2283 3300 illa
2320 3258 2497 3300 animalia

1489 3360 1516 3390 η)
1535 3359 1682 3391 sanguinis.
1701 3372 1719 3378 -
1737 3359 1822 3383 omnis
1841 3359 1980 3392 sanguinis
1998 3358 2044 3383 Pa.

1489 3392 1514 3426 θ)
1533 3397 1713 3426 separaretur.
1731 3408 1750 3413 —
1767 3397 1910 3426 separatur
1929 3394 2021 3419 PDFa.

1490 3428 1509 3461 ι)
1528 3430 1622 3460 Adipis
1636 3430 1715 3454 etiam
1729 3436 1796 3454 esus.
1809 3442 1827 3447 —
1842 3429 1931 3461 Adeps
1943 3429 2023 3454 etiam
2038 3429 2055 3459 Ι,
2069 3429 2158 3461 Adeps
2171 3430 2258 3453 autem
2274 3426 2304 3457 K,
2316 3427 2402 3459 Adeps
2417 3426 2495 3452 etiam

1436 3465 1492 3489 eius
1511 3465 1597 3489 ceteri.
1615 3478 1634 3483 -
1651 3465 1702 3489 Pro
1722 3465 1802 3494 mum,
1823 3464 1890 3488 illud
1908 3463 2134 3489 ABCDEFGIKL.

1490 3500 1514 3532 κ)
1531 3500 1675 3531 prohibita.
1693 3513 1711 3519 -
1731 3499 1791 3523 Om.
1811 3499 1862 3523 EF.

1467 3588 1482 3599 ο

2523 1466 2718 1502 ’An.3,nd2.

2525 1753 2607 1802 &vide
2621 1729 2662 1776 iit.
2672 1760 2692 1782 3,
2707 1754 2737 1775 nd

2526 1895 2535 1904 ·
2551 1893 2611 1916 Ibid.

2551 2157 2632 2186 Lem't„
2647 2164 2669 2181 e.
2681 2163 2738 2185 xvii,

2525 2190 2587 2206 ven.
2602 2190 2632 2214 ¹3·

2525 2321 2673 2370 *remma-6⁰⁸⁹·
2683 2327 2724 2347 xxx
2729 2337 2738 2349 ,

2621 2373 2635 2400 ο

2522 2909 2609 2958 iffi·
2611 2907 2736 2963 ,ξ’ἕξέε.

2523 2951 2617 2984 νει-εἷ
2627 2967 2662 2991 3²·
