2840 4010
45 368 56 380 ⁸
70 368 126 396 cap.
141 372 209 389 xxxv.

46 623 256 652 ·Qu.1.xxxrv‚1rt.

46 660 71 682 υ
90 653 123 676 11·
141 653 194 680 11¹⁸,
215 659 255 680 qu.

47 695 115 716 mu,
129 691 171 710 nrt.
186 694 203 709 1.

121 2049 179 2072 culi·
192 2054 260 2078 pne-

52 2939 100 2963 ‘Cf-
127 2940 164 2962 De
193 2940 261 2962 Cim't.

50 2966 104 2995 net,
117 2966 260 2992 maxime.

38 3039 41 3042 Α
50 2992 264 3047 ἶῖαεέεοῃὲἷιῖι

913 176 1176 222 QUAESTIO
1206 176 1396 222 LXXVII,
1426 174 1718 212 ARTICULUS
1746 174 1796 211 VI

280 252 376 290 idest
403 252 520 300 ipsius
538 252 705 300 visionis,
735 265 833 302 quae
852 254 894 290 fit
912 266 981 302 per
999 255 1143 300 oculos,
1170 262 1212 290 ut
1239 255 1331 291 refe-

281 312 384 343 ratur
402 304 451 341 ad
466 305 730 352 curiositatem,
751 306 962 343 secundum
982 307 1087 354 quod
1100 306 1332 353 Augustinus

283 356 446 405 exponit,
467 358 502 393 X
527 358 691 404 Confess.
709 359 749 404 *;
778 359 858 395 sive
886 359 1067 396 referatur
1089 358 1139 395 ad
1155 358 1332 405 concupi-

283 409 464 446 scentiam
484 421 610 446 rerum
630 422 728 458 quae
744 411 904 447 exterius
924 410 1042 446 oeulis
1055 418 1330 465 proponuntur,

282 469 325 498 ut
352 461 534 498 referatur·
559 463 607 499 ad
637 463 890 511 cupiditatem,
920 462 1128 498 secundum
1157 461 1262 509 quod
1281 461 1329 497 ab

283 513 364 550 aliis
379 514 588 562 exponitur.
600 535 624 542 -
639 514 838 563 Appetitus
853 522 980 550 autem
994 513 1227 549 inordinatus
1242 513 1333 548 boni

283 565 390 603 ardui
417 566 578 614 pertinet
596 567 645 604 ad
662 566 875 614 superbiam
892 566 1011 602 vitae:
1039 576 1128 600 nam
1157 564 1334 612 superbia

284 625 340 654 est
358 618 545 666 appetitus
563 619 800 655 inordinatus
817 616 1068 663 excellentiae,
1087 624 1129 652 ut
1147 616 1301 653 inferius
1314 616 1334 638 *

283 670 438 707 dicetur.

336 723 386 760 Et
412 722 466 759 sie
490 729 594 770 patet
620 721 724 770 quod
751 721 800 758 ad
827 720 896 757 ista
927 720 996 757 tria
1024 720 1150 757 reduci
1178 727 1337 768 possunt

285 786 419 811 omnes
445 773 654 823 passiones,
682 785 779 822 quae
808 780 893 809 sunt
917 784 1029 809 causa
1047 772 1202 821 peccati.
1232 773 1335 809 Nam

284 827 332 863 ad
361 826 437 863 duo
465 825 587 874 prima
613 824 844 862 reducuntur
863 837 996 861 omnes
1024 825 1219 873 passiones
1248 837 1336 860 con—

285 877 530 926 cupiscibilis:
558 877 607 914 ad
633 877 785 914 tertium
817 884 945 914 autem
978 882 1114 914 omnes
1139 876 1337 925 passiones

284 929 497 975 irascibilis3
526 929 631 976 quod
658 929 744 966 ideo
773 942 851 966 non
881 929 1056 967 dividitur
1079 930 1116 967 in
1138 930 1227 975 duo,
1249 929 1336 976 quia

285 993 419 1019 omnes
451 981 648 1030 passiones
680 981 870 1019 irascibilis
900 982 1182 1019 conformantur
1203 985 1220 1008 Ύ
1249 993 1337 1017 con-

285 1032 535 1082 cupiscentiae
563 1033 726 1071 animali.

336 1087 395 1123 An
414 1097 551 1123 PmMUM
569 1098 667 1123 ERGO
686 1098 872 1124 DtCENDUM
886 1086 991 1135 quod
1010 1085 1218 1123 seeundum
1233 1084 1339 1132 quod

285 1138 467 1186 cupiditas
494 1138 671 1186 importat
698 1139 956 1175 universaliter
983 1138 1190 1187 appetitum
1219 1137 1339 1173 cuius-

285 1201 449 1239 cumque
469 1191 570 1237 boni,
592 1190 644 1227 sic
664 1191 776 1227 etiam
796 1191 972 1239 superbia
999 1190 1099 1227 vitae
1128 1189 1338 1226 continetur

246 1292 259 1294 ἠ
285 1243 355 1293 §pb
376 1242 588 1291 cupiditate.
617 1243 827 1290 Quomodo
847 1250 973 1280 autem
993 1241 1186 1292 cupiditas,
1207 1253 1338 1278 secun-

338 1359 364 1392 γ)
383 1360 595 1393 conformantur.
613 1374 628 1378 -
651 1360 811 1384 naturaliter
828 1360 1030 1392 conformantur
1047 1359 1076 1383 P.

2384 174 2432 221 67

1385 254 1477 290 dum
1505 254 1609 300 quod
1638 260 1693 290 est
1721 252 1881 302 speciale
1899 251 2046 299 vitium,
2071 251 2175 300 quod
2195 251 2349 288 avaritia
2368 263 2435 287 no-

1386 306 1571 352 minatur,
1601 305 1647 342 sit
1679 305 1783 342 radix
1811 305 1983 342 omnium
2009 311 2271 353 peccatorum,
2300 304 2394 340 infra
2415 304 2435 325 *
2461 311 2671 358 :Qu-mxuma·

1386 358 1538 394 dicetur.
2472 353 2478 358 ’

1438 412 1496 445 AD
1512 421 1698 446 SECUNDUM
1713 421 1896 446 DlCENDUM
1911 408 2014 457 quod
2029 407 2331 458 concupiscentia
2345 420 2435 444 ocu-

1386 461 1510 496 lorum
1530 474 1607 497 non
1627 461 1759 498 dicitur
1777 461 1836 498 hic
1855 461 2158 509 concupiscentia
2186 460 2358 497 omnium
2379 472 2434 496 re-

1386 524 1471 548 rum
1491 525 1587 560 quae
1608 513 1724 549 oculis
1742 513 1862 550 videri
1881 521 2054 562 possunt:
2076 513 2144 550 sed
2163 513 2286 549 solum
2303 524 2433 548 earum

1386 563 1424 599 in
1452 564 1588 610 quibus
1616 577 1694 601 non
1721 565 1908 613 quaeritur
1942 565 2136 603 delectatio
2169 564 2309 611 carnis,
2338 576 2435 612 quae

1389 623 1443 651 est
1470 616 1679 652 secundum
1707 624 1859 664 tactum,
1883 618 1950 654 sed
1969 619 2092 654 solum
2112 616 2306 655 delectatio
2326 616 2434 663 oculi,

1388 667 1483 703 idest
1510 667 1780 716 cuiuscumque
1809 670 2104 717 apprehensivae
2131 669 2285 706 virtutis.

1441 721 1499 755 AD
1527 731 1684 756 TERTIUM
1708 731 1888 757 mOENDUM
1908 723 2011 769 quod
2029 734 2160 758 sensus
2178 721 2282 758 visus
2302 727 2357 757 est
2377 731 2436 756 ex-

1390 771 1579 807 cellentior
1611 771 1705 808 inter
1737 784 1870 808 omnes
1903 785 2034 810 sensus
2057 772 2090 820 ⁶,
2121 782 2155 810 et
2183 773 2231 810 ad
2262 773 2369 821 plura
2397 783 2436 809 se

1391 824 1615 869 extendens,
1644 831 1685 859 ut
1713 824 1844 860 dicitur
1875 824 1914 861 in
1946 827 1960 861 I
1991 826 2205 873 Metaphys.
2225 825 2245 846 *
2274 826 2322 862 Et
2349 825 2435 861 ideo
2465 829 2474 838 ·

1391 887 1532 911 nornen
1560 875 1640 911 eius
1667 877 1884 912 transfertur
1901 877 1949 913 ad
1969 889 2102 913 omnes
2126 878 2218 913 alios
2237 889 2380 923 sensus,
2402 883 2438 912 et

1391 927 1503 963 etiarn
1524 928 1571 964 ad
1591 939 1725 963 omnes
1744 928 1937 965 interiores
1956 930 2286 977 apprehensiones,
2305 937 2347 965 ut
2361 931 2437 965 Au-

1391 979 1558 1027 gustinus
1585 979 1683 1025 dicit,
1712 979 1750 1016 in
1777 979 1871 1016 libro
1899 981 1943 1016 de
1977 981 2103 1017 Verbis
2129 981 2285 1017 Domini
2300 981 2331 1017 *.
2464 983 2673 1032 ὠὸεῧῇᾖόξξξῐ

1443 1034 1502 1068 AD
1531 1043 1702 1073 QUARTUM
1728 1044 1910 1069 mei-:noum
1933 1033 2037 1081 quod
2055 1034 2142 1080 fuga
2161 1033 2249 1069 mali
2269 1039 2440 1069 causatur
2465 1027 2675 1090 sszffissdggf’ssfff

1393 1096 1438 1120 ex
1465 1084 1632 1132 appetitu
1660 1084 1762 1130 boni,
1786 1092 1827 1121 ut
1846 1097 1958 1133 supra
1975 1085 1996 1106 '⁸
2023 1085 2164 1122 dictum
2193 1092 2258 1122 est.
2287 1085 2336 1120 Et
2353 1084 2438 1121 ideo
2466 1088 2673 1111 ·Cf-¹00·ci¹·in

1391 1143 1584 1185 ponuntur
1611 1137 1735 1172 solum
1763 1136 1958 1184 passiones
1981 1137 2196 1174 inclinantes
2215 1137 2263 1174 ad
2282 1137 2438 1182 bonum,

1391 1196 1571 1237 tanquam
1606 1200 1741 1225 causae
1775 1201 1905 1225 earum
1939 1201 2036 1237 quae
2065 1190 2205 1226 faciunt
2232 1189 2440 1226 inordinate

1391 1241 1518 1288 fugam
1544 1241 1644 1277 mali.

2467 1120 2572 1141 corpore.

2466 1141 2477 1151 ⁸
2486 1140 2533 1168 Qu.
2541 1147 2594 1167 xxv,
2602 1144 2643 1161 art.
2652 1146 2673 1166 ²:

2468 1173 2508 1194 qu.
2522 1173 2585 1193 xxix,
2600 1170 2641 1188 art.
2654 1172 2676 1188 2.

1445 1357 1470 1389 δ)
1488 1365 1586 1383 sensus.
1600 1371 1618 1376 —-
1630 1359 1697 1383 alios
1714 1366 1804 1383 sensus
1822 1359 2063 1383 PABCDGHIKLa.

1236 1435 1498 1443 ww

1090 1500 1302 1542 ARTICU
1309 1500 1406 1541 LUS
1436 1500 1641 1541 SEXTUS

771 1603 926 1633 UTRUM
949 1601 1185 1633 PECCATUM
1208 1601 1483 1631 ALLEVIETUR
1506 1600 1703 1630 PROPTER
1726 1600 1962 1631 PASSIONEM

398 1691 488 1723 Supra,
508 1698 553 1723 qu.
567 1698 631 1720 xxiv,
651 1696 696 1715 art.
718 1690 740 1720 3,
760 1691 791 1715 ad
812 1690 839 1720 33
859 1698 903 1722 qu.
918 1697 1008 1719 xxxin,
1027 1695 1073 1715 art,
1093 1688 1121 1719 63
1142 1689 1184 1713 De
1207 1689 1295 1717 Verit„
1315 1696 1358 1720 qu.
1371 1696 1440 1716 xxvi,
1460 1693 1505 1712 art.
1521 1695 1544 1719 7,
1564 1688 1594 1711 ad
1617 1694 1644 1716 1;
1665 1687 1706 1711 De
1723 1687 1805 1715 fidolo,
1825 1695 1870 1719 qu.
1882 1695 1923 1716 111,
1943 1693 1989 1713 art.
2001 1696 2019 1712 11
2026 1695 2033 1718 ;
2052 1689 2075 1712 V
2095 1688 2187 1718 fflhic„
2208 1689 2264 1713 lect.
2276 1696 2328 1713 1111.

496 1790 519 1815 n
538 1789 679 1815 saxwm
707 1790 759 1815 sn:
786 1789 1024 1815 PROCEDITUR.
1052 1777 1212 1814 Videtur
1235 1775 1341 1824 quod

380 1858 400 1871 t,
496 1838 694 1879 peccatum
731 1843 811 1867 non
839 1830 1034 1867 allevietur
1068 1837 1223 1878 propter
1255 1841 1340 1877 pas-

291 1886 347 1925 'J
365 1881 422 1925 ἕν’,
445 1890 466 1924 ff
480 1882 656 1920 sionem.
677 1885 936 1930 Augmentum
956 1882 1056 1919 enim
1074 1893 1209 1918 causae
1229 1889 1341 1928 auget

294 1912 439 1971 7143»
455 1928 486 1971 K
498 1934 691 1972 effectum:
713 1935 743 1972 si
759 1935 860 1972 enim
876 1935 1040 1972 calidum
1057 1933 1237 1980 dissolvit,
1259 1945 1340 1970 ma-

286 1988 343 2037 gis
370 1988 532 2025 calidum
553 1987 672 2035 magis
698 1988 877 2024 dissolvit.
904 1988 981 2025 Sed
998 1986 1125 2036 passio
1151 1994 1207 2023 est
1227 1997 1340 2023 causa

285 2040 443 2089 peccati,
471 2048 513 2077 ut
529 2040 701 2077 habitum
722 2047 776 2076 est
794 2040 824 2076 ³⁸.
854 2041 956 2087 Ergo
983 2046 1124 2088 quanto
1145 2046 1200 2075 est
1221 2038 1340 2075 inten-

287 2093 364 2131 sior
398 2093 546 2142 passio,
579 2100 683 2130 tanto
717 2100 772 2129 est
803 2092 926 2129 maius
963 2100 1173 2140 peccatum.
1208 2091 1339 2127 Passio

286 2144 398 2193 igitur
425 2157 503 2182 non
531 2145 666 2181 minuit
692 2152 904 2192 peccatum,
933 2146 1000 2182 sed
1027 2151 1150 2192 auget.

341 2209 376 2235 2.
406 2199 643 2244 PRAETEREA,
672 2197 767 2234 sicut
794 2209 834 2233 se
861 2197 976 2234 habet
1006 2197 1133 2245 passio
1162 2196 1264 2232 bona
1292 2195 1339 2232 ad

287 2250 478 2297 meritum,
507 2250 559 2286 ita
586 2261 626 2286 se
650 2250 764 2286 habet
791 2250 893 2286 mala
919 2249 1043 2298 passio
1062 2249 1111 2286 ad
1129 2256 1339 2297 peccatum.

289 2303 366 2343 Sed
393 2303 495 2353 bona
522 2301 650 2351 passio
678 2309 788 2349 auget
807 2301 1002 2339 meritum:
1030 2309 1134 2338 tanto
1154 2301 1256 2337 enim
1276 2300 1342 2336 ali-

187 2390 191 2392 .
231 2383 246 2401 r
287 2354 506 2405 quismagis
519 2354 669 2391 videtur
687 2354 836 2401 mereri,
853 2361 996 2402 quanto
1016 2366 1061 2391 ex
1079 2353 1214 2391 maiori
1229 2352 1341 2389 mise-

287 2403 448 2445 ricordia
465 2407 623 2456 pauperi
642 2406 828 2443 subvenit.
850 2407 951 2454 Ergo
972 2406 1086 2443 etiam
1100 2407 1200 2443 mala
1214 2405 1340 2454 passio

288 2460 409 2507 magis
438 2467 615 2507 aggravat
641 2466 840 2507 peccatum
869 2471 985 2506 quam
1012 2459 1172 2495 alleviet.

343 2513 378 2549 3.
405 2513 637 2556 PRAETEREA,
667 2519 808 2559 quanto
837 2511 1028 2548 intensiori
1053 2512 1248 2547 voluntate
1276 2509 1341 2546 ali-

259 2608 263 2612 ,
287 2564 374 2615 quis
387 2564 474 2601 facit
489 2571 700 2613 peccatum,
717 2571 821 2600 tanto
842 2563 991 2611 gravius
1005 2563 1154 2600 videtur
1168 2574 1338 2611 peccare.

289 2616 367 2654 Sed
393 2617 521 2667 passio
549 2617 748 2664 impellens
775 2617 1020 2662 voluntatem,
1050 2616 1136 2653 facit
1164 2627 1248 2652 eam
1277 2627 1343 2652 ve-

288 2669 501 2707 hementius
537 2669 623 2705 ferri
650 2669 688 2705 in
725 2676 850 2705 actum
887 2668 1043 2716 peccati.
1077 2669 1178 2715 Ergo
1213 2667 1339 2716 passio

289 2729 466 2769 aggravat
492 2728 704 2770 peccatum.

342 2774 416 2810 SED
436 2785 592 2820 CONTRA,
621 2773 747 2821 passio
775 2773 856 2821 ipsa
886 2772 1210 2820 concupiscentiae
1229 2784 1343 2808 voca-

288 2834 349 2862 tur
384 2825 537 2862 tentatio
575 2825 707 2862 carnis.
747 2825 823 2862 Sed
860 2832 1002 2873 quanto
1040 2824 1172 2873 aliquis
1209 2824 1343 2861 maiori

288 2877 493 2915 tentatione
527 2878 793 2926 prosternitur,
823 2885 926 2914 tanto
963 2877 1089 2914 minus
1120 2885 1272 2925 peccat,
1301 2884 1341 2912 ut

288 2937 390 2979 patet
404 2942 472 2978 per
490 2929 742 2978 Augustinum
752 2930 782 2967 ³⁸.
804 2931 905 2977 Ergo
924 2930 1048 2978 passio
1065 2929 1239 2966 diminuit
1256 2941 1343 2977 pec-

290 2990 427 3020 catum.

342 3036 566 3072 Respomu-:o
594 3045 777 3071 mci-:Nouii
804 3034 910 3082 quod
941 3042 1140 3082 peccatum
1166 3033 1343 3071 essentia-

289 3087 372 3124 liter
392 3087 557 3124 consistit
575 3085 614 3123 in
633 3093 719 3123 actu
736 3087 842 3124 liberi
861 3086 1009 3133 arbitrii,
1029 3087 1133 3135 quod
1154 3094 1208 3123 est
1212 3086 1343 3134 facul-

290 3146 345 3177 tas
363 3139 561 3177 voluntatis
579 3144 616 3175 et
641 3139 795 3176 rationis
813 3138 843 3175 *.
873 3138 1004 3176 Passio
1033 3146 1159 3176 autem
1182 3146 1237 3175 est
1260 3151 1344 3175 mo-

255 3191 261 3197 ’
289 3200 348 3230 tus
367 3192 552 3242 appetitus
571 3191 746 3228 sensitivi.
775 3191 974 3239 Appetitus
992 3198 1119 3232 autem
1144 3191 1343 3229 sensitivus

289 3253 414 3294 potest
441 3257 480 3281 se
509 3244 650 3281 habere
685 3243 734 3280 ad
761 3242 921 3280 liberum
955 3242 1148 3279 arbitrium
1178 3251 1214 3279 et
1241 3250 1343 3280 ante-

291 3298 478 3344 cedenter,
499 3305 536 3334 et
560 3303 845 3345 consequenter.
874 3295 1151 3332 Antecedenter
1175 3295 1340 3343 quidem,

290 3351 500 3388 secundum
531 3349 636 3398 quod
662 3348 788 3397 passio
822 3347 1007 3396 appetitus
1041 3346 1206 3384 sensitivi
1234 3347 1343 3384 trahit

343 3464 370 3496 α)
389 3464 460 3496 quin.
478 3477 497 3482 -
515 3462 567 3487 nisi
585 3462 635 3487 EF.

1393 1775 1454 1812 vel
1482 1774 1631 1811 inclinat
1662 1774 1845 1811 rationem
1881 1782 1916 1811 et
1942 1776 2194 1823 voluntatem,
2223 1783 2264 1813 ut
2291 1788 2403 1825 supra
2422 1777 2443 1799 *
2473 1785 2551 1831 “Aq-t
2566 1790 2619 1822 ¹’.²³
2639 1790 2679 1812 qu-

1394 1827 1533 1864 dictum
1554 1834 1618 1863 est.
1644 1827 1930 1874 Consequenter
1949 1836 2087 1874 autem,
2113 1829 2320 1865 secundum
2339 1830 2443 1877 quod
2470 1816 2592 1864 {3⁸5²
2608 1816 2678 1838 ‘³¹¹⁴'

1394 1887 1518 1916 motus
1538 1878 1775 1927 superiorum
1795 1878 1945 1926 virium,
1966 1880 1996 1916 si
2015 1881 2087 1917 sint
2104 1882 2361 1928 vehementes,
2386 1893 2442 1918 re-

1394 1932 1562 1969 dundant
1585 1931 1623 1968 in
1650 1931 1862 1968 inferiores:
1892 1944 1970 1969 non
1998 1933 2097 1970 enim
2126 1941 2248 1981 potest
2265 1935 2439 1970 voluntas

1392 1985 1536 2021 intense
1564 1984 1712 2021 moveri
1730 1983 1768 2020 in
1787 1983 1938 2031 aliquid,
1960 1985 2050 2032 quin
2072 1991 2088 2006 ‘²
2117 1986 2294 2023 excitetur
2320 1987 2443 2035 aliqua
2565 1990 2582 2006 α

1392 2036 1516 2085 passio
1544 2036 1582 2072 in
1611 2036 1777 2085 appetitu
1805 2036 1996 2074 sensitivo.

1446 2090 1486 2126 Si
1505 2089 1614 2135 igitur
1632 2088 1836 2137 accipiatur
1848 2089 1974 2137 passio
1994 2089 2204 2126 secundum
2219 2091 2322 2138 quod
2336 2102 2443 2138 prae-

1394 2142 1491 2178 cedit
1505 2149 1630 2177 actum
1650 2141 1804 2190 peccati,
1825 2141 1879 2177 sic
1897 2153 2050 2178 necesse
2066 2150 2122 2178 est
2139 2144 2244 2191 quod
2263 2143 2443 2179 diminuat

1393 2202 1603 2242 peccatum.
1642 2196 1759 2230 Actus
1792 2193 1892 2230 enim
1926 2194 2112 2231 intantum
2141 2202 2197 2231 est
2223 2203 2441 2243 peccatum,

1394 2247 1618 2294 inquantum
1647 2253 1702 2282 est
1728 2246 1982 2283 voluntarium
2009 2254 2045 2283 et
2063 2246 2240 2284 in'nobis
2269 2247 2438 2284 existens.

1395 2301 1436 2335 In
1455 2299 1566 2335 nobis
1585 2306 1712 2335 autem
1742 2298 1881 2346 aliquid
1901 2310 1982 2335 esse
2011 2299 2143 2336 dicitur
2161 2311 2230 2347 per
2257 2299 2440 2336 rationem

1395 2359 1430 2388 et
1448 2352 1692 2387 voluntatem.
1722 2350 1832 2387 Unde
1860 2358 2001 2399 quanto
2026 2351 2118 2398 ratio
2145 2359 2180 2387 et
2198 2352 2373 2388 voluntas
2397 2364 2442 2388 ex

1394 2416 1433 2441 se
1453 2403 1592 2452 aliquid
1611 2410 1737 2450 agunt,
1759 2415 1837 2440 non
1857 2415 1902 2440 ex
1920 2404 2085 2451 impulsu
2107 2404 2303 2451 passionis,
2325 2404 2442 2451 magis

1396 2464 1450 2493 est
1463 2456 1719 2492 voluntarium
1739 2462 1776 2491 et
1794 2456 1833 2492 in
1848 2456 1958 2492 nobis
1973 2456 2144 2493 existens.
2165 2457 2214 2492 Et
2233 2457 2442 2493 secundum

1395 2510 1468 2545 hoc
1494 2508 1620 2556 passio
1650 2507 1784 2544 minuit
1810 2515 2029 2556 peccatum,
2059 2508 2282 2556 inquantum
2310 2508 2444 2545 minuit

1394 2561 1662 2598 voluntarium.
1683 2581 1706 2587 -
1727 2560 1857 2597 Passio
1884 2568 2010 2597 autem
2039 2573 2274 2608 consequens
2293 2573 2370 2597 non
2390 2560 2443 2597 di-

1395 2614 1528 2650 minuit
1559 2620 1773 2661 peccatum‚
1808 2614 1874 2649 sed
1908 2613 2027 2660 magis
2060 2621 2188 2660 auget:
2221 2614 2282 2650 vel
2318 2613 2443 2660 potius

1396 2674 1450 2702 est
1469 2666 1616 2713 signum
1646 2665 1910 2712 magnitudinis
1938 2665 2030 2712 eius,
2059 2665 2280 2713 inquantum
2304 2664 2441 2701 scilicet

1396 2719 1627 2755 demonstrat
1649 2717 1900 2754 intensionem
1919 2717 2121 2755 voluntatis
2140 2718 2189 2754 ad
2212 2725 2337 2754 actum
2354 2729 2443 2764 pec·

1396 2771 1476 2807 cati.
1506 2771 1555 2806 Et
1577 2770 1630 2806 sic
1647 2782 1783 2807 verum
1804 2777 1859 2806 est
1877 2771 1981 2817 quod
1999 2777 2140 2817 quanto
2160 2769 2289 2817 aliquis
2309 2769 2444 2805 maiori

1394 2823 1547 2859 libidine
1579 2823 1642 2858 vel
1674 2822 1976 2871 concupiscentia
2010 2830 2160 2871 peccat,
2190 2829 2291 2858 tanto
2324 2821 2443 2868 magis

1394 2883 1536 2924 peccat.

1447 2930 1506 2964 AD
1523 2938 1659 2963 Palmum
1677 2938 1775 2963 ERGO
1794 2938 1976 2963 DiCENnuM
1994 2926 2098 2974 quod
2115 2925 2239 2974 passio
2260 2932 2314 2961 est
2329 2937 2443 2962 causa

1395 2979 1538 3029 peccati
1554 2991 1598 3015 ex
1611 2986 1716 3027 parte
1733 2979 1998 3015 conversionis.
2020 2978 2192 3015 Gravitas
2212 2985 2338 3014 autem
2353 2989 2441 3026 pec-

1397 3033 1467 3069 cati
1495 3031 1614 3079 magis
1648 3031 1846 3068 attenditur
1882 3043 1926 3067 ex
1952 3029 2310 3079 partebaversionis;
2344 3041 2442 3077 quae

1396 3085 1551 3133 quidem
1589 3095 1633 3120 ex
1666 3083 1913 3120 conversione
1950 3083 2117 3131 sequitur
2143 3094 2211 3130 per
2246 3082 2441 3129 accidens,

1396 3138 1491 3175 idest
1509 3143 1656 3185 praeter
1681 3135 1926 3172 intentionem
1952 3134 2140 3183 peccantis
2154 3135 2184 3171 ’ἦ
2206 3135 2354 3171 Causae
2377 3146 2442 3171 au-

1396 3198 1473 3226 tem
1501 3201 1569 3237 per
1595 3188 1768 3224 accidens
1803 3194 2062 3234 augmentatae
2095 3198 2174 3224 non
2199 3194 2443 3234 augmentant

1397 3242 1564 3287 effectus,
1593 3240 1660 3276 sed
1689 3240 1813 3276 solum
1842 3251 1976 3276 causae
2001 3250 2069 3287 per
2096 3250 2147 3276 se.

1448 3295 1506 3330 AD
1535 3303 1721 3329 SECUNDUM
1749 3303 1929 3328 mcennum
1957 3292 2060 3340 quod
2079 3292 2180 3328 bona
2206 3291 2333 3339 passio
2354 3303 2442 3327 con—

1397 3357 1558 3394 sequens
1576 3343 1756 3381 iudicium
1777 3344 1939 3391 rationis,
1959 3351 2177 3391 augmentat
2195 3344 2381 3381 meritum.
2403 3343 2443 3380 Si

2470 3143 2478 3152 ”
2494 3141 2521 3163 D.
2537 3141 2590 3170 998.
