2840 4010
107 742 300 769 InAppendJ
288 741 315 762 ad
349 756 352 761 .

105 769 191 819 61,νῂ
190 795 205 815 1.
194 769 315 816 gdeSSattri:

105 821 137 842 cti
127 827 148 842 ts
163 820 222 842 XLI.

102 2171 167 2198 ¹⁵Qu.
202 2176 240 2195 xu
248 2173 290 2191 art.
294 2176 313 2197 5,

102 2197 157 2223 adn
167 2203 224 2224 qud.

102 2228 144 2245 a.rt
160 2230 178 2251 5,
195 2203 271 2244 aclxi.x

103 2250 192 2277 Qu.
191 2256 250 2276 11,a
238 2253 279 2271 a.rt
295 2256 312 2275 ι;

102 2283 133 2324 ἓέ
138 2283 227 2329 ..titt
237 2280 278 2328 3¹55·
287 2283 313 2324 ᾗ.

106 2809 115 2819 “
132 2808 159 2829 D.
175 2808 213 2843 8.4'

110 3132 118 3139 '¹
134 3130 184 3150 Art.
201 3135 216 3150 1.

273 2202 314 2223 m,
343 2166 409 2203 ctis
429 2166 448 2187 ’¹‘

355 163 424 198 138

970 165 1235 210 QUAESTIO
1266 165 1512 211 LXXXVIII,
1543 166 1840 205 ARTICULUS
1868 169 1903 206 V

1131 298 1448 341 ARTICULUS
1479 299 1735 351 QUINTUS

726 400 879 430 UTRUM
909 399 1264 430 CIRCUMSTANTIA
1292 400 1438 432 POSSIT
1463 402 1632 432 FACERE
1657 403 1713 433 DE
1738 403 1910 434 VENIALI
1934 404 2144 436 MORTALE

805 486 839 510 IV
858 486 940 514 Sent„
961 486 1019 510 dist.
1039 494 1088 516 im,
1108 494 1151 519 qu.
1170 494 1207 518 111,
1227 493 1273 512 art.
1294 495 1317 517 2,
1337 490 1384 521 qu·
1400 496 1432 520 43
1453 489 1494 513 De
1514 489 1595 518 Malo,
1617 497 1660 522 qu.
1680 497 1707 518 11,
1727 496 1773 515 art.
1793 490 1823 521 8;
1843 499 1888 523 qu.
1906 499 1950 522 vn
1971 498 2018 517 art.
2037 500 2062 524 4.

395 590 440 611 ...ci
464 599 527 617 ,-
558 587 579 611 D
601 586 762 616 QUINTUM
782 586 834 611 Sic
855 585 1093 612 PROCEDITUR.
1123 575 1282 612 Videtur
1300 577 1404 624 quod

385 619 424 637 ’“”
397 620 535 749 Ἄῖῗῇ
559 627 836 663 circumstantia
864 627 983 675 possit
1011 629 1058 665 de
1086 629 1224 665 veniali
1248 637 1404 678 peccato

460 702 485 727 4
530 680 680 716 facere
709 681 880 717 mortale.
911 681 1013 717 Dicit
1032 681 1134 718 enim
1159 682 1403 729 Augustinus,

489 727 596 774 'Xin
627 745 806 769 sermone
838 734 883 770 de
918 735 1204 783 Purgatorio,
1168 735 1188 756 '¹‘
1235 735 1341 782 quod
1373 736 1407 772 si

343 788 405 824 diu
435 792 604 823 teneatur
632 786 843 832 iracundia,
872 792 907 823 et
933 788 1091 824 ebrietas
1118 788 1153 824 si
1178 788 1328 824 assidua
1347 789 1404 834 sit,

342 845 536 877 transeunt
549 840 586 875 in
603 851 802 876 numerum
812 846 1056 889 peccatorum
1076 841 1304 877 mortalium.
1327 817 1404 878 Sed

342 893 396 929 ira
426 901 461 929 et
490 892 651 929 ebrietas
684 905 762 929 non
795 901 881 929 sunt
910 905 955 929 ex
983 906 1053 929 suo
1082 905 1221 940 genere
1249 901 1404 942 peccata

343 946 536 992 mortalia,
575 946 643 982 sed
675 945 858 982 venialia:
893 946 1060 993 alioquin
1093 958 1245 994 semper
1282 955 1406 984 essent

343 999 526 1036 mortalia.
557 999 659 1046 Ergo
689 999 968 1036 circumstantia
997 999 1084 1036 facit
1111 1007 1311 1047 peccatum
1339 1013 1404 1036 ve-

343 1052 440 1089 niale
470 1064 552 1088 esse
581 1052 752 1088 mortale.
1327 1092 1331 1093 ⁷

397 1117 431 1142 2.
452 1106 685 1150 PRAETEREA,
716 1104 896 1151 Magister
925 1104 1023 1150 dicit,
1053 1116 1137 1140 xxiv
1167 1104 1248 1141 dist.
1271 1105 1302 1141 II
1323 1105 1405 1143 libri

343 1159 454 1204 Sent.,
472 1159 576 1206 quod
597 1157 805 1203 delectatio,
827 1157 856 1193 si
877 1157 922 1193 sit
941 1169 1108 1203 morosa,
1131 1165 1186 1194 est
1204 1166 1404 1206 peccatum

343 1212 522 1257 mortale3
552 1211 583 1247 si
606 1218 733 1246 autem
754 1222 832 1246 non
852 1210 897 1246 sit
924 1222 1091 1256 morosa,
1122 1219 1177 1247 est
1203 1219 1404 1259 peccatum

341 1264 501 1300 veniale.
533 1263 610 1300 Sed
638 1263 839 1300 morositas
867 1271 921 1299 est
940 1263 1131 1310 quaedam
1160 1263 1404 1301 circumstan-

341 1317 403 1353 tia.
435 1318 536 1364 Ergo
567 1316 846 1353 circumstantia
879 1316 966 1352 facit
1000 1317 1046 1353 de
1080 1325 1236 1364 peccato
1266 1318 1405 1356 veniali

342 1371 514 1406 mortale.

398 1424 431 1459 3.
454 1424 687 1469 PRAETEREA,
712 1423 796 1471 plus
821 1422 999 1459 differunt
1021 1423 1164 1459 malum
1195 1430 1231 1459 et
1258 1423 1404 1460 bonum

342 1488 459 1525 quam
471 1477 619 1513 veniale
629 1484 831 1524 peccatum
848 1483 884 1512 et
899 1477 1070 1522 mortale,
1082 1488 1248 1524 quorum
1259 1484 1403 1513 utrum-

343 1541 416 1578 que
438 1537 492 1566 est
511 1529 548 1565 in
568 1541 704 1577 genere
725 1529 827 1566 mali.
858 1529 935 1565 Sed
955 1529 1233 1565 circumstantia
1252 1530 1339 1566 facit
1357 1530 1404 1567 de

342 1590 428 1619 actu
457 1583 560 1619 bono
581 1583 743 1618 malum:
775 1582 869 1619 sicut
887 1589 990 1630 patet
1013 1595 1101 1619 cum
1121 1582 1205 1630 quis
1226 1582 1290 1619 dat
1309 1584 1405 1620 elee-

342 1648 546 1682 mosynam
574 1643 729 1683 propter
760 1636 915 1672 inanem
945 1635 1113 1682 gloriam.
1153 1636 1254 1683 Ergo
1284 1637 1403 1674 multo

341 1688 460 1735 magis
489 1696 614 1736 potest
641 1689 765 1724 facere
795 1689 842 1725 de
871 1697 1029 1736 peccato
1049 1689 1185 1725 veniali
1204 1691 1375 1727 mortale.

396 1742 470 1778 SED
491 1753 636 1778 CONTRA
655 1753 720 1777 EST
740 1741 857 1800 quod,
874 1754 960 1778 cum
983 1741 1262 1778 circumstantia
1281 1742 1326 1779 sit
1344 1755 1404 1780 ac—

343 1794 470 1831 cidens
485 1801 514 1842 ⁴²,
537 1794 723 1853 quantitas
745 1794 824 1830 eius
843 1806 921 1831 non
941 1802 1065 1843 potest
1085 1795 1268 1831 excedere
1288 1808 1405 1844 quan—

342 1847 485 1884 titatem
515 1847 632 1895 ipsius
661 1855 778 1894 actus,
809 1860 925 1896 quam
955 1849 1070 1884 habet
1090 1860 1135 1884 ex
1155 1861 1225 1885 suo
1245 1860 1402 1902 genere:

342 1913 495 1949 semper
525 1900 624 1937 enirn
646 1901 859 1937 subiectum
878 1901 1115 1949 praeeminet
1135 1901 1332 1939 accidenti.
1363 1895 1403 1939 'Si

341 1953 451 2001 igitur
479 1962 583 1990 actus
613 1966 657 1990 ex
686 1967 756 1990 suo
785 1966 924 2001 genere
951 1954 996 1991 sit
1014 1962 1214 2003 peccatum
1243 1955 1403 2004 veniale,

343 2019 420 2043 non
454 2006 591 2055 poterit
622 2019 691 2055 per
729 2007 1048 2044 circumstantiam
1086 2007 1169 2044 fieri
1204 2017 1403 2056 peccatum

342 2061 516 2096 mortale:
540 2072 627 2096 cum
647 2068 846 2109 peccatum
867 2061 1026 2097 mortale
1046 2060 1084 2097 in
1104 2060 1294 2098 infinitum
1309 2074 1404 2110 quo-

343 2113 554 2150 dammodo
585 2113 741 2150 excedat
766 2114 1014 2162 quantitatem
1034 2114 1205 2161 venialis,
1226 2121 1268 2151 ut
1287 2127 1332 2151 ex
1351 2115 1404 2152 di-

476 2174 589 2215 patet.

396 2220 620 2256 RESPONDEO
637 2231 820 2256 DICENDUM
841 2221 956 2268 quod,
978 2220 1073 2256 sicut
1092 2232 1207 2269 supra
1220 2220 1240 2242 ’¹‘
1260 2220 1403 2258 dictum

343 2279 408 2319 est,
431 2285 519 2309 curn
541 2273 587 2309 de
608 2272 895 2309 circumstantiis
915 2281 1099 2321 ageretus,
1116 2273 1403 2321 circumstantia,

341 2325 568 2373 inquantum
583 2326 815 2373 huiusmodi,
839 2334 894 2362 est
912 2326 1088 2363 accidens
1109 2334 1213 2363 actus
1233 2327 1403 2364 moralis:

342 2379 521 2426 contingit
539 2387 668 2415 tamen
693 2379 1010 2416 circumstantiam
1031 2380 1151 2428 accipi
1169 2387 1211 2416 ut
1230 2380 1405 2418 differen-

341 2432 430 2468 tiam
461 2432 678 2480 specificam
707 2440 812 2468 actus
840 2433 1006 2479 moralis,
1034 2441 1070 2469 et
1089 2441 1177 2470 tunc
1197 2433 1329 2470 amittit
1347 2446 1404 2470 ra-

341 2485 486 2522 tionem
516 2485 828 2532 circumstantiae,
859 2493 895 2522 et
923 2486 1112 2523 constituit
1136 2486 1302 2534 speciem
1322 2498 1405 2523 mo-

343 2538 428 2575 ralis
444 2545 560 2574 actus.
578 2539 663 2574 Hoc
679 2546 807 2575 autem
825 2538 1004 2586 contingit
1018 2539 1055 2576 in
1070 2539 1233 2588 peccatis
1251 2540 1404 2587 quando

343 2590 621 2628 circumstantia
641 2591 744 2628 addit
774 2592 1052 2629 deformitatem
1072 2593 1221 2629 alterius
1239 2593 1403 2641 generis:

343 2643 437 2681 sicut
466 2657 554 2680 cum
584 2645 715 2693 aliquis
744 2645 888 2681 accedit
916 2645 964 2682 ad
985 2658 1062 2682 non
1083 2658 1205 2694 suam,
1228 2653 1283 2682 est
1301 2654 1405 2682 actus

344 2697 526 2734 deformis
547 2698 784 2734 deformitate
805 2699 980 2746 opposita
1005 2699 1179 2745 castitati;
1210 2699 1277 2736 sed
1296 2699 1326 2735 si
1344 2712 1405 2742 ac-

344 2751 453 2788 cedat
481 2750 530 2787 ad
558 2763 636 2787 non
665 2763 773 2787 suam
803 2763 901 2799 quae
932 2759 986 2787 est
1018 2752 1167 2788 alterius
1196 2765 1311 2798 uxor,
1341 2753 1406 2789 ad-

344 2804 443 2840 ditur
463 2803 682 2840 deformitas
708 2804 882 2852 opposita
901 2804 1058 2841 iustitiae
1078 2805 1108 2851 ³¹⁶,
1140 2813 1270 2842 contra
1289 2818 1405 2854 quarn

345 2865 399 2894 est
418 2865 458 2893 ut
478 2857 609 2905 aliquis
638 2865 793 2904 usurpet
814 2869 894 2894 rem
923 2857 1107 2903 alienam3
1139 2866 1175 2894 et
1194 2859 1406 2896 secundum

344 2911 417 2947 hoc
454 2910 675 2947 huiusmodi
713 2910 991 2947 circumstantia
1032 2911 1222 2948 constituit
1263 2924 1405 2949 novam

344 2963 510 3012 speciem
538 2963 693 3011 peccati,
719 2975 818 3011 quae
846 2963 980 3001 dicitur
1008 2964 1246 3001 adulterium.

399 3016 637 3064 Impossibile
667 3024 722 3053 est
754 3024 881 3053 autem
915 3018 1020 3066 quod
1053 3017 1332 3054 circumstantia
1360 3017 1407 3054 de

345 3077 500 3118 peccato
528 3069 668 3106 veniali
697 3070 808 3106 faciat
835 3070 1008 3114 mortale,
1038 3070 1107 3106 nisi
1134 3070 1265 3107 afferat
1285 3071 1407 3108 defor-

347 3122 515 3159 mitatem
541 3123 689 3159 alterius
709 3123 866 3171 generis.
896 3123 1051 3159 Dictum
1073 3130 1127 3160 est
1147 3123 1246 3160 enim
1264 3124 1283 3145 *
1304 3124 1408 3172 quod

347 3183 544 3223 peccatum
581 3176 729 3213 veniale
762 3177 878 3213 habet
915 3176 1195 3214 deformitatem
1230 3186 1298 3225 per
1335 3178 1409 3214 hoc

348 3230 451 3274 quod
471 3228 648 3276 importat
673 3229 1002 3266 deordinationem
1025 3229 1122 3266 circa
1142 3242 1186 3266 ea
1207 3242 1305 3278 quae
1324 3238 1410 3267 sunt

349 3280 397 3316 ad
426 3281 563 3317 finem:
594 3290 793 3329 peccatum
819 3290 946 3319 autern
967 3284 1127 3319 mortale
1146 3283 1262 3319 habet
1288 3283 1410 3320 defor-

349 3332 518 3369 mitatem
547 3346 614 3382 per
642 3335 715 3371 hoc
744 3337 847 3383 quod
877 3335 1056 3384 importat
1081 3336 1408 3374 deordinationem

1460 584 1631 636 respectu
1660 578 1779 615 ultimi
1807 579 1905 616 finis.
1936 580 2046 617 Unde
2071 581 2315 618 manifestum
2341 590 2398 620 est
2415 586 2519 632 quod

1460 630 1738 667 circumstantia
1757 644 1836 668 non
1850 640 1975 680 potest
1995 633 2042 670 de
2061 634 2201 670 veniali
2220 642 2377 683 peccato
2396 635 2519 677 facere

1458 683 1629 730 mortale,
1660 695 1820 720 manens
1849 685 2150 723 circumstantia.
2180 687 2248 724 sed
2277 689 2402 725 solum
2430 695 2519 727 tunc

1460 736 1612 784 quando
1642 735 1848 773 transfert?
1876 737 1914 774 in
1943 739 2056 775 aliam
2086 740 2266 788 speciem,
2297 748 2334 778 et
2360 740 2404 778 fit
2426 737 2522 790 quo·-

1460 789 1670 827 dammodo
1700 789 1911 827 differentia
1938 792 2116 839 specifica
2143 793 2298 830 moralis
2328 801 2445 831 actus.

1512 845 1570 878 AD
1591 853 1727 878 PRIMUM
1747 853 1844 879 ERGO
1865 854 2049 881 DICENDUM
2067 846 2174 893 qnod
2199 846 2422 885 diuturnitas
2441 859 2523 884 non

1460 903 1516 931 est
1544 894 1823 931 circumstantia
1850 896 2003 933 trahens
2027 897 2065 934 in
2084 898 2197 935 aliam
2218 899 2397 958 speciem,
2418 899 2523 936 simi·-

1459 948 1541 984 liter
1569 960 1639 984 nec
1667 948 1877 995 frequentia
1903 949 1966 985 vel
1995 949 2204 1010 assiduitas,
2234 952 2304 989 nisi
2333 953 2428 989 forte
2451 964 2522 1001 per

1461 1001 1634 1038 accidens
1664 1013 1709 1036 ex
1736 1000 1863 1049 aliquo
1892 1003 2189 1049 supervenienti.
2218 1005 2309 1042 Non
2335 1005 2437 1042 enim
2457 1006 2520 1042 ali-

1459 1054 1548 1101 quid
1578 1053 1734 1102 acquirit
1762 1065 1906 1090 novam
1936 1054 2104 1114 speciem
2135 1068 2180 1093 ex
2206 1058 2281 1094 hoc
2300 1058 2404 1107 quod
2425 1059 2521 1095 mul-

1459 1107 1645 1154 tiplicatur
1671 1107 1733 1142 vel
1761 1107 1988 1154 protelatur,
2017 1107 2088 1144 nisi
2120 1109 2216 1146 forte
2247 1110 2286 1147 in
2320 1119 2405 1148 actu
2432 1123 2521 1160 pro·

1458 1161 1571 1196 telato
1600 1160 1662 1196 vel
1687 1159 1932 1207 multiplicato
1962 1161 2204 1208 superveniat
2238 1162 2390 1212 aliquid
2415 1164 2521 1213 quod

1458 1213 1578 1249 variet
1598 1213 1776 1261 speciem,
1797 1220 1889 1260 puta
1907 1212 2165 1251 inobedientia
2184 1215 2246 1252 vel
2266 1217 2517 1290 contefifiptus

1457 1266 1519 1302 vel
1547 1265 1689 1313 aliquid
1717 1264 1950 1303 huiusmodi.

1511 1318 1728 1355 Dicendum
1758 1325 1814 1354 est
1849 1330 1937 1366 ergo
1970 1319 2091 1366 quod,
2121 1332 2210 1357 cum
2237 1320 2292 1357 ira
2321 1321 2367 1358 sit
2388 1299 2522 1359 motus

1458 1371 1575 1408 animi
1603 1372 1651 1408 ad
1679 1371 1898 1408 nocendum
1926 1372 2125 1420 proxim0,
2154 1373 2186 1410 si
2222 1373 2268 1423 sit
2301 1375 2376 1411 tale
2402 1386 2523 1411 nonu-i

1459 1433 1631 1462 mentum
1661 1425 1698 1460 in
1728 1424 1832 1472 quod
1861 1425 1979 1461 tendit
2005 1433 2132 1463 motus
2158 1426 2249 1474 irae,
2269 1428 2374 1474 quod
2395 1439 2442 1463 ex
2456 1439 2521 1475 ge-

1458 1490 1549 1515 nere
1577 1490 1646 1514 suo
1668 1477 1713 1514 sit
1735 1484 1936 1536 peccatum
1965 1479 2136 1525 mortale,
2156 1479 2253 1516 sicut
2269 1479 2523 1518 homicidium

1457 1532 1518 1568 vel
1538 1531 1691 1577 furtum,
1712 1530 1822 1567 talis
1813 1542 1868 1566 ira
1896 1543 1941 1567 ex
1968 1543 2107 1581 genere
2136 1544 2206 1569 suo
2237 1540 2292 1569 est
2312 1541 2521 1581 peccatum

1458 1585 1628 1621 mortale.
1660 1584 1735 1620 Sed
1755 1583 1860 1632 quod
1880 1583 1926 1620 sit
1943 1591 2142 1632 peccatum
2158 1585 2322 1633 veniale,
2341 1586 2469 1623 habet
2475 1589 2523 1623 ex

1458 1637 1741 1686 imperfectione
1772 1644 1888 1683 actus,
1909 1636 2134 1685 inquantum
2155 1646 2210 1674 est
2226 1646 2356 1675 motus
2374 1640 2520 1676 subitus

1458 1690 1717 1727 sensualitatis.
1739 1690 1779 1726 Si
1794 1702 1887 1726 vero
1908 1689 1954 1726 sit
1970 1690 2156 1737 diuturna,
2174 1690 2269 1728 redit
2282 1691 2332 1728 ad
2346 1699 2521 1729 naturam

1457 1744 1514 1780 SUi
1532 1755 1679 1791 generis
1699 1755 1767 1791 per
1787 1755 2018 1780 consensum
2038 1751 2204 1781 rationis.
2223 1763 2248 1772 ··
2269 1743 2310 1780 Sl
2326 1756 2423 1781 'vero
2450 1756 2524 1783 noe
2556 1756 2573 1775 ’ἶ

1459 1804 1680 1833 cumentum
1709 1797 1747 1832 in
1773 1796 1878 1844 quod
1906 1795 2024 1833 tendit
2050 1804 2178 1833 motus
2206 1795 2309 1856 irae,
2330 1805 2433 1834 esset
2452 1809 2526 1837 voa

1458 1850 1556 1887 niale
1586 1862 1630 1885 ex
1658 1861 1797 1897 genere
1825 1861 1908 1895 suo,
1929 1857 2020 1897 puta
2039 1861 2128 1887 cum
2147 1849 2309 1898 aliquis
2299 1862 2339 1887 in
2356 1851 2434 1888 hoe
2448 1851 2521 1888 ira-

1458 1903 1571 1940 scitur
1591 1910 1721 1939 contra
1741 1902 1919 1961 aliquem,
1940 1903 2046 1950 quod
2066 1903 2147 1940 vult
2162 1902 2199 1941 ei
2221 1902 2345 1940 dicere
2364 1903 2524 1952 aliquod

1457 1957 1619 1993 verbum
1644 1957 1727 1992 leve
1758 1962 1794 1992 et
1821 1955 2007 2014 iocosum,
2038 1955 2143 2003 quod
2171 1956 2367 1994 modicum
2394 1957 2521 2006 ipsum

1459 2009 1666 2055 contristet3
1695 2021 1774 2045 non
1804 2008 1889 2045 erit
1898 2008 1953 2045 ira
1975 2016 2176 2057 peccatum
2202 2010 2373 2056 mortale,
2395 2022 2522 2058 quan-r

1458 2068 1706 2122 tumcurnque
1735 2061 1781 2098 sit
1810 2061 2006 2107 diuturna;
2035 2061 2107 2098 nisi
2130 2061 2226 2098 forte
2244 2075 2315 2110 per
2332 2062 2523 2110 accidens,

1458 2123 1549 2164 puta
1577 2116 1606 2151 si
1627 2127 1671 2152 ex
1691 2116 1765 2151 hoc
1785 2127 1900 2162 grave
1928 2090 2156 2152 scandalum.
2182 2115 2335 2164 oriatur,
2355 2116 2527 2175 velprofl‘

1458 2176 1541 2217 pter
1568 2168 1709 2217 aliquid
1737 2167 1970 2204 huiusmodi.
2508 2183 2510 2196 τ

1511 2223 1569 2259 De
1600 2222 1780 2258 ebrietate
1808 2233 1902 2257 vero
1936 2220 2163 2261 dicendum
2174 2228 2232 2261 est
2264 2221 2370 2270 quod
2389 2233 2526 2270 secuns-
2565 2256 2578 2267 f

1460 2276 1552 2313 dum
1591 2287 1699 2311 suam
1731 2274 1915 2311 rationem
1948 2274 2063 2311 habet
2100 2274 2205 2322 quod
2241 2274 2287 2311 sit
2322 2282 2527 2323 peccatim

1460 2329 1638 2366 mortale:
1679 2327 1784 2376 quod
1817 2327 1919 2364 enirn
1957 2327 2076 2364 homo
2117 2326 2262 2375 absque
2300 2327 2526 2366 necessitate

1459 2382 1593 2418 reddat
1621 2393 1659 2418 se
1688 2381 1938 2429 impotentem
1967 2380 2017 2417 ad
2044 2380 2230 2417 utendum
2258 2380 2426 2428 ratione,
2451 2393 2524 2430 per

1460 2447 1575 2482 quam
1597 2435 1714 2470 homo
1734 2434 1772 2470 in
1792 2435 1920 2470 Deurn
1948 2433 2144 2470 ordinatur
2171 2441 2208 2471 et
2224 2434 2344 2471 multa
2366 2435 2527 2482 peccam>

1460 2487 1694 2525 occurrentia
1713 2487 1816 2533 vitat,
1839 2499 1884 2523 ex
1903 2487 1984 2523 sola
2002 2487 2199 2534 voluptate
2225 2486 2315 2533 vini,
2346 2491 2523 2535 expresse

1460 2540 1707 2578 contrariatur
1733 2539 1873 2577 virtuti.
1908 2539 1984 2576 Sed
2014 2540 2118 2587 quod
2152 2539 2197 2576 sit
2227 2546 2427 2587 peccatum
2454 2551 2523 2576 ve·-

1460 2594 1566 2639 niale,
1598 2593 1778 2640 contingit
1796 2600 1951 2641 propter
1973 2591 2224 2639 ignorantiam
2245 2591 2440 2640 quandam
2458 2593 2524 2630 vel

1459 2647 1730 2692 infirmitatem,
1747 2653 1837 2694 puta
1853 2657 1942 2681 curn
1960 2646 2080 2682 homo
2101 2645 2219 2681 nescit
2231 2645 2411 2682 virtutem
2429 2645 2521 2692 vini,

1460 2708 1523 2737 aut
1542 2699 1736 2748 propriam
1766 2698 2010 2744 debilitatem,
2031 2698 2134 2735 unde
2154 2710 2233 2735 non
2259 2705 2367 2746 putat
2386 2710 2426 2735 se
2445 2698 2523 2737 ine-

1461 2753 1589 2790 briari:
1619 2762 1708 2789 tunc
1743 2751 1843 2788 enim
1878 2764 1955 2788 non
1989 2750 2196 2799 imputatur
2224 2751 2256 2788 ei
2286 2750 2446 2788 ebrietas
2473 2751 2525 2790 ad
2562 2767 2567 2771 “

1460 2814 1671 2856 peccatum,
1693 2805 1761 2842 sed
1780 2806 1903 2841 solum
1923 2804 2268 2853 superabundantia
2291 2812 2415 2853 potus.
2446 2804 2524 2842 Sed

1462 2859 1614 2909 quando
1633 2859 1849 2906 frequenter
1867 2857 2082 2904 inebriatur,
2099 2870 2177 2894 non
2195 2865 2321 2906 potest
2339 2870 2408 2906 per
2425 2858 2524 2894 hanc

1461 2912 1712 2961 ignorantiam
1742 2910 1911 2948 excusari
1939 2910 2029 2958 quin
2047 2910 2220 2948 videatur
2240 2911 2417 2948 voluntas
2442 2910 2525 2956 eius

1463 2966 1597 3013 eligere
1626 2964 1746 3012 magis
1774 2964 1851 3013 pati
1880 2964 2118 3010 ebrietatem,
2148 2975 2263 3012 quam
2293 2958 2524 3000 abstineret}

1462 3019 1553 3055 vino
1588 3018 1795 3067 superfluo.
1826 3017 1937 3054 Unde
1975 3016 2069 3053 redit
2101 3024 2300 3066 peccatum
2336 3016 2385 3053 ad
2414 3022 2533 3059 suam:

1463 3080 1649 3109 naturam.

1516 3127 1573 3162 AD
1593 3135 1784 3161 SECUNDUM
1803 3134 1987 3160 DiCENDuM
2011 3121 2115 3172 quod
2144 3121 2340 3160 delectatio
2367 3098 2524 3182 morosa

1463 3191 1541 3215 non
1570 3177 1704 3215 dicitur
1735 3188 1817 3213 esse
1851 3184 2048 3224 peccatum
2084 3176 2265 3222 mortale,
2294 3175 2384 3213 nisi
2393 3175 2432 3214 in
2463 3173 2522 3211 his

1465 3244 1561 3279 quae
1583 3243 1627 3267 ex
1646 3242 1715 3267 suo
1736 3241 1873 3278 genere
1895 3237 1981 3266 sunt
1999 3236 2155 3278 peccata
2174 3227 2363 3272 mortalia;
2384 3227 2422 3263 in
2441 3226 2522 3274 qui-

1465 3285 1534 3321 bus
1564 3284 1593 3320 si
1623 3282 1818 3320 delectatio
1849 3294 1927 3319 non
1955 3294 2111 3319 morosa
2139 3281 2202 3329 sit,
2231 3287 2428 3330 peccatum
2456 3290 2522 3316 ve-

1465 3337 1562 3374 niale
1592 3344 1647 3373 est
1676 3348 1720 3373 ex
1748 3335 2034 3384 imperfectione
2063 3341 2179 3382 actus,
2209 3334 2303 3370 sicut
2327 3340 2366 3369 et
2395 3332 2442 3369 de
2468 3332 2522 3368 ira

403 3461 430 3495 α)
450 3461 581 3486 accidens.
599 3476 616 3479 -
635 3465 709 3486 actus
729 3463 796 3486 addit
815 3463 845 3487 E.

1517 3462 1541 3498 β)
1567 3463 1704 3496 transfert.
1722 3477 1741 3482 -
1760 3462 1858 3487 transit
1882 3462 1938 3491 EF,
1964 3460 2128 3494 transfertur
2151 3459 2182 3484 K.
2199 3472 2218 3478 —
2236 3458 2286 3482 Pro
2313 3458 2523 3490 quodammodo,

1461 3499 1591 3531 quaedam
1611 3499 1662 3524 EF.
