2840 4010
107 415 116 424 '¹
133 413 180 441 Qu.
195 419 259 439 Lxxr,
275 416 316 434 art.

106 447 128 466 4.

101 1045 112 1055 ⁴
128 1044 175 1071 Qu.
190 1049 254 1070 evm,
270 1046 312 1064 art.

101 1077 127 1097 43
144 1076 183 1097 qu.
198 1076 250 1095 va.
270 1073 312 1091 art.

102 1103 119 1118 1.

101 2762 109 2771 ‘
125 2760 203 2782 l'arad.
220 2761 259 2782 111.

99 2923 107 2931 '¹
125 2922 192 2943 Vers.
209 2928 234 2943 11.

105 3182 112 3191 ¹
128 3181 182 3202 Loc.
198 3180 235 3202 cit.

348 173 395 208 26

344 252 496 288 incurrit
523 265 671 301 poenae
710 260 855 290 reatum
885 265 930 289 ex
959 254 1032 289 hoc
1062 253 1166 300 quod
1195 253 1404 289 contemnit

345 306 484 352 Deum,
502 317 547 341 ex
567 305 672 342 cuius
692 313 912 353 contemptu
931 305 1106 353 provenit
1126 305 1299 341 omnium
1315 317 1402 353 pec-

346 365 518 394 catorum
547 366 682 394 reatus.

398 412 456 446 AD
485 422 673 447 SECUNDUM
697 421 879 446 DtCENDUM
909 409 1024 457 quod,
1046 409 1141 445 sicut
1164 421 1278 458 supra
1300 410 1320 431 *
1348 409 1402 446 di-

346 470 447 499 ctum
478 471 546 510 est,
577 475 654 499 non
682 475 750 510 per
778 461 985 510 quemlibet
1012 469 1139 497 actum
1167 462 1312 510 peccati
1335 463 1403 499 tol-

346 516 431 552 litur
458 515 576 552 virtus
605 514 796 563 opposita:
826 522 1142 567 nam-peccatum
1161 515 1308 551 veniale
1328 515 1402 552 vir-

344 575 462 604 tutem
491 580 568 604 non
597 567 707 611 tollit;
737 574 936 614 peccatum
966 573 1093 603 autem
1123 568 1281 604 mortale
1309 568 1403 604 tollit

342 620 519 657 virtutem
548 620 721 665 infusam,
752 618 977 667 inquantum
1003 619 1135 656 avertit
1156 632 1178 656 a
1197 621 1303 666 Deo;
1334 621 1401 657 sed

345 685 441 709 unus
470 680 572 708 actus
600 671 744 719 peccati
773 671 886 708 etiam
915 672 1097 720 mortalis,
1127 673 1317 721 non-tollit
1335 674 1400 709 ha-

344 725 463 761 bitum
497 724 642 761 virtutis
679 723 893 772 acquisitae.
934 725 1010 762 Sed
1048 725 1078 762 si
1111 726 1402 773 multiplicentur

342 785 446 814 actus
474 777 659 813 intantum
689 777 794 825 quod
828 785 1026 825 generetur
1055 778 1262 815 contrarius
1295 778 1401 814 habi-

342 838 413 877 tus,
436 829 643 867 excluditur
661 829 810 867 habitus
829 830 974 867 virtutis
995 830 1210 878 acquisitae.
1233 831 1320 876 Qua
1341 842 1400 866 ex-

343 884 456 930 clusa,
480 882 686 920 excluditur
704 883 920 932 prudentia:
942 883 1029 931 quia
1050 895 1136 918 cum
1157 882 1168 906 ζ
1188 883 1307 919 homo
1328 882 1401 929 agit

342 943 473 972 contra
501 948 784 984 quamcumque
813 935 1014 985 virtutem,
1044 935 1119 982 agit
1153 943 1283 972 contra
1313 947 1400 983 pru-

343 988 522 1025 dentiam.
545 988 634 1025 Sine
656 988 854 1037 prudentia
874 995 1000 1024 autem
1021 993 1038 1014 η
1059 988 1160 1024 nulla
1178 987 1298 1024 virtus
1317 1000 1400 1024 mo-

341 1042 425 1078 ralis
446 1054 528 1078 esse
546 1049 681 1090 potest,
703 1049 743 1077 ut
771 1053 884 1088 supra
903 1040 923 1062 ³³²
950 1040 1121 1076 habitum
1148 1049 1214 1077 est.
1237 1041 1285 1077 Et
1311 1040 1398 1077 ideo

339 1107 409 1143 per
424 1106 660 1143 consequens
685 1093 933 1130 excluduntur
951 1091 963 1113 θ
985 1105 1120 1129 omnes
1142 1089 1298 1130 virtutes
1318 1106 1400 1130 mo-

340 1149 447 1195 rales,
469 1155 651 1196 quantum
672 1147 719 1183 ad
738 1147 948 1195 perfectum
970 1153 1006 1182 et
1033 1146 1191 1183 formale
1216 1158 1298 1182 esse
1326 1147 1401 1183 vir-

340 1201 447 1247 tutis,
479 1201 582 1249 quod
615 1200 757 1236 habent
791 1199 1002 1236 secundum
1035 1199 1140 1247 quod
1176 1199 1400 1248 participant

338 1253 606 1302 prudentiam:
650 1260 847 1288 remanent
888 1259 1015 1288 tamen
1053 1251 1312 1289 inclinationes
1351 1253 1399 1288 ad

1004 176 1269 221 QUAESTIO
1299 176 1472 223 LXXIII,
1501 177 1796 215 ARTICULUS
1827 181 1857 215 11

1456 261 1560 290 actus
1588 254 1782 302 virtutum,
1813 268 1891 292 non
1910 258 2093 295 habentes
2113 259 2298 296 rationem
2317 259 2473 295 virtutis.
2491 280 2514 286 -
2571 271 2573 273 ’

1458 306 1534 343 Sed
1550 318 1628 343 non
1643 308 1813 354 sequitur
1832 309 1936 356 quod
1954 317 2111 357 propter
2125 312 2199 348 hoc
2217 312 2336 348 homo
2353 311 2517 348 incurrat

1457 359 1587 395 omnia
1606 359 1697 396 vitia
1716 361 1777 396 vel
1801 368 1968 408 peccata.
1990 362 2120 399 Primo
2147 363 2313 411 quidem,
2334 364 2423 412 quia
2449 364 2515 400 uni

1454 411 1581 448 virtuti
1612 412 1720 460 plura
1756 412 1847 450 vitia
1881 422 2145 461 opponuntur:
2175 415 2224 452 ita
2261 416 2365 463 quod
2397 416 2515 453 virtus

1455 471 1580 512 potest
1606 465 1746 513 privari
1778 478 1848 514 per
1875 478 1996 502 unum
2035 479 2194 514 eorum,
2225 468 2292 504 etsi
2321 469 2479 505 alterum
2507 474 2514 489 ‘

1456 529 1534 553 non
1568 517 1675 555 adsit.
1711 519 1901 566 Secundo,
1933 519 2021 567 quia
2049 527 2250 567 peccatum
2280 520 2418 557 directe
2447 532 2514 569 op-

1454 569 1609 617 ponitur
1630 570 1756 607 virtuti
1782 578 1966 618 quantum
1992 571 2041 608 ad
2060 571 2343 609 inclinationem
2367 572 2514 609 virtutis

1456 622 1503 659 ad
1524 630 1662 669 actum,
1683 630 1725 659 ut
1743 636 1858 671 supra
1876 624 1896 645 ²¹⁶
1917 624 2057 661 dictum
2079 633 2154 661 est:
2175 625 2290 670 unde,
2312 637 2512 662 remanen-

1455 674 1552 710 tibus
1572 674 1760 722 aliquibus
1787 676 2091 714 inclinationibus
2124 677 2315 724 virtuosis,
2340 689 2419 714 non
2446 689 2514 725 po-

1454 733 1525 762 test
1544 726 1617 763 dici
1646 728 1751 775 quod
1769 728 1887 765 homo
1916 730 2054 766 habeat
2072 730 2162 767 vitia
2190 731 2252 767 vel
2270 737 2427 778 peccata
2446 741 2514 778 op-

1453 778 1577 826 posita
1604 778 1634 815 ⁹¹⁶.

1507 833 1565 867 AD
1593 843 1753 868 TERTmM
1781 843 1964 870 DICENDUM
1993 835 2096 882 quod
2125 847 2234 872 amor
2257 835 2329 872 Dei
2349 842 2405 871 est
2424 846 2513 871 con-

1453 884 1679 932 gregativus,
1709 884 1934 932 inquantum
1964 886 2143 924 affectum
2161 887 2327 924 hominis
2347 899 2370 924 a
2387 886 2514 924 multis

1454 936 1555 973 ducit
1583 937 1620 973 in
1647 949 1790 973 unum:
1821 945 1857 974 et
1884 937 1971 974 ideo
1999 938 2168 988 virtutes,
2198 952 2297 989 quae
2318 952 2362 976 ex
2382 952 2513 976 amore

1453 989 1525 1025 Dei
1553 997 1773 1036 causantur,
1805 990 2083 1028 connexionem
2116 993 2268 1029 habent.
2299 992 2376 1029 Sed
2404 1004 2514 1029 amor

1453 1041 1511 1078 sui
1540 1042 1725 1090 disgregat
1753 1042 1931 1079 affectum
1958 1044 2124 1091 hominis
2153 1045 2191 1082 in
2219 1045 2380 1093 diversa,
2400 1052 2515 1094 prout

1453 1094 1593 1131 scilicet
1618 1096 1738 1132 homo
1768 1107 1808 1132 se
1836 1103 1938 1132 amat
1966 1097 2180 1145 appetendo
2206 1098 2276 1134 sibi
2299 1099 2401 1135 bona
2419 1105 2514 1134 tem-

1452 1147 1608 1195 poralia,
1638 1160 1736 1196 quae
1765 1155 1852 1184 sunt
1869 1148 1975 1185 varia
1996 1157 2032 1186 et
2052 1149 2223 1186 diversa:
2253 1157 2290 1187 et
2308 1150 2403 1188 ¹ideo
2423 1150 2514 1187 vitia

1454 1207 1489 1236 et
1506 1208 1674 1249 peccata,
1695 1213 1793 1249 quae
1814 1209 2015 1238 causantur
2034 1214 2080 1239 ex
2100 1214 2231 1241 amore
2247 1203 2315 1250 sui,
2331 1215 2410 1240 non
2429 1200 2516 1240 s'unt

1455 1265 1636 1290 connexa.

392 1369 415 1400 ζ)
435 1376 502 1393 cum.
522 1382 538 1386 -
557 1368 619 1392 dnm
640 1367 750 1392 codices.

409 1406 416 1435 )
434 1403 580 1435 prudentia
599 1406 696 1427 autem.
715 1416 734 1420 -
752 1409 804 1434 qua
825 1402 870 1426 Ρα.

391 1413 405 1434 Υι

1509 1366 1534 1399 0)
1553 1369 1744 1393 excluduntur.
1762 1383 1780 1387 -
1798 1370 1977 1394 excludentur
1995 1369 2234 1394 ABCDEFGHKL.

1509 1405 1527 1434 ι)
1547 1404 1597 1428 etsi
1614 1405 1737 1429 alterum.
1756 1418 1774 1423 -
1792 1405 1872 1429 etiam
1891 1405 1915 1429 si
1933 1405 2047 1429 alterum
2066 1412 2158 1429 eorum
2177 1405 2223 1429 Pa.

1104 1546 1419 1589 ARTICULUS
1450 1547 1749 1590 SECUNDUS

1020 1638 1175 1669 UTRUM
1200 1638 1341 1669 OMNIA
1363 1638 1566 1670 PECCATA
1590 1640 1687 1670 SINT
1710 1640 1838 1670 PARtA

750 1718 770 1742 II
791 1717 873 1746 Sent„
894 1717 953 1741 dist.
972 1724 1030 1746 xm,
1051 1725 1096 1750 qu.
1115 1725 1142 1748 11,
1163 1722 1209 1741 art.
1230 1716 1243 1741 5
1251 1725 1258 1748 ;
1278 1717 1309 1742 111
1332 1718 1408 1744 Cont.
1431 1719 1518 1748 Geni„
1538 1726 1594 1751 cap.
1614 1725 1717 1749 cxxx1x3
1739 1719 1779 1743 De
1797 1718 1880 1747 ΑΜαΙο,
1901 1727 1945 1751 qu.
1963 1726 1990 1750 n,
2011 1724 2056 1744 art.
2075 1727 2100 1753 9.

388 1816 429 1849 ι»ι
484 1826 496 1850 2
530 1820 533 1823 κ
547 1811 569 1836 D
585 1810 773 1835 SECUNDUM
789 1809 842 1834 s1c
857 1809 1096 1834 PROCEDITUR.
1117 1797 1278 1834 Videtur
1293 1797 1398 1846 quod

373 1844 411 1871 ’Ἴ
462 1850 522 1898 ’ῗῆ
549 1851 678 1889 omnia
705 1858 861 1899 peccata
886 1850 958 1887 sint
975 1851 1092 1899 paria.
1115 1851 1201 1887 Hoc
1221 1850 1323 1887 enim
1345 1857 1400 1887 est

413 1920 468 1939 *ra
522 1937 525 1940 .

337 2013 375 2050 in
405 2010 583 2048 omnibus
611 2010 908 2059 reprehenditur.
939 2011 1041 2057 Ergo
1070 2022 1229 2058 peccare
1257 2021 1336 2046 uno
1365 2016 1402 2046 et

338 2065 476 2102 eodem
497 2064 616 2101 modo
637 2063 933 2112 reprehenditur.
952 2064 1043 2099 Non
1063 2075 1152 2110 ergo
1173 2074 1294 2099 unum
1313 2075 1400 2111 pec-

338 2126 463 2156 catum
493 2125 548 2154 est
576 2116 648 2153 alio
678 2116 840 2164 gravius.

392 2183 425 2208 2.
448 2172 680 2216 PRAETEREA,
711 2181 826 2206 omne
855 2177 1054 2218 peccatum
1080 2168 1248 2205 consistit
1268 2168 1306 2204 in
1325 2169 1400 2204 hoc

338 2224 442 2273 quod
469 2224 588 2260 homo
618 2222 888 2269 transgreditur
916 2223 1085 2270 regulam
1115 2221 1280 2268 rationis,
1302 2233 1400 2270 quae

337 2278 388 2314 ita
417 2290 456 2314 se
485 2277 599 2313 habet
627 2276 677 2312 ad
705 2283 809 2312 actus
838 2276 1049 2322 humanos,
1080 2275 1176 2311 sicut
1204 2275 1331 2322 regula
1359 2273 1401 2310 Ii-

337 2330 460 2367 nearis
480 2329 518 2366 in
539 2328 798 2377 corporalibus
823 2329 946 2365 rebus.
978 2330 1079 2376 Ergo
1100 2340 1259 2376 peccare
1279 2327 1400 2364 simile

339 2391 394 2420 est
422 2383 455 2419 ei
476 2382 579 2431 quod
601 2389 656 2418 est
674 2382 790 2418 lineas
810 2381 1004 2418 transilire.
1036 2381 1114 2418 Sed
1132 2381 1250 2418 lineas
1269 2380 1401 2417 transi-

338 2436 404 2473 lire
434 2443 488 2472 est
516 2434 720 2483 aequaliter
746 2442 781 2471 et
805 2447 882 2471 uno
913 2435 1043 2482 modo,
1066 2434 1180 2471 etiam
1209 2434 1239 2470 si
1268 2433 1400 2482 aliquis

338 2489 486 2537 longius
510 2488 662 2524 recedat
679 2488 741 2524 vel
761 2488 1014 2536 propinquius
1040 2495 1129 2524 stet:
1159 2487 1247 2536 quia
1276 2486 1400 2535 priva-

337 2543 458 2579 tiones
478 2553 556 2579 non
585 2541 768 2589 recipiunt
786 2541 905 2588 magis
929 2548 965 2577 et
984 2541 1121 2577 minus.
1143 2541 1245 2588 Ergo
1271 2539 1402 2577 omnia

339 2603 494 2645 peccata
523 2602 609 2630 sunt
638 2593 819 2642 aequalia.

395 2649 428 2685 3.
458 2649 698 2694 PRAETEREA,
729 2654 883 2695 peccata
911 2646 1110 2683 virtutibus
1140 2653 1398 2694 opponuntur.

341 2701 417 2738 Sed
446 2713 581 2737 omnes
600 2700 755 2736 virtutes
776 2700 951 2748 aequales
977 2707 1074 2745 sunt,
1105 2707 1145 2735 ut
1172 2698 1320 2735 Tullius
1349 2698 1402 2735 di-

340 2755 405 2801 cit,
444 2754 482 2790 in
515 2753 727 2790 Paradoxis
755 2752 785 2789 ²³⁴.
822 2753 923 2800 Ergo
960 2752 1088 2789 omnia
1125 2759 1282 2800 peccata
1315 2758 1403 2788 sunt

338 2807 454 2856 paria.

394 2861 467 2897 SED
497 2871 643 2896 CONTRA
667 2870 732 2895 EST
761 2857 865 2906 quod
894 2858 1084 2894 Dominus
1114 2858 1199 2895 dicit
1228 2857 1276 2894 ad
1304 2856 1400 2893 Pila-

339 2921 432 2960 tum,
464 2914 643 2949 Ioan.X1x
664 2911 700 2947 *ε
734 2911 807 2952 Qui
834 2911 986 2947 tradidit
1003 2923 1062 2947 me
1082 2911 1156 2956 tihi,
1178 2911 1300 2947 maius
1313 2921 1401 2958 pec-

339 2972 462 3003 catum
482 2966 602 3002 hahet.
633 2966 681 3002 Et
708 2972 835 3001 tamen
864 2970 1009 2999 constat
1038 2963 1143 3011 quod
1172 2963 1312 3000 Pilatus
1337 2963 1400 2999 ali-

340 3019 443 3067 quod
467 3026 667 3066 peccatum
691 3017 832 3054 habuit.
864 3017 964 3063 Ergo
985 3028 1105 3052 unum
1125 3023 1325 3064 peceatum
1347 3023 1401 3052 est

340 3072 462 3108 maius
491 3071 575 3108 alio.

394 3125 617 3160 ResPONDEo
651 3134 833 3161 D1cENDUM
871 3122 975 3170 quod
1014 3121 1143 3170 opinio
1183 3121 1399 3157 Stoicorum

342 3177 428 3222 fuit,
459 3189 573 3224 quam
602 3176 749 3213 Tullius
777 3175 1019 3224 prosequitur
1051 3174 1088 3210 in
1121 3174 1334 3210 Paradoxis
1360 3173 1400 3221 ²⁸,

343 3229 446 3277 quod
476 3229 604 3265 omnia
630 3236 786 3277 peccata
813 3236 899 3265 sunt
917 3228 1032 3277 paria.
1063 3228 1111 3264 Et
1131 3239 1174 3263 ex
1194 3227 1269 3263 hoc
1289 3226 1401 3263 etiam

343 3282 533 3319 derivatus
555 3289 608 3318 est
628 3282 868 3330 quorundam
887 3280 1165 3318 haereticorum
1186 3291 1302 3327 error,
1323 3279 1400 3327 qui,

342 3342 527 3383 ponentes
557 3334 686 3371 omnia
714 3342 868 3382 peccata
892 3347 974 3371 esse
999 3333 1116 3382 paria,
1139 3332 1269 3370 dicunt
1289 3332 1401 3369 etiam

344 3399 478 3424 omnes
498 3399 641 3434 poenas
671 3387 802 3423 inferni
829 3399 909 3424 esse
930 3399 1052 3435 pares.
1083 3387 1131 3422 Et
1151 3393 1334 3434 quantum
1357 3397 1400 3422 ex

1452 1797 1579 1834 verbis
1598 1797 1713 1834 Tullii
1737 1797 1900 1846 perspici
1920 1805 2055 1847 potest,
2078 1798 2194 1835 Stoici
2222 1799 2479 1838 movebantur
2498 1806 2516 1823 ‘²

1454 1862 1500 1887 ex
1536 1851 1611 1887 hoc
1638 1852 1742 1899 quod
1772 1850 2064 1888 considerabant
2099 1859 2299 1900 peccatum
2338 1864 2383 1889 ex
2409 1860 2516 1902 parte

1453 1903 1674 1952 privationis
1707 1911 1870 1950 tantum,
1900 1911 2014 1952 prout
2041 1904 2179 1941 scilicet
2211 1911 2267 1942 est
2295 1916 2465 1943 recessus
2495 1919 2517 1944 a

1455 1956 1617 1993 ratione:
1646 1956 1749 1993 unde
1775 1956 1992 2005 simpliciter
2021 1957 2263 1994 aestimantes
2282 1958 2388 2006 quod
2415 1960 2517 1997 nulla

1453 2009 1614 2057 privatio
1652 2009 1859 2058 susciperet
1895 2009 2014 2057 magis
2052 2018 2088 2047 et
2123 2010 2271 2058 minus,
2306 2020 2517 2059 posuerunt

1455 2062 1585 2099 omnia
1612 2070 1767 2112 peccata
1797 2075 1879 2099 esse
1906 2062 2022 2111 paria.

1509 2115 1586 2152 Sed
1615 2115 1645 2152 si
1673 2115 1756 2163 quis
1786 2115 1982 2163 diligenter
2009 2115 2232 2163 consideret,
2262 2116 2430 2154 inveniet
2449 2117 2520 2154 du-

1453 2169 1540 2217 plex
1566 2168 1824 2216 privationum
1844 2180 1974 2216 genus.
2006 2169 2075 2205 Est
2094 2169 2196 2213 enim
2217 2170 2407 2217 quaedam
2428 2170 2517 2208 sim-

1454 2222 1538 2269 plex
1564 2228 1600 2257 et
1625 2233 1721 2269 pura
1740 2221 1914 2270 privatio,
1936 2233 2034 2270 quae
2060 2222 2226 2259 consistit
2249 2222 2356 2271 quasi
2376 2223 2414 2259 in
2435 2235 2516 2260 cor-

1455 2281 1607 2322 ruptum
1642 2286 1744 2311 esse:
1779 2274 1875 2311 sicut
1906 2286 2011 2311 mors
2044 2282 2100 2311 est
2137 2275 2299 2323 privatio
2331 2275 2452 2323 vitae,
2481 2283 2518 2313 et

1453 2327 1608 2364 tenebra
1631 2334 1685 2363 est
1702 2327 1864 2376 privatio
1885 2327 2036 2364 luminis
2055 2326 2081 2364 β.
2109 2328 2158 2365 Et
2176 2328 2268 2365 tales
2285 2328 2516 2377 privationes

1454 2393 1532 2417 non
1567 2380 1751 2428 recipiunt
1782 2380 1902 2428 magis
1935 2388 1972 2416 et
2008 2380 2155 2417 minus:
2186 2381 2279 2429 quia·
2309 2381 2398 2418 nihil
2427 2381 2516 2418 resi-

1456 2433 1575 2470 duum
1605 2440 1660 2469 est
1689 2433 1736 2470 de
1763 2433 1894 2470 habitu
1924 2433 2113 2482 opposito.
2143 2434 2254 2471 Unde
2283 2446 2361 2471 non
2389 2434 2516 2473 minus

1455 2494 1510 2523 est
1538 2494 1710 2522 mortuus
1744 2486 1877 2535 aliquis
1912 2486 2036 2534 primo
2071 2486 2130 2523 die
2159 2486 2312 2533 mortis,
2343 2494 2378 2523 et
2404 2487 2514 2524 tertio

1453 2540 1516 2576 vel
1545 2546 1692 2587 quarm,
1723 2551 1838 2588 quam
1868 2546 1955 2587 post
1982 2551 2137 2586 annum,
2167 2539 2322 2587 quando
2350 2540 2428 2576 iarn
2455 2552 2514 2577 ca-

1455 2592 1573 2629 daver
1592 2591 1701 2628 fuerit
1721 2593 1941 2628 resolutum.
1969 2592 2018 2628 Et
2036 2591 2204 2628 similiter
2222 2604 2300 2629 non
2321 2599 2376 2629 est
2394 2592 2515 2641 magis

1456 2646 1657 2682 tenebrosa
1687 2645 1843 2691 domus,
1874 2644 1903 2681 si
1932 2645 2085 2681 lucerna
2113 2644 2159 2681 sit
2186 2652 2317 2693 operta
2345 2645 2516 2693 pluribus

1447 2697 1724 2745 velaminibus,
1754 2710 1870 2746 quam
1899 2697 1928 2734 si
1957 2697 2004 2733 sit
2031 2705 2162 2746 operta
2189 2709 2268 2734 uno
2297 2699 2380 2734 solo
2413 2699 2515 2735 vela-

1456 2750 1558 2787 mine
1585 2758 1708 2787 totum
1735 2751 1865 2788 lumen
1893 2750 2176 2789 intercludente.

1510 2804 1578 2840 Est
1605 2811 1732 2840 autem
1762 2803 1833 2840 alia
1861 2802 2022 2852 privatio
2051 2815 2130 2839 non
2158 2803 2327 2851 simplex,
2358 2803 2424 2840 sed
2453 2803 2517 2840 ali·

1456 2856 1549 2904 quid
1577 2856 1740 2893 retinens
1769 2857 1816 2894 de
1844 2856 1974 2892 habitu
2008 2856 2202 2905 opposit03
2232 2867 2331 2903 quae
2360 2855 2516 2905 quidem

1455 2909 1615 2958 privatio
1651 2909 1773 2956 magis
1806 2908 1973 2945 consistit
2009 2908 2047 2945 in
2085 2908 2298 2957 corrumpi,
2332 2920 2449 2956 quam
2478 2909 2517 2946 in

1457 2969 1677 3010 corruptum
1702 2973 1804 2998 esse:
1834 2961 1929 2998 sicut
1947 2961 2154 3008 aegritudo,
2176 2973 2274 3009 quae
2301 2961 2425 3010 privat
2451 2961 2515 2998 de-

1456 3015 1572 3052 bitam
1607 3013 2022 3051 commensurationem
2050 3014 2279 3061 humorum,
2309 3014 2359 3050 ita
2387 3022 2515 3051 tamen

1456 3068 1561 3116 quod
1589 3067 1729 3116 aliquid
1758 3066 1837 3103 eius
1866 3074 2057 3114 remanet,
2087 3067 2255 3115 alioquin
2284 3079 2362 3104 non
2395 3078 2516 3104 rema-

1455 3127 1561 3157 neret
1589 3119 1729 3156 animal
1747 3119 1899 3164 vivum;
1931 3127 1967 3156 et
1994 3119 2114 3156 simile
2135 3127 2190 3156 est
2210 3119 2257 3156 de
2276 3119 2514 3168 turpitudine,

1456 3181 1492 3210 et
1519 3172 1599 3209 aliis
1622 3172 1853 3209 huiusmodi.
1884 3172 2115 3209 Huiusmodi
2138 3180 2267 3209 autem
2285 3171 2516 3221 privationes

1455 3225 1640 3275 recipiunt
1667 3225 1787 3272 magis
1808 3232 1843 3261 et
1861 3225 1985 3262 minus
2011 3237 2056 3261 ex
2083 3232 2190 3274 parte
2219 3225 2299 3262 eius
2327 3224 2431 3272 quod
2459 3236 2516 3260 re-

1456 3286 1585 3315 manet
1613 3278 1659 3315 de
1688 3278 1818 3314 habitu
1847 3278 2056 3314 contrario:
2087 3279 2250 3314 multum
2280 3277 2381 3314 enim
2406 3276 2517 3313 refert

1457 3333 1504 3369 ad
1524 3331 1797 3378 aegritudinem
1817 3331 1878 3367 vel
1902 3330 2186 3379 turpitudinem,
2206 3337 2332 3366 utrum
2350 3329 2436 3377 plus
2453 3329 2516 3366 vel

1457 3385 1582 3421 minus
1611 3396 1633 3420 a
1663 3383 1788 3421 debita
1817 3383 2188 3420 commensuratione
2218 3383 2426 3421 humorum
2454 3382 2515 3419 vel

397 3503 423 3538 α)
445 3505 626 3529 movebantur.
644 3517 662 3522 —
681 3504 843 3528 ducebantur
864 3504 909 3528 Pa.

1511 3502 1535 3534 β)
1556 3502 1671 3527 luminis.
1690 3516 1708 3521 -
1726 3502 1790 3526 lucis
1810 3501 1861 3525 AF.

2543 635 2552 643 ·
2569 634 2616 661 Qu.
2631 639 2694 660 uxxt,
2709 636 2751 654 art.

2541 782 2550 791 ·
2565 781 2593 803 D.
2608 782 2664 809 1178.
