2840 4010
155 434 163 443 ·
180 432 215 454 Cf.
230 438 294 454 num.
309 438 324 454 ι.

153 614 162 623 ”
175 612 245 634 Num.
260 612 363 640 praeced.

155 654 163 662 '
175 652 250 674 S.'rh.
261 652 312 673 lect.
323 658 364 672 11.-

156 679 208 700 Did.
217 679 256 699 lib.
265 678 305 705 IV,
314 684 364 705 cap.

154 711 179 732 u,
194 711 218 726 n.
232 711 250 733 5.

394 178 439 215 56

395 259 524 295 actibus,
541 265 654 298 potest,
673 267 708 290 ut
723 260 776 295 sic,
793 258 906 289 resolvi
922 259 953 288 in
971 257 1180 298 ignorantiam
1199 263 1235 286 ut
1257 265 1312 295 per
1327 265 1359 286 se
1375 265 1448 286 cau-

395 313 472 333 sam.
499 304 630 343 Propter
653 304 741 344 quod
769 302 916 333 Auctoris
941 302 1033 331 verba
1055 300 1266 340 ignorantiam
1290 300 1327 330 de
1352 299 1383 329 se
1408 299 1449 330 fa-

393 356 460 377 cere
495 347 743 377 involuntarium
776 345 938 380 sonantia,
967 354 1060 384 super
1094 344 1156 374 hoc
1191 343 1321 374 fundata
1355 343 1448 374 credo

392 390 558 430 principio.

449 434 500 464 111.
512 435 561 464 Ad
574 434 710 474 primam
726 440 832 463 autem
848 431 1059 462 obiectionem
1074 430 1106 461 in
1126 431 1312 471 oppositum
1320 431 1347 467 *,
1364 438 1450 471 patet

393 477 557 517 responsio
581 478 705 517 duplex.
722 477 834 512 Prima,
852 476 940 516 quod
959 475 1144 514 ignorantia,
1163 482 1197 506 ut
1215 475 1350 506 remotio
1374 485 1448 516 pro-

392 521 536 557 bibentis,
554 528 600 551 est
623 531 715 551 causa
738 530 803 549 non
827 529 882 559 per
905 529 947 554 se,
971 519 1025 548 sed
1048 528 1104 559 per
1127 519 1279 555 accidens,
1301 519 1448 550 involun-

392 565 471 595 tarii.
487 582 508 587 -
524 564 676 599 Secunda,
693 563 782 603 quod
797 563 982 602 ignorantia,
1004 569 1040 593 ut
1062 563 1201 594 absentia
1223 563 1379 600 scientiae,
1403 571 1449 595 est

393 618 485 638 causa
500 618 555 647 per
570 618 601 637 se
616 607 834 643 involuntarii;
859 614 894 637 ut
917 606 1061 646 superius
1076 606 1093 626 ’¹‘
1117 607 1307 638 declaratum
1330 608 1390 639 fuit
1413 618 1449 638 ex

391 651 419 682 V
442 651 624 691 Metaphys.
639 650 656 669 *

449 696 499 725 Ad
524 696 694 725 secundam
711 695 832 730 dicitur,
851 695 1054 726 concedendo
1071 696 1159 736 quod
1178 695 1355 735 ignorantia
1371 707 1450 728 sem—

391 749 446 779 per
470 746 594 769 excusat
617 749 635 769 a
653 746 722 770 toto
745 739 958 771 involuntario
983 747 1019 772 ut
1037 740 1090 770 sic.
1114 740 1155 770 Et
1184 741 1312 780 quando
1337 741 1450 772 dicitur

391 784 479 823 quod
503 783 696 824 quandoque
720 791 844 815 excusat
867 795 886 814 a
908 791 1006 821 tanto,
1026 784 1082 814 sed
1105 794 1169 814 non
1194 795 1211 814 a
1227 791 1313 821 toto;
1335 785 1448 816 intelli-

390 827 474 867 gitur
497 827 535 857 de
558 827 628 866 ipso
652 827 844 868 inquantum
866 828 960 860 habet
975 827 1128 870 rationem
1147 828 1325 860 voluntarii.
1351 829 1448 866 Quod

392 871 476 901 enim
492 871 708 902 voluntarium
723 870 758 902 fit
773 871 962 912 ignoranter,
979 872 1084 902 minus
1102 871 1257 912 culpabile
1282 879 1327 903 est
1350 883 1448 914 quarn

391 915 607 958 voluntarium
639 915 810 946 malitiose:
835 924 992 957 quantum
1019 915 1104 946 enim
1136 915 1230 946 habet
1260 916 1298 946 de
1325 917 1446 948 ratione

392 959 605 995 involuntarii,
622 966 746 990 tantum
770 960 863 990 habet
886 960 924 990 de
948 960 1068 990 ratione
1091 959 1299 999 inculpabilis.

447 1003 499 1034 IV.
518 1003 552 1033 In
577 1004 691 1034 eodem
713 1004 804 1034 tertio
829 1004 960 1034 articulo
991 1003 1125 1034 dubium
1149 1004 1285 1034 occurrit
1314 1004 1393 1035 circa
1416 1004 1448 1035 id

392 1047 481 1087 quod
505 1047 617 1078 dicitur
640 1048 677 1077 de
707 1047 882 1087 ignorantia
910 1047 1161 1083 concomitante,
1186 1057 1241 1078 seu
1270 1058 1351 1088 quae
1381 1059 1447 1079 non

392 1097 438 1121 est
462 1101 555 1121 causa
574 1098 660 1122 actus
679 1092 808 1130 peccati.
829 1092 961 1122 Videtur
977 1101 1115 1132 namque
1139 1091 1254 1121 falsum
1277 1093 1367 1132 quod.
1382 1102 1448 1123 non

392 1142 517 1165 excuset
532 1145 549 1164 a
565 1142 710 1175 peccato:
737 1142 766 1165 et
782 1135 848 1166 eius
868 1134 946 1166 ratio
966 1135 1045 1165 nihil
1059 1135 1171 1171 valere,
1197 1135 1270 1175 quia
1294 1146 1360 1166 non
1376 1146 1448 1167 cau-

392 1185 439 1208 sat
460 1179 719 1209 involuntarium.
746 1179 780 1209 Id
797 1179 881 1209 enim
901 1179 989 1219 quod
1012 1174 1094 1213 tollit
1116 1179 1244 1209 laudem
1259 1179 1309 1210 vel
1325 1180 1447 1222 vitupe-

391 1222 546 1252 rationem
570 1230 666 1259 actus‚
684 1230 810 1253 excusat
832 1233 849 1252 a
873 1230 1011 1263 peccato.
1035 1223 1169 1253 Constat
1191 1223 1277 1253 enim
1299 1225 1387 1264 quod
1410 1225 1447 1255 li-

391 1267 501 1296 berans
525 1266 658 1306 patriam
681 1276 747 1296 non
771 1267 871 1297 sciens
900 1277 957 1298 nec
986 1267 1114 1303 volens,
1139 1267 1284 1307 quamvis
1307 1268 1400 1299 vellet
1423 1268 1448 1299 si

391 1309 481 1340 sciret
503 1310 594 1340 illum
617 1317 723 1341 actum
747 1321 812 1341 esse
836 1310 953 1351 patriae
975 1310 1190 1347 liberativum,
1215 1321 1281 1342 non
1303 1311 1449 1344 laudatur

390 1353 449 1383 nisi
474 1354 511 1384 de
535 1354 618 1385 facto
641 1354 849 1386 materialiter.
874 1355 915 1385 Et
938 1355 1084 1385 occidens
1111 1354 1277 1385 inimicum
1299 1356 1447 1387 latentem

389 1397 470 1427 inter
496 1408 622 1438 vepres,
652 1399 793 1429 vacando
825 1399 985 1430 venationi
1013 1398 1184 1439 praemissa
1212 1399 1448 1440 diligentissima

390 1441 595 1482 inquisitione
619 1453 657 1472 ne
679 1442 818 1482 partibus
834 1443 896 1473 illis
918 1443 1018 1474 horno
1035 1443 1082 1478 sit,
1099 1449 1264 1474 excusatur
1282 1454 1300 1474 a
1318 1451 1446 1484 peccato

390 1485 563 1522 homicidii,
580 1487 725 1527 quamvis
749 1487 774 1517 si
798 1487 946 1524 scivisset,
962 1487 1135 1518 occidisset.
1153 1487 1247 1527 Ergo.

449 1529 569 1561 Contra
591 1531 747 1561 rationem
770 1541 844 1561 vero
859 1531 979 1562 litterae
996 1538 1050 1567 est,
1072 1531 1147 1572 quia
1169 1532 1210 1561 ad
1233 1532 1447 1563 excusandum

391 1584 409 1605 a
432 1581 561 1614 peccato
577 1574 691 1606 sufficit
709 1575 820 1606 tollere
835 1575 991 1606 rationem
1007 1575 1184 1612 voluntarii,
1202 1582 1237 1606 ut
1252 1575 1285 1605 in
1304 1577 1448 1617 sequenti

391 1618 522 1649 articulo
547 1626 577 1649 et
599 1621 720 1650 Auctor
738 1619 861 1650 fatetur.
877 1619 1101 1650 Voluntarium
1116 1626 1222 1650 autem
1245 1619 1367 1651 tollitur
1381 1630 1448 1652 non

391 1663 498 1692 solum
521 1673 576 1703 per
598 1663 858 1699 involuntarium,
875 1664 929 1694 sed
952 1674 1007 1704 per
1030 1663 1343 1694 non-voluntarium:
1368 1664 1449 1696 sicut

391 1706 499 1736 album
523 1717 578 1747 per
609 1707 735 1747 nigrum
765 1707 887 1738 tollitur
921 1714 952 1738 et
975 1708 1173 1738 non-album.
1206 1708 1253 1738 Ex
1281 1707 1343 1739 hoc
1373 1718 1447 1750 ergo

351 1752 354 1756 '
390 1751 478 1790 quod
502 1760 568 1781 non
591 1758 697 1782 causat
714 1751 974 1788 involuntarium,
994 1751 1106 1782 inferre
1131 1752 1447 1796 non—excusationem

390 1804 408 1824 a
431 1801 571 1834 peccato,
592 1802 637 1826 est
653 1795 822 1836 ‘sophisma
845 1795 1088 1836 Consequentis.

446 1839 483 1870 V.
504 1840 554 1869 Ad
578 1839 639 1870 hoc
663 1839 775 1870 dicitur
801 1840 888 1880 quod
913 1840 1088 1879 ignorantia
1112 1840 1328 1872 concomitans
1351 1841 1446 1873 habet

391 1883 468 1913 duas
484 1883 691 1914 conditiones.
708 1884 812 1914 Prima
828 1891 883 1921 est,
904 1885 993 1925 quod
1016 1884 1090 1915 facit
1104 1885 1295 1916 nescientem
1314 1895 1379 1917 non
1393 1896 1448 1916 vo-

389 1927 516 1963 lentem,
535 1938 592 1958 nec
616 1935 797 1958 causantem
825 1928 1001 1959 voluntarie
1024 1929 1056 1959 id
1086 1929 1197 1969 ignoti.
1217 1929 1362 1960 Secunda
1384 1937 1446 1966 est,

389 1971 479 2012 quod
501 1971 653 2011 permittit
680 1979 785 2002 actum
809 1972 864 2013 qui
887 1972 938 2009 fit,
971 1982 1037 2003 esse
1061 1972 1197 2003 totaliter
1219 1973 1445 2005 voluntarium.

389 2015 431 2045 Et
446 2025 482 2045 ex
506 2016 563 2046 hac
586 2016 767 2047 conditione
791 2016 933 2057 sequitur
957 2018 1044 2057 quod
1061 2017 1217 2058 quidquid
1239 2017 1448 2058 imputaretur

390 2059 494 2099 agenti
518 2060 584 2090 sine
606 2060 660 2090 illa
682 2060 868 2100 ignorantia,
893 2061 1069 2101 imputatur
1092 2061 1195 2101 agenti
1219 2071 1293 2092 cum
1314 2061 1386 2093 illa:
1410 2071 1446 2093 ac

389 2113 444 2143 per
467 2104 542 2140 hoc,
567 2114 624 2135 nec
648 2111 773 2135 excuset
801 2114 859 2136 nec
883 2112 1016 2136 accuset.
1045 2106 1092 2136 Ex
1114 2106 1216 2146 prima
1238 2116 1314 2137 vero
1337 2106 1446 2139 condi-

388 2147 474 2178 tione
490 2148 584 2178 habet
599 2149 687 2189 quod
703 2159 769 2179 non
784 2149 835 2179 det
850 2159 906 2180 seu
921 2156 1061 2190 apponat
1079 2156 1244 2190 peccatum
1259 2157 1314 2181 aut
1327 2150 1447 2191 peccati

390 2191 655 2222 circumstantiam
675 2203 711 2223 ex
733 2193 854 2232 ignoto.
878 2193 919 2224 Et
935 2192 960 2223 si
979 2193 1040 2224 hoc
1061 2201 1193 2224 vocatur
1208 2204 1363 2231 excusare,
1387 2194 1447 2225 dis-

388 2235 490 2275 tingui
505 2243 618 2276 potest‚
635 2237 723 2277 quod
738 2247 883 2268 excusare
899 2247 917 2268 a
939 2245 1069 2278 peccato
1091 2238 1244 2279 contingit
1266 2238 1445 2279 dupliciter:

389 2280 505 2310 scilicet
529 2281 705 2311 excusando
722 2291 739 2311 a
754 2291 810 2322 per
832 2292 864 2312 se
882 2281 1110 2322 pertinentibus
1125 2283 1173 2315 .ad
1189 2289 1309 2320 actum;
1334 2289 1364 2314 et
1383 2282 1449 2314 hoc

389 2325 488 2354 modo
511 2324 686 2364 ignorantia
709 2335 775 2355 non
799 2333 933 2362 excusat,
957 2326 1041 2367 quia,
1066 2333 1102 2357 ut
1125 2326 1244 2357 dictum
1268 2333 1330 2364 est,
1354 2327 1445 2358 relin-

389 2368 458 2408 quit
476 2369 582 2408 ipsum
597 2369 630 2399 in
646 2378 712 2400 esse
728 2370 909 2410 simpliciter
922 2370 1113 2407 voluntario,
1127 2377 1157 2402 et
1172 2381 1238 2402 non
1253 2371 1328 2402 facit
1337 2370 1445 2411 ipsum

387 2411 637 2444 involuntarium
661 2424 737 2451 esse,
755 2421 791 2444 ut
812 2414 844 2444 in
868 2414 968 2445 littera
991 2414 1113 2446 dicitur.
1137 2415 1211 2445 Alio
1227 2415 1336 2452 modo,
1353 2425 1445 2446 excu-

389 2457 487 2487 sando
512 2459 549 2488 ab
578 2458 711 2488 omnino
735 2468 790 2499 per
814 2458 956 2489 accidens
985 2459 1258 2490 concurrentibus:
1282 2465 1313 2490 et
1335 2459 1373 2490 ab
1396 2459 1444 2490 his

389 2508 523 2538 excusat,
541 2502 614 2543 quia
637 2512 703 2532 non
729 2512 887 2533 meremur
904 2512 961 2533 nec
985 2503 1184 2534 demeremur
1201 2503 1368 2540 habitibus,
1389 2503 1443 2534 sed

388 2544 524 2582 actibus;
551 2553 580 2576 et
603 2554 690 2577 actus
713 2554 885 2587 pensantur
916 2547 1091 2578 secundum
1114 2557 1171 2588 per
1193 2557 1226 2578 se
1249 2547 1443 2588 pertinentia,

387 2594 418 2619 et
440 2599 506 2619 non
530 2591 705 2621 secundum
729 2592 861 2622 omnino
881 2601 936 2631 per
959 2591 1111 2628 accidens,
1129 2601 1210 2633 quae
1233 2592 1292 2623 sub
1311 2591 1444 2623 consilio

387 2642 454 2663 non
478 2634 603 2666 cadunt.
625 2635 665 2666 Et
688 2635 841 2676 quoniam
866 2635 970 2666 omnis
993 2635 1120 2666 scientia
1145 2642 1175 2667 et
1198 2645 1246 2666 ars
1270 2641 1318 2667 est
1339 2636 1378 2666 de
1396 2635 1444 2666 his

386 2687 467 2718 quae
492 2685 565 2709 sunt
587 2689 643 2719 per
666 2689 708 2716 se,
724 2679 797 2710 ideo
821 2683 942 2711 Auctor
965 2679 1089 2720 negavit
1115 2680 1328 2721 ignorantiam
1350 2679 1445 2711 talem

387 2731 542 2753 excusare.
567 2723 608 2754 Et
623 2724 702 2754 ratio
719 2734 775 2754 sua
794 2724 854 2755 fuit
869 2723 998 2764 optima,
1024 2724 1119 2755 relata
1135 2724 1174 2754 ad
1190 2731 1297 2755 actum
1315 2723 1443 2765 peccati,

386 2766 419 2796 in
443 2766 553 2798 ordine
576 2767 615 2798 ad
638 2777 735 2808 quem
758 2767 791 2798 in
814 2769 871 2798 hac
894 2768 1079 2809 quaestione
1103 2775 1213 2799 tractat
1236 2769 1274 2799 de
1298 2768 1444 2808 ignoran-

386 2810 439 2841 tia.
456 2811 544 2843 Licet
555 2821 694 2854 namque
709 2811 925 2843 voluntarium
943 2812 1072 2843 tollatur
1088 2822 1143 2853 per
1166 2811 1444 2843 contradictorium

387 2861 416 2885 et
436 2856 642 2893 contrarium;
662 2856 736 2897 quia
759 2863 865 2887 tamen
885 2856 1009 2896 negatio
1034 2856 1275 2888 contradictoria
1294 2855 1372 2887 nihil
1386 2865 1444 2897 po-

387 2899 441 2936 nit,
467 2906 497 2930 et
520 2906 607 2931 actus
631 2900 750 2941 aliquid
769 2900 873 2941 ponit;
898 2900 1093 2940 impossibile
1118 2907 1164 2931 est
1186 2901 1275 2941 quod
1297 2900 1443 2931 volunta-

385 2943 469 2974 rium
491 2944 620 2975 tollatur
642 2954 698 2985 per
721 2951 837 2981 actum,
854 2945 932 2986 quin
950 2944 1084 2975 ‘tollatur
1099 2955 1154 2984 per
1176 2944 1442 2982 involuntarium;

387 2987 466 3018 sicut
481 2988 591 3019 album
605 2998 660 3030 per
676 2989 802 3020 nullum
816 2989 991 3029 positivum
1014 2988 1135 3019 tollitur
1160 2989 1219 3019 nisi
1234 2999 1291 3029 per
1305 2988 1442 3028 nigrum.

386 3031 522 3063 Intendit
541 3043 615 3073 ergo
630 3033 731 3064 littera
746 3033 844 3074 quod,
865 3033 939 3075 quia
953 3032 1130 3072 ignorantia
1145 3032 1363 3063 concomitans
1378 3041 1443 3062 non

387 3083 493 3106 causat
518 3077 768 3108 involuntarium
797 3082 921 3114 actum,
947 3077 1019 3108 ideo
1049 3086 1115 3107 non
1143 3083 1269 3108 excusat
1292 3086 1309 3107 a
1332 3086 1389 3117 per
1411 3086 1443 3106 se

387 3121 598 3160 spectantibus
613 3122 652 3152 ad
669 3127 775 3152 actum
798 3121 907 3152 illum:
933 3121 1021 3162 quod
1045 3127 1091 3151 est
1113 3120 1242 3151 clarum.
1268 3120 1354 3152 Cum
1377 3130 1443 3162 quo

387 3170 491 3194 tamen
521 3172 580 3196 stat
611 3166 700 3206 quod
730 3173 855 3196 excuset
877 3166 916 3196 ab
940 3164 1074 3196 omnino
1102 3175 1158 3205 per
1185 3164 1344 3196 accidens:
1369 3163 1445 3206 quia

387 3208 493 3238 nullus
517 3208 551 3239 fit
579 3219 614 3239 ex
637 3209 689 3240 illa
722 3210 898 3250 ignorantia
927 3210 960 3240 in
984 3219 1022 3240 eo
1046 3215 1134 3240 actus
1165 3208 1292 3240 volendi
1315 3208 1384 3245 illa;
1409 3214 1446 3239 ut

388 3258 471 3291 patet
494 3253 526 3283 in
551 3254 695 3293 exemplo
720 3254 804 3290 dato,
821 3260 851 3285 et
873 3254 906 3284 in
930 3264 968 3284 eo
992 3253 1047 3294 qui
1070 3253 1201 3294 proprio
1224 3253 1306 3284 lecto
1330 3261 1444 3283 vacans

388 3295 469 3326 actui
495 3296 667 3336 coniugali,
695 3298 830 3328 alienam
853 3309 885 3329 se
915 3303 1150 3338 supponentem
1175 3296 1350 3338 cognoscit,
1375 3296 1443 3327 sola

387 3339 563 3380 ignorantia
587 3341 826 3373 concomitante.

442 3383 494 3414 VI.
512 3383 547 3413 In
564 3384 676 3414 eodem
699 3385 789 3415 tertio
805 3385 946 3422 articulo,
972 3385 1050 3416 circa
1066 3386 1206 3425 primurn
1226 3384 1361 3415 modum
1377 3394 1442 3425 quo

387 3427 563 3467 ignorantia
586 3437 649 3457 non
674 3436 797 3459 excusat
820 3430 956 3460 totaliter
975 3440 991 3459 a
1008 3437 1147 3470 peccato,
1165 3429 1281 3460 scilicet
1304 3438 1340 3459 ex
1356 3434 1443 3469 parte

387 3471 430 3502 rei
446 3471 615 3512 ignoratae,
637 3481 716 3512 quae
732 3479 777 3502 est
791 3472 966 3512 ignorantia
981 3473 1053 3504 facti
1069 3473 1119 3503 vel
1134 3473 1267 3504 faciendi
1276 3482 1283 3510 ;
1310 3473 1443 3503 dubium

388 3515 523 3546 occurrit
542 3526 581 3546 an
605 3522 768 3546 excusetur
790 3516 889 3547 taliter
913 3527 1044 3556 peccans
1069 3517 1205 3548 totaliter
1224 3518 1262 3547 ab
1286 3516 1338 3547 illa
1360 3517 1443 3546 mala

1039 178 1304 225 QUAESTIO
1334 177 1508 222 LXXVI,
1537 178 1832 216 ARTICULUS
1861 181 1910 217 111

1503 256 1735 289 circumstantia
1764 258 1917 298 ignorata.
1943 259 1984 290 Et
2007 266 2053 290 est
2082 260 2160 290 ratio
2185 260 2289 297 dubii,
2314 260 2389 301 quia
2416 260 2485 291 talis
2509 260 2561 291 dat

1502 310 1633 340 operam
1656 302 1699 332 rei
1721 301 1859 338 illicitae,
1883 312 1920 332 ex
1943 312 2008 343 quo
2031 303 2064 333 in
2088 303 2216 335 scientia
2239 304 2320 341 eius,
2346 311 2382 335 ut
2403 304 2436 334 in
2459 304 2560 335 littera

1503 345 1624 382 dicitur,
1642 353 1783 376 remanet
1798 346 1887 387 quod
1902 346 1954 376 ille
1969 353 2056 377 actus
2072 356 2169 387 quem
2188 347 2261 379 facit
2276 354 2322 379 est
2335 348 2448 379 malus.
2465 347 2560 379 Verbi

1502 389 1608 429 gratia,
1626 390 1727 426 Iudas,
1753 400 1827 420 cum
1851 390 1999 430 cognovit
2022 389 2170 426 Thamar,
2191 400 2288 432 quam
2312 392 2469 423 nesciebat
2493 402 2559 422 esse

1502 443 1619 464 nurum
1644 444 1734 464 suam
1750 434 1776 470 *‚
1802 444 1842 464 an
1861 433 1902 464 sit
1923 434 2061 464 totaliter
2077 433 2115 463 ab
2131 433 2268 465 incestus
2282 435 2360 467 vitio
2385 442 2558 471 excusatus,

1502 477 1601 508 sciens
1633 484 1740 508 actum
1763 478 1855 508 illum
1877 487 1952 508 esse
1976 477 2237 514 fornicationem,
2263 479 2318 510 sed
2340 479 2488 519 ignorans
2511 479 2558 510 in-

1501 520 1641 553 cestum?

1556 567 1624 597 VII.
1649 567 1699 596 Ad
1722 566 1784 597 hoc
1807 566 1920 596 dicitur
1944 566 2032 607 quod
2055 565 2191 596 totaliter
2213 573 2260 597 est
2282 573 2446 598 excusatus
2460 567 2500 598 ab
2514 567 2559 597 in-

1503 617 1599 646 cestu,
1623 610 1694 641 licet
1717 620 1783 640 non
1807 621 1825 640 a
1848 610 2069 645 fornicatione,
2094 619 2191 650 quam
2214 609 2390 640 voluntarie
2414 610 2559 643 commit-

1502 654 1594 684 tebat.
1627 654 1688 684 Pro
1716 653 1823 693 regula
1854 664 1992 695 namque
2024 653 2160 694 generali
2187 653 2370 684 habendum
2397 659 2443 684 est
2470 654 2559 695 quod

1501 698 1678 737 ignorantia
1695 707 1731 727 ex
1749 704 1836 737 parte
1851 698 1895 728 rei
1910 697 2071 737 ignoratae
2085 705 2219 734 tantum,
2235 697 2316 729 idest
2331 707 2397 728 non
2417 706 2453 728 ex
2471 704 2558 738 parte

1502 741 1684 781 ignorantis,
1708 741 1788 771 idest
1811 750 1876 771 non
1901 741 2074 782 culpabilis,
2099 749 2225 773 excusat
2247 741 2384 772 totaliter
2406 742 2445 772 ab
2467 742 2557 772 invo-

1501 785 1638 816 luntario
1654 786 1687 815 id
1706 785 1796 825 quod
1814 791 1860 816 est
1882 786 2029 825 proprius
2054 785 2180 816 effectus
2194 785 2397 826 ignorantiae,
2422 785 2486 816 sive
2506 785 2559 817 det

1502 839 1632 870 operam
1655 829 1698 860 rei
1720 829 1822 859 licitae
1846 828 1911 859 sive
1928 829 2061 860 illicitae.
2086 830 2160 860 Non
2183 830 2315 860 enimin
2331 829 2393 860 hoc
2413 828 2559 861 differunt

1502 874 1609 904 dantes
1633 883 1763 913 operam
1782 872 1825 902 rei
1843 872 1945 903 licitae
1961 872 2025 903 sive
2040 873 2179 908 illicitae:
2197 874 2251 905 sed
2266 874 2300 904 in
2314 874 2478 915 voluntate
2492 873 2558 905 lici-

1500 925 1550 948 tae
1574 925 1604 948 et
1622 917 1746 948 illicitae
1761 916 1804 946 rei
1821 916 1974 955 cognitae.
1998 917 2090 947 Unde
2115 917 2190 958 quia
2209 917 2402 949 conveniunt
2415 917 2448 948 in
2465 927 2559 948 causa

1500 960 1703 992 involuntarii
1719 959 1910 1000 simpliciter.
1934 959 2051 991 scilicet
2064 960 2240 1001 ignorantia
2255 961 2447 1002 inculpabili,
2463 971 2557 1002 opor-

1501 1012 1545 1036 tet
1567 1006 1655 1046 quod
1679 1004 1868 1036 conveniant
1890 1004 1923 1033 in
1946 1003 2056 1035 effectu
2080 1015 2136 1045 per
2158 1015 2191 1035 se
2214 1005 2291 1042 eius,
2315 1006 2432 1036 scilicet
2454 1005 2487 1036 in
2510 1006 2557 1036 in-

1500 1049 1679 1081 voluntario
1700 1048 1892 1088 simpliciter.
1916 1048 2008 1079 Unde
2026 1048 2119 1079 Iacob
2139 1059 2332 1089 cognoscens
2348 1049 2440 1081 Liam
2454 1050 2557 1090 prima

1501 1100 1594 1125 nocte
1609 1093 1635 1130 *,
1660 1093 1755 1125 etiarn
1777 1092 1802 1122 si
1827 1102 1920 1122 causa
1943 1092 2156 1123 delectationis
2178 1100 2317 1125 vacasset
2339 1094 2423 1125 actui
2445 1095 2556 1126 coniu-

1501 1137 1581 1177 gali,
1606 1137 1723 1168 credito
1748 1136 1836 1177 quod
1864 1135 1973 1166 fuisset
1996 1135 2068 1166 dare
2093 1146 2224 1176 operam
2246 1137 2292 1168 rei
2312 1137 2454 1175 illicitae;
2479 1138 2558 1169 nihil

1502 1181 1608 1212 minus
1627 1177 1795 1212 ‘excusatus
1819 1187 1898 1210 esset
1922 1190 1939 1209 a
1963 1179 2180 1211 fornicatione.

1557 1225 1649 1256 Iudas
1673 1225 1767 1265 igitur
1790 1234 1854 1254 non
1877 1223 2018 1263 peccavit
2039 1231 2168 1263 peccato
2185 1223 2331 1261 incestus,
2347 1225 2402 1256 sed
2423 1225 2558 1257 fornica-

1500 1269 1604 1300 tionis.
1629 1270 1670 1300 Et
1693 1269 1718 1299 si
1741 1268 1850 1298 fuisset
1871 1268 1934 1299 lata
1949 1267 2102 1298 sententia
2117 1274 2225 1298 contra
2240 1268 2396 1300 incestum
2408 1270 2558 1301 commit-

1499 1320 1610 1350 tentes,
1625 1323 1691 1344 non
1707 1312 1886 1343 incurrisset
1901 1311 2003 1342 illam:
2017 1311 2092 1352 quia
2104 1312 2390 1345 excommunicatio
2406 1323 2558 1354 praesup-

1500 1357 1593 1398 ponit
1614 1357 1700 1388 illam
1724 1357 1859 1396 culpam.
1885 1355 1981 1386 Secus
1997 1362 2104 1386 autem
2126 1355 2207 1388 forte
2229 1363 2308 1387 esset
2324 1357 2363 1388 de
2383 1355 2558 1398 irregulari·

1500 1409 1571 1439 tate,
1589 1401 1614 1432 si
1631 1401 1740 1432 fuisset
1754 1408 1886 1430 annexa:
1907 1399 1982 1440 quia
1996 1399 2138 1441 sequitur
2153 1399 2282 1437 factum,
2299 1407 2331 1432 et
2345 1410 2411 1432 non
2427 1400 2559 1442 requirit

1501 1446 1638 1486 culpam.
1655 1463 1675 1468 —
1691 1445 1731 1476 Et
1748 1445 1808 1474 hoc
1824 1444 1944 1474 ratione
1958 1444 2120 1484 probatur.
2137 1444 2221 1481 Quia
2234 1449 2399 1485 peccatum
2414 1445 2495 1476 adeo
2510 1437 2558 1489 ²5³-

1501 1490 1729 1526 voluntarium‚
1743 1488 1920 1519 secundum
1931 1487 2148 1527 Augustinum
2158 1488 2184 1525 *‚
2201 1489 2287 1529 quod
2299 1490 2329 1520 si
2340 1489 2558 1520 voluntarium

1501 1544 1563 1564 non
1587 1539 1643 1572 est,
1662 1538 1830 1574 peccatum
1855 1541 1918 1562 non
1941 1537 1997 1562 est.
2022 1532 2188 1569 Quantum
2211 1541 2286 1572 ergo
2310 1539 2397 1564 actus
2414 1533 2468 1564 ille
2483 1542 2561 1574 pec&

1501 1578 1559 1609 cati
1583 1588 1649 1608 non
1672 1577 1809 1608 totaliter
1836 1582 2016 1612 excusatus,
2041 1575 2134 1607 habet
2156 1576 2195 1616 de
2218 1576 2418 1614 voluntario,
2443 1587 2479 1608 ac
2501 1575 2558 1618 per

1500 1622 1562 1652 hoc
1589 1622 1667 1652 scito
1692 1620 1859 1664 (quoniam
1883 1619 2098 1650 voluntarium
2121 1627 2248 1661 oportet
2271 1630 2338 1652 esse
2361 1619 2556 1664 cognitum),

1500 1673 1623 1697 tantum
1646 1666 1740 1696 habet
1762 1665 1800 1695 de
1824 1670 1968 1704 peccato:
1999 1663 2053 1694 sed
2076 1671 2233 1705 quantum
2256 1664 2296 1695 ad
2318 1664 2397 1702 hoc,
2420 1675 2488 1697 non
2509 1662 2558 1698 est

1500 1710 1646 1751 proprius
1663 1709 1788 1740 effectus
1802 1707 2005 1748 ignorantiae,
2023 1708 2077 1738 sed
2093 1708 2239 1739 scientiae
2254 1707 2372 1749 potius.
2390 1709 2557 1751 Quantum

1500 1763 1575 1785 vero
1598 1753 1692 1785 habet
1715 1754 1752 1784 de
1775 1752 1998 1788 involuntario,
2021 1758 2146 1783 tantum
2170 1752 2266 1783 habet
2287 1761 2374 1783 error
2401 1757 2558 1794 non-pec*

1500 1798 1576 1829 cati:
1600 1799 1662 1829 hoc
1685 1805 1791 1828 autem
1815 1803 1862 1827 est
1884 1796 1972 1837 quod
1995 1796 2122 1836 proprie
2149 1806 2187 1827 ex
2213 1796 2390 1836 ignorantia
2417 1795 2462 1828 fit.
2489 1797 2561 1831 Nee*

1500 1843 1687 1883 oppositum
1700 1842 1842 1881 intelligo
1856 1841 1889 1871 in
1904 1840 2014 1877 littera.
2031 1839 2194 1878 Quoniam
2209 1841 2248 1872 de
2262 1846 2332 1872 toto
2347 1847 2420 1873 actu
2435 1841 2560 1881 dietum

1499 1887 1630 1927 accipio,
1655 1893 1685 1918 et
1707 1896 1772 1916 non
1796 1886 1835 1916 de
1853 1884 1905 1915 illa
1928 1884 2109 1916 conditione
2131 1894 2214 1926 quae
2237 1891 2284 1916 est
2305 1884 2432 1916 effectus
2455 1884 2561 1922 inual-

1500 1930 1610 1971 pabilis
1633 1930 1840 1970 ignorantiae,
1866 1938 1940 1959 cum
1963 1928 2076 1960 dicitur
2098 1929 2187 1970 quod
2209 1928 2385 1968 ignorantia
2408 1939 2444 1960 ex
2468 1935 2556 1970 parte

1499 1975 1542 2006 rei
1565 1975 1724 2016 ignoratae
1748 1985 1813 2004 non
1838 1979 1965 2004 excusat
1979 1972 2117 2004 totaliter
2134 1982 2152 2003 a
2171 1978 2316 2014 peccato;
2341 1979 2372 2004 et
2385 1973 2474 2014 quod
2488 1982 2556 2014 per-

1499 2019 1619 2050 cutiens
1643 2019 1808 2050 hominem
1835 2026 1933 2058 quem
1959 2015 2058 2047 nescit
2080 2026 2147 2047 esse
2170 2023 2305 2057 patrem,
2330 2026 2397 2047 non
2419 2017 2558 2054 totaliter

1499 2070 1663 2094 excusatur
1686 2073 1703 2093 a
1722 2069 1861 2103 peccato,
1882 2060 1957 2101 quia
1979 2061 2083 2092 adhuc
2105 2067 2246 2092 remanet
2268 2060 2296 2091 ei
2319 2061 2459 2101 cognitio
2482 2069 2540 2102 poa

1499 2114 1568 2139 cati.
2508 2128 2529 2131 v<
2559 2127 2561 2132 .

1556 2152 1638 2183 VIII.
1663 2152 1697 2182 In
1722 2151 1836 2182 eodem
1859 2149 1990 2180 articulo
2018 2149 2153 2180 dubium
2176 2148 2312 2181 occurrit
2339 2149 2420 2180 circa
2443 2158 2561 2185 secun·¹

1499 2196 1577 2227 dum
1600 2196 1749 2231 modum,
1774 2195 1891 2225 scilicet
1913 2203 1950 2224 ex
1973 2200 2060 2234 parte
2087 2193 2281 2233 ignorantiae
2311 2192 2378 2224 eius
2401 2190 2490 2234 quod
2511 2192 2555 2224 te'-

1499 2247 1590 2271 netur
1608 2239 1693 2270 scire.
1719 2239 1802 2277 Quia
1825 2238 2048 2269 insufficienter
2064 2238 2129 2268 duo
2145 2243 2270 2268 tantum
2284 2237 2372 2268 modi
2387 2246 2556 2269 numeran-

1498 2291 1562 2315 tur:
1583 2284 1698 2315 scilicet
1721 2283 1859 2314 affectata
1875 2290 1911 2314 ut
1925 2282 2053 2313 liberius
2072 2288 2189 2323 peccet,
2205 2288 2236 2312 et
2250 2291 2306 2322 per
2321 2279 2554 2321 negligentiam.

1498 2329 1615 2359 Paulus
1639 2337 1776 2368 namque
1800 2327 1976 2367 Apostolus
1999 2326 2038 2356 de
2057 2325 2161 2366 seipso
2181 2325 2255 2356 dicit
2273 2325 2362 2366 quod
2376 2325 2556 2365 ignoranter

1498 2372 1646 2413 peccavit,
1664 2372 1676 2402 I
1694 2372 1737 2402 ad
1760 2372 1837 2402 Tim.
1855 2382 1865 2401 1
1877 2371 1907 2401 *z
1926 2377 1956 2401 et
1974 2377 2082 2401 tamen
2097 2376 2211 2400 neutro
2230 2369 2364 2400 istorum
2380 2369 2553 2400 modorum

1497 2416 1666 2457 ignoravit,
1691 2426 1765 2446 curn
1793 2415 1860 2455 ipse
1887 2415 1970 2445 dicat
1997 2414 2086 2455 quod
2106 2419 2322 2454 paternarum
2346 2413 2553 2444 traditionum

1497 2461 1677 2492 aemulator
1700 2461 1839 2490 existens
1861 2459 1923 2490 hoc
1946 2458 2060 2494 fecerit,
2084 2458 2128 2488 ad
2151 2457 2222 2488 Gal.
2239 2467 2251 2488 1
2264 2456 2291 2488 *.

1553 2505 1606 2535 IX.
1627 2501 1692 2547 [Ad
1707 2503 1848 2544 primum
1863 2499 1994 2546 horum]
2010 2501 2124 2533 dicitur
2146 2501 2235 2542 quod
2258 2500 2362 2531 omnis
2379 2498 2555 2541 ignorantia

1497 2559 1563 2579 non
1592 2558 1742 2579 excusans
1766 2558 1783 2578 a
1806 2553 1949 2588 peccato,
1974 2545 2133 2577 reducitur
2161 2545 2201 2576 ad
2223 2544 2283 2575 hos
2312 2545 2393 2575 duos
2421 2543 2553 2580 modos,

1498 2593 1613 2623 scilicet
1637 2592 1750 2623 directe
1772 2591 1823 2622 vel
1845 2591 2003 2627 indirecte,
2024 2599 2164 2630 quorum
2179 2590 2301 2620 Auctor
2315 2587 2475 2619 meminit:
2500 2587 2554 2618 sed

1497 2646 1563 2667 non
1587 2642 1732 2666 numerat
1755 2645 1867 2666 omnes
1890 2644 2003 2665 eorum
2026 2633 2174 2674 speciales
2193 2633 2318 2670 modos,
2335 2633 2390 2664 sed
2405 2632 2487 2663 duos
2503 2641 2554 2663 ex-

1497 2688 1625 2716 tremm,
1650 2687 1684 2710 ut
1708 2690 1745 2710 ex
1766 2680 1804 2710 iis
1827 2678 1950 2709 medios
1973 2677 2193 2719 percipiamus.
2213 2677 2385 2708 Summum
2404 2675 2487 2707 enim
2507 2675 2555 2706 lo-

1498 2734 1572 2755 cum
1594 2724 1719 2754 videtur
1742 2723 1882 2754 obtinere
1906 2722 1949 2753 sic
1972 2721 2112 2753 studiose
2135 2721 2231 2752 volita
2250 2727 2286 2751 ut
2308 2720 2403 2751 libere
2427 2729 2555 2760 peccare

1496 2768 1603 2799 liceat:
1628 2767 1775 2798 infimum
1798 2777 1888 2803 vero,
1913 2766 2042 2808 quando
2071 2765 2184 2806 aliquis
2213 2771 2386 2806 occupatus
2413 2763 2446 2794 in
2469 2763 2554 2800 aliis,

1497 2812 1664 2853 praecipue
1688 2811 1789 2848 bonis,
1814 2810 1944 2851 negligit
1965 2809 2052 2846 scire,
2072 2809 2152 2840 idest
2175 2809 2289 2840 amittit
2312 2807 2556 2839 sonicitudinem

1498 2856 1624 2887 sciendi.
1650 2856 1733 2887 Inter
1755 2856 1811 2886 has
1827 2861 1934 2886 autem
1949 2853 2067 2885 mediat
2084 2852 2262 2894 ignorantia
2277 2852 2378 2889 Pauli,
2395 2860 2476 2894 quae
2491 2850 2554 2883 fuit

1498 2900 1612 2931 directe
1635 2898 1741 2936 volita,
1767 2909 1825 2939 pro
1849 2905 1970 2940 quanto
1986 2897 2089 2928 noluit
2105 2896 2321 2937 cognitionem
2335 2895 2409 2927 fidei
2427 2894 2555 2926 Christi.

1497 2943 1675 2985 Ignorantia
1691 2953 1829 2984 namque
1854 2943 1920 2973 eius
1944 2942 2005 2973 fuit
2026 2941 2203 2982 ignorantia
2218 2940 2366 2982 opposita
2380 2937 2561 2980 cognitioni¹

1496 2987 1569 3018 fidei
1585 2987 1711 3024 Christi,
1723 2996 1822 3027 quam
1836 2986 2013 3017 voluntarie
2029 2985 2141 3021 noluit,
2158 2994 2225 3015 non
2241 2985 2280 3015 ad
2294 2984 2470 3015 libertatern
2484 2991 2557 3025 pee-

1497 3031 1601 3068 candi,
1626 3031 1680 3062 sed
1703 3031 1742 3061 ad
1766 3030 1957 3071 obsequium
1979 3029 2053 3060 Dei:
2077 3029 2283 3060 arbitrabatur
2305 3027 2391 3059 enim
2409 3025 2560 3067 iniuriam

1496 3068 1706 3112 Deo'facere‚
1731 3074 1826 3105 fldem
1857 3074 1952 3105 talem
1983 3073 2195 3114 suscipiendo.
2222 3072 2315 3104 Unde
2343 3071 2461 3103 ibidem
2479 3068 2557 3112 “ipse

1498 3119 1587 3151 dicit:
1612 3120 1777 3161 Ignorans
1790 3118 1863 3159 feci
1885 3119 1917 3149 in
1943 3117 2174 3148 incredulitate.

1551 3164 1590 3195 X.
1615 3164 1651 3194 In
1674 3163 1789 3194 eodem
1811 3162 1902 3193 tertio
1927 3162 2069 3198 articulo,
2093 3161 2126 3191 in
2149 3160 2355 3202 responsione
2378 3159 2418 3190 ad
2441 3160 2551 3190 secutr-

1498 3208 1585 3244 dum,
1610 3207 1745 3238 dubium
1768 3206 1912 3242 occurrit,
1933 3206 2007 3247 quia
2022 3207 2145 3236 Auctor
2162 3205 2194 3236 in
2213 3205 2267 3236 illa
2282 3202 2491 3252 responsione
2503 3201 2556 3232 de-

1497 3259 1614 3283 struere
1637 3251 1761 3282 videtur
1784 3250 1961 3282 doctrinam
1980 3249 2124 3290 superius
2144 3249 2249 3280 datam
2268 3248 2307 3278 de
2325 3245 2556 3288 specificatione

1497 3302 1710 3337 peccatorum.
1735 3294 1886 3336 Superius
1909 3303 2047 3335 namque
2063 3293 2082 3313 *
2097 3293 2218 3324 dictum
2237 3297 2283 3323 est
2297 3290 2386 3332 quod
2404 3288 2483 3320 ratio
2499 3298 2554 3320 vo-

1495 3339 1622 3371 luntarii
1646 3349 1712 3370 non
1736 3338 1850 3370 sufficit
1869 3338 1908 3368 ad
1931 3337 2068 3379 speciem
2092 3337 2239 3373 dandam,
2263 3334 2318 3366 sed
2344 3338 2470 3374 oportet
2488 3343 2554 3363 esse

1496 3384 1664 3415 intentum.
1689 3384 1788 3414 Modo
1811 3392 1886 3413 vero
1911 3381 2024 3412 dicitur
2047 3381 2136 3423 quod
2156 3380 2190 3411 in
2211 3379 2375 3419 ignorante
2398 3384 2555 3418 quantum

1497 3434 1637 3459 remanet
1660 3428 1698 3458 de
1721 3426 1911 3463 voluntario,
1935 3431 2062 3456 tantum
2084 3430 2224 3455 remanet
2239 3423 2277 3453 de
2293 3421 2468 3452 intentione
2483 3430 2555 3462 pec-

1497 3472 1566 3509 cati,
1585 3479 1614 3503 et
1629 3477 1796 3513 propterea
1818 3480 1885 3500 non
1908 3469 1966 3500 erit
1978 3475 2145 3510 peccatum
2159 3476 2216 3509 per
2234 3465 2385 3497 accidens.
2411 3465 2453 3495 Et
2466 3465 2555 3512 quod

1498 3517 1648 3557 loquatur
1671 3518 1792 3546 Auctor
1815 3514 1928 3544 directe
1952 3513 1991 3543 ad
2019 3511 2221 3553 propositum
2245 3510 2282 3540 de
2306 3508 2552 3550 specificatione,

2586 446 2595 454 '
2608 444 2665 466 Gen.
2676 450 2696 466 c.
2705 451 2797 472 xxxvm,

2585 477 2644 493 vers.
2655 477 2676 493 xz
2692 477 2742 500 sqq.

2584 1100 2593 1110 ·
2603 1099 2662 1122 thia.
2670 1104 2796 1130 enam,

2584 1131 2642 1149 ven.
2652 1131 2676 1149 α
2688 1132 2741 1156 sqq.
2746 1140 2795 1155 “A

2582 1495 2593 1506 '¹
2598 1493 2635 1516 De
2642 1493 2702 1516 Vera
2709 1493 2793 1523 Rels'g„

2583 1526 2635 1549 esp.
2648 1526 2696 1543 nv.

2581 2462 2592 2475 ·
2606 2461 2673 2485 Vera.
2688 2467 2718 2492 ¹³·

2581 2551 2590 2561 ·
2605 2549 2672 2572 vm.
2687 2555 2721 2576 ¹⁴·

2583 3294 2592 3304 ·
2629 3299 2652 3315 ιι.
2665 3298 2738 3320 uxu,
2750 3295 2796 3315 art.

2581 3352 2622 3368 vu.

2583 3325 2605 3348 9,
2656 3322 2753 3342 maneat.
2769 3324 2795 3341 u.
2812 3347 2813 3350 Ἴ
