2840 4010
106 849 117 859 ’
132 848 183 869 Art.
198 847 300 875 praeced.
310 863 316 873 ,

46 889 60 896 μ
106 881 153 902 arg.
164 874 212 895 Sed
225 876 315 895 contra.
345 889 352 895 .

111 1860 118 1868 ¹
134 1858 191 1885 Cap.
205 1865 226 1879 v.

109 2284 118 2293 ¹
130 2283 177 2310 Qu.
192 2289 227 2309 cv,
243 2287 284 2305 art.
298 2289 318 2311 7.

112 3424 121 3432 '¹
142 3422 190 3449 Qu.
209 3428 225 3447 ι,
246 3424 287 3442 art.
307 3427 321 3446 ι,

113 3449 244 3471 Comment.
256 3453 279 3469 n.
292 3453 323 3468 vu

112 3482 163 3503 sqq.

342 180 414 226 342

1017 178 1281 225 QUAESTIO
1313 178 1452 223 CXIII,
1481 176 1776 213 ARTICULUS
1804 177 1840 212 X

1128 311 1444 354 ARTICULUS
1476 310 1725 354 DECIMUS

848 405 1003 436 UTRUM
1027 403 1317 435 1UST1FICAT10
1341 403 1443 435 IMPII
1468 403 1535 434 srr
1559 403 1669 434 opus
1691 402 2009 434 MIRACULOSUM

627 486 693 510 Part.
714 485 731 516 1,
751 492 794 516 qu.
815 490 856 514 σν,
875 488 921 508 art.
941 491 965 515 7,
983 483 1016 507 ad
1039 491 1064 513 1;
1083 482 1103 507 11
1123 482 1205 512 Sent„
1226 481 1285 507 dist.
1303 489 1373 511 xvm,
1392 489 1437 514 qu.
1455 489 1474 511 1,
1493 486 1539 507 art.
1560 481 1583 513 3,
1603 482 1634 507 ad
1655 489 1682 512 2;
1702 481 1744 512 IV,
1759 481 1818 507 dist.
1836 488 1897 512 xvn,
1917 488 1962 514 qu.
1984 488 2005 509 ¹,
2024 485 2072 506 art.
2092 480 2116 512 5,
2135 481 2184 513 qu*
2206 488 2229 507 ι.

407 601 419 608 c
458 595 509 626 mr-
535 594 538 596 —
555 585 578 610 D
597 584 758 609 Decimum
778 583 830 608 sm
850 582 1088 608 moeson-ua.
1109 570 1269 607 Videtur
1297 570 1403 618 quod

410 624 417 632 ⁴
480 624 531 673 '7¹³ss
555 624 766 683 iustificatio
795 624 899 683 impii
927 624 973 660 sit
992 635 1089 672 opus
1117 623 1400 660 miraculosum.

343 782 467 820 maius
486 796 582 832 opus
602 795 718 832 quam
739 783 810 820 alia
829 795 946 831 opera
974 782 1217 827 miraculosa;
1237 790 1279 819 ut
1301 789 1404 830 patet

343 849 412 884 per
444 836 698 884 Augustinum
726 836 764 872 in
802 835 1021 872 auctoritate
1058 835 1212 872 inducta
1238 835 1269 872 ²⁸.
1299 836 1402 883 Ergo

344 888 557 926 iustificatio
586 889 691 938 impii
721 896 776 925 est
803 901 900 937 opus
928 888 1212 925 miraculosum.

398 954 433 978 2.
455 943 686 989 PRAETEREA,
702 949 829 978 motus
847 941 1051 979 voluntatis
1065 941 1116 979 ita
1135 949 1190 978 est
1210 941 1247 978 in
1262 941 1401 988 anima,

344 994 439 1032 sicut
458 995 649 1032 inclinatio
670 995 847 1032 naturalis
867 995 904 1032 in
926 995 1039 1031 rebus
1059 994 1303 1031 naturalibus.
1325 995 1401 1031 Sed

344 1048 497 1097 quando
527 1050 632 1085 Deus
660 1048 800 1097 aliquid
820 1055 997 1097 operatur
1023 1047 1062 1085 in
1085 1048 1199 1084 rebus
1227 1047 1402 1084 naturali-

344 1102 415 1137 bus
436 1109 565 1138 contra
593 1101 876 1138 inclinationem
896 1108 1064 1148 naturae,
1086 1108 1142 1137 est
1169 1113 1266 1149 opus
1290 1100 1403 1137 mira-

346 1155 536 1191 culosum:
558 1154 653 1191 sicut
673 1167 761 1193 cum
780 1154 964 1191 illuminat
985 1165 1154 1200 caecum,
1169 1154 1231 1190 vel
1251 1153 1405 1190 suscitat

345 1214 550 1244 mortuum.
572 1207 757 1245 Voluntas
777 1214 903 1244 autem
925 1206 1030 1255 impii
1050 1206 1168 1242 tendit
1187 1205 1224 1243 in
1245 1207 1402 1244 malum.

346 1261 445 1296 Cum
474 1259 583 1307 igitur
600 1261 717 1309 Deus,
745 1259 983 1298 iustificando
1012 1258 1222 1306 hominem,
1249 1267 1406 1296 moveat

345 1325 432 1349 eum
460 1312 499 1349 in
531 1313 700 1362 bonum,
729 1313 881 1351 videtur
908 1312 1014 1361 quod
1050 1311 1263 1348 iustificatio
1298 1311 1404 1361 impii

344 1366 390 1403 sit
416 1366 653 1404 miraculosa.

401 1420 435 1456 3.
456 1419 697 1467 Pam-Eam,
727 1419 822 1456 sicut
849 1418 1031 1467 sapientia
1060 1424 1115 1454 est
1143 1417 1290 1455 donum
1319 1418 1403 1465 Dei,

345 1472 395 1509 ita
422 1478 459 1508 et
485 1473 634 1510 iustitia.
661 1472 737 1510 Sed
765 1472 1037 1509 miraculosum
1066 1478 1121 1507 est
1139 1472 1243 1519 quod
1271 1470 1406 1520 aliquis

346 1525 470 1563 subito
491 1526 571 1563 sine
591 1531 609 1547 ‘²
633 1525 757 1563 studio
777 1524 1010 1574 sapientiam>
1023 1531 1245 1572 assequatur
1264 1536 1286 1560 a
1305 1525 1401 1561 Deo.

346 1580 448 1627 Ergo
486 1580 755 1616 miraculosum
785 1585 841 1615 est
872 1577 978 1625 quod
1012 1577 1145 1625 aliquis
1182 1575 1322 1625 impius
1350 1577 1405 1613 iu-

346 1631 526 1669 stificetur
554 1645 576 1669 a
603 1633 699 1669 Deo.

401 1686 475 1722 SED
503 1697 659 1732 CONTRA,
684 1697 801 1733 opera
829 1684 1055 1721 miraculosa
1084 1690 1171 1719 sunt
1188 1695 1311 1731 ,supra
1337 1694 1406 1732 po-

344 1738 500 1775 tentiam
529 1738 750 1775 naturalem.
772 1737 850 1774 Sed
877 1736 1089 1774 iustificatio
1117 1735 1224 1784 impii
1252 1748 1331 1773 non
1352 1743 1407 1773 est

346 1803 459 1840 supra
486 1791 695 1840 potentiam
725 1791 951 1827 naturalem:
982 1789 1070 1827 dicit
1102 1788 1204 1826 enirn
1232 1789 1410 1837 Augusti-'

345 1857 428 1892 nus,
449 1844 486 1881 in
506 1844 601 1881 libro
621 1845 666 1881 de
683 1843 870 1880 Praedest.
891 1844 1015 1880 Sanct.
1035 1842 1067 1889 ⁸¹²,
1087 1842 1194 1891 quod
1206 1853 1318 1890 posse
1340 1843 1406 1879 ha·

347 1898 434 1934 bere
454 1898 584 1945 fidem,
603 1897 699 1934 sicut
718 1908 830 1945 posse
856 1897 994 1933 habere
1021 1895 1226 1941 caritatem,
1248 1900 1407 1932 naturae

345 1956 399 1987 est
414 1950 631 1987 hominum.-
650 1950 788 1986 habere
806 1955 930 1986 autem
951 1948 967 1979 β
985 1949 1135 1998 gratiae
1153 1953 1207 1984 est
1218 1948 1405 1996 fidelium.

346 2004 447 2051 Ergo
471 2003 683 2040 iustificatio
711 2002 817 2051 impii
845 2015 923 2039 non
953 2010 1007 2038 est
1035 2001 1273 2038 miraculosa.

399 2058 624 2093 Respounsso
652 2067 836 2093 mcaNDuM
856 2055 962 2105 quod
981 2055 1019 2092 in
1045 2054 1224 2103 operibus
1244 2053 1407 2092 miracu-

345 2109 434 2146 losis
461 2109 530 2146 tria
568 2116 848 2146 consueverunt
875 2108 1046 2146 inveniri.
1078 2109 1255 2154 Quorum
1287 2119 1408 2145 unum

347 2170 402 2199 est
430 2175 474 2199 ex
502 2170 608 2211 parte
636 2161 825 2210 potentiae
860 2161 1020 2210 agentis:
1051 2160 1140 2210 quia
1168 2161 1249 2198 sola
1278 2160 1407 2198 divina

344 2216 481 2252 virtute
496 2215 579 2252 fieri
597 2223 766 2264 possunt.
783 2216 832 2252 Et
850 2214 937 2251 ideo
958 2221 1045 2251 sunt
1063 2213 1281 2262 simpliciter
1299 2213 1407 2261 mira,

346 2268 454 2317 quasi
481 2268 658 2305 habentia
686 2280 841 2305 causam
871 2269 1070 2314 occultam,
1093 2274 1136 2303 ut
1163 2266 1201 2304 in
1229 2266 1361 2304 Primo
1387 2266 1410 2289 ‘⁸

346 2322 488 2358 dictum
504 2329 570 2358 est.
587 2322 636 2358 Et
650 2320 861 2358 secundum
880 2322 965 2368 hoc,
982 2328 1060 2357 tam
1075 2319 1287 2357 iustificatio
1303 2319 1408 2369 impii

346 2387 462 2423 quam
491 2374 629 2411 creatio
658 2374 804 2420 mundi,
825 2381 862 2411 et
884 2372 1144 2411 universaliter
1164 2385 1281 2410 omne
1309 2385 1406 2422 opus

346 2428 451 2476 quod
479 2439 501 2464 a
529 2428 611 2464 solo
640 2428 724 2464 Deo
754 2427 835 2464 fieri
864 2433 1003 2476 potest,
1033 2426 1304 2463 miraculosum
1334 2426 1407 2469 dici

345 2488 480 2530 potest.

400 2533 590 2580 Secundo,
629 2533 666 2570 in
695 2531 925 2582 quibusdam
954 2531 1188 2568 miraculosis
1226 2532 1405 2581 operibus

346 2586 534 2623 invenitur
561 2585 666 2635 quod
695 2586 818 2623 forma
846 2584 999 2622 inducta
1022 2593 1078 2621 est
1106 2596 1220 2633 supra
1255 2593 1405 2623 natura-

346 2640 421 2676 lem
441 2640 650 2688 potentiam
670 2639 750 2676 talis
770 2637 969 2675 materiae:
990 2637 1085 2674 sicut
1104 2637 1142 2674 in
1161 2637 1403 2676 suscitatione

346 2693 485 2730 mortui
513 2693 591 2730 vita
620 2699 675 2729 est
702 2703 816 2740 supra
843 2691 1052 2727 naturalem
1084 2690 1292 2739 potentiam
1321 2692 1403 2729 talis

347 2746 524 2794 corporis.
553 2746 603 2782 Et
631 2752 815 2794 quantum
848 2743 897 2780 ad
928 2743 1023 2789 hoc,
1052 2743 1264 2780 iustificatio
1298 2743 1403 2794 impii

346 2811 424 2835 non
453 2806 507 2835 est
543 2798 790 2835 miraculosa:
820 2797 909 2845 quia
945 2796 1162 2834 naturaliter
1192 2797 1319 2834 anima
1348 2804 1403 2834 est

346 2851 483 2898 gratiae
518 2863 656 2900 capax;
692 2858 735 2888 eo
765 2850 867 2887 enim
896 2850 973 2898 ipso
1005 2850 1105 2898 quod
1127 2851 1240 2898 sacta
1272 2855 1327 2887 est
1351 2850 1404 2887 ad

399 2963 425 2995 α)
446 2964 508 2989 sine.
526 2978 545 2983 -
557 2964 637 2997 finito
656 2964 867 2995 ACDEGLpBH,
886 2963 942 2988 sine
960 2958 1050 2995 aliquo
1069 2965 1113 2988 sss.

399 2998 425 3068 ἐξ
444 2999 672 3059 ῖὲἷΐίιηὶιΐ-έῐάωη
692 2999 913 3032 quemadmodum
933 2999 1028 3024 habere
1046 2998 1188 3024 caritatem
1207 2999 1276 3024 addit
1290 2999 1319 3024 P.

1458 570 1663 619 imaginem
1692 570 1781 616 Dei,
1811 581 1937 618 capax
1970 575 2025 606 est
2049 569 2124 606 Dei
2154 581 2229 618 per
2262 571 2452 620 gratiam,
2478 578 2520 615 ut

1457 623 1689 670 Augustinus
1719 622 1807 659 dicit
1826 623 1856 659 ¹⁸.

1510 675 1641 712 Tertio
1662 675 1794 722 modo,
1815 675 1853 712 in
1872 674 2051 724 operibus
2071 674 2308 713 miraculosis
2330 675 2520 715 invenitur

1458 728 1598 777 aliquid
1635 735 1785 776 praeter
1817 727 1972 766 solitum
2009 735 2046 765 et
2083 736 2307 769 consuetum
2344 729 2519 767 ordinem

1458 781 1638 818 causandi
1679 780 1878 817 effectum:
1914 781 2010 818 sicut
2047 793 2135 818 cum
2174 781 2308 829 aliquis
2344 781 2520 820 infirmus

1457 834 1652 871 sanitatem
1673 833 1878 881 perfectam
1905 834 2117 883 assequitur
2135 834 2272 882 subito,
2292 842 2443 884 praeter
2459 847 2520 872 so-

1456 887 1564 924 litum
1600 898 1752 923 cursum
1791 886 1995 923 sanationis
2034 899 2132 936 quae
2160 887 2203 924 fit
2230 900 2253 924 a
2290 895 2424 925 natura
2457 889 2520 926 vel

1457 947 1546 977 arte.
1568 941 1617 976 Et
1634 946 1818 988 quantum
1846 939 1895 976 ad
1923 940 2009 986 hoc,
2029 940 2240 977 iustificatio
2268 941 2374 989 impii
2402 953 2521 990 quan-

1457 993 1583 1042 doque
1600 1000 1654 1029 est
1670 992 1906 1039 miraculosa,
1924 999 1960 1028 et
1974 993 2205 1041 quandoque
2221 1006 2310 1031 non.
2328 995 2396 1031 Est
2416 994 2519 1031 enim

1456 1046 1524 1083 iste
1554 1053 1756 1082 consuetus
1777 1052 1813 1081 et
1841 1045 2058 1082 communis
2078 1058 2208 1083 cursus
2233 1047 2517 1095 iustificationis,

1455 1106 1509 1147 ut,
1529 1100 1614 1136 Deo
1639 1105 1818 1136 movente
1846 1097 2000 1134 interius
2019 1098 2200 1146 animam,
2220 1099 2340 1138 homo
2361 1112 2519 1138 conver-

1457 1159 1556 1189 tatur
1582 1151 1630 1188 ad
1658 1153 1801 1198 Deum,
1828 1150 1954 1199 primo
1984 1150 2139 1199 quidem
2174 1153 2422 1194 conversione
2451 1153 2518 1190 im-

1457 1205 1634 1254 perfecta,
1657 1212 1692 1240 et
1710 1209 1725 1231 Ὑ
1753 1204 2002 1252 postmodum
2021 1204 2070 1240 ad
2089 1204 2297 1253 perfectam
2323 1206 2516 1243 deveniat:
2643 1208 2661 1234 Υ

1459 1258 1548 1306 quia
1585 1258 1721 1294 caritas
1758 1257 1931 1294 inchoata
1967 1262 2132 1294 meretur
2158 1258 2312 1308 augeri,
2343 1264 2384 1295 ut
2408 1265 2519 1296 aucta

1458 1316 1649 1347 mereatur
1670 1310 1818 1358 perfici,
1846 1309 1941 1346 sicut
1967 1310 2202 1358 Augustinus
2231 1310 2319 1351 dicit
2335 1310 2369 1349 ⁸.
2389 1311 2519 1359 Quan-

1459 1364 1586 1413 doque
1614 1375 1707 1400 vero
1727 1370 1805 1399 tam
1833 1363 2083 1400 vehementer
2105 1364 2211 1401 Deus
2239 1363 2408 1401 animam
2435 1374 2521 1403 mo-

1457 1424 1524 1454 vet
1543 1416 1565 1438 ’¹‘
1599 1424 1640 1453 ut
1668 1416 1791 1453 statim
1826 1416 2019 1464 quandam
2053 1416 2326 1466 perfectionem
2362 1417 2529 1455 iustitiae
2547 1430 2602 1452 vn.
2616 1436 2663 1459 491.
2706 1431 2762 1459 mg

1459 1478 1700 1518 assequatur:
1721 1468 1816 1505 sicut
1843 1468 1911 1506 fuit
1936 1468 1975 1506 in
2000 1469 2252 1507 conversione
2274 1470 2395 1531 Pauli,
2415 1470 2521 1509 adhi-

1459 1523 1536 1560 bita
1570 1523 1683 1559 etiam
1719 1521 1880 1559 exterius
1914 1521 2142 1560 miraculosa
2174 1522 2450 1572 prostratione:
2473 1524 2523 1561 Et

1459 1574 1547 1613 ideo
1585 1575 1783 1613 conversio
1819 1574 1947 1620 Pauli,
1985 1582 2186 1624 tanquam
2199 1576 2448 1626 miraculosa,
2482 1576 2521 1630 in

1459 1629 1629 1666 Ecclesia
1658 1635 1983 1665 commemoratur
2009 1628 2205 1666 celebriter
2221 1629 2252 1666 *.

1512 1684 1571 1719 An
1600 1693 1735 1718 pthJM
1763 1693 1862 1718 ERGO
1890 1693 2074 1718 DICENDUM
2103 1680 2207 1730 quod
2231 1682 2422 1731 quaedam
2449 1684 2520 1720 mi-

1460 1736 1632 1772 raculosa
1656 1746 1784 1782 opera,
1807 1732 1874 1771 etsi
1902 1733 1975 1770 sint
1993 1733 2143 1771 minora
2162 1746 2280 1782 quam
2308 1730 2522 1774 iustificatib

1459 1787 1565 1837 impii
1593 1795 1778 1836 quantum
1799 1787 1846 1824 ad
1875 1787 2022 1824 bonum
2046 1787 2152 1836 quod
2178 1788 2244 1836 fit,
2273 1795 2362 1826 sunt
2391 1784 2524 1827 tamen

1460 1848 1609 1890 praeter
1628 1847 1852 1877 consuetum
1881 1840 2055 1877 ordinem
2074 1840 2205 1877 talium
2235 1841 2454 1880 effectuum.
2468 1837 2525 1909 Et

1460 1895 1548 1932 ideo
1575 1895 1660 1943 plus
1687 1894 1828 1930 habent
1857 1893 1904 1930 de
1932 1893 2078 1931 ratione
2104 1892 2286 1931 miraculi.
2329 1899 2332 1903 ’

1514 1950 1573 1984 An
1602 1958 1790 1983 SECUNDUM
1813 1958 1997 1984 DICENDUM
2027 1946 2131 1994 quod
2151 1959 2230 1984 non
2259 1943 2522 1996 quandocum-

1462 2012 1536 2060 que
1566 2013 1624 2037 res
1653 1999 1829 2036 naturalis
1857 2006 2036 2036 movetur
2073 2007 2204 2037 contra
2232 2012 2341 2037 suam
2368 1999 2522 2038 inclina*

1461 2053 1617 2099 tionem,
1639 2060 1694 2089 est
1722 2065 1819 2101 opus
1848 2052 2136 2100 miraculosum,
2164 2053 2333 2102 alioquin
2361 2052 2522 2093 miracu-

1461 2106 1587 2143 losum
1618 2113 1713 2142 esset
1732 2105 1837 2154 quod
1866 2117 1965 2155 aqua
1994 2104 2194 2154 calefieret,
2214 2107 2276 2144 vel
2297 2108 2401 2157 quod
2429 2106 2523 2166 lapis

1463 2171 1614 2196 sursum
1642 2158 1903 2207 proiiceretur:
1933 2159 2000 2196 sed
2029 2159 2182 2208 quando
2202 2157 2215 2182 ὃ
2243 2158 2319 2196 hoc
2345 2159 2389 2197 fit
2414 2163 2524 2210 prae-
2648 2165 2666 2190 ὃ

1461 2220 1518 2249 ter
1545 2212 1718 2249 ordinem
1745 2211 1922 2260 propriae
1951 2224 2100 2258 causae,
2122 2223 2220 2265 quae
2249 2219 2337 2251 nata
2365 2221 2422 2250 est
2448 2213 2523 2265 hoc

1461 2265 1824 2302 facere.1ustificare
1844 2272 1970 2301 autem
1999 2265 2161 2314 impium
2183 2266 2289 2303 nulla
2316 2262 2389 2303 alia
2409 2262 2523 2303 causa

1460 2326 1586 2380 potest
1604 2318 1673 2354 nisi
1694 2319 1816 2355 Deus:
1841 2318 1937 2354 sicut
1963 2330 2034 2355 nec
2058 2330 2198 2378 aquam
2228 2316 2432 2357 calefacere
2451 2310 2524 2361 nisi

1461 2372 1566 2420 ignis.
1597 2372 1645 2408 Et
1672 2371 1758 2408 ideo
1787 2370 1998 2408 iustificatio
2027 2371 2132 2420 impii
2161 2384 2183 2409 a
2211 2373 2309 2420 Deo,
2338 2366 2523 2421 quantuffi

1461 2425 1510 2463 ad
1537 2425 1623 2471 hoc,
1645 2437 1722 2461 non
1751 2432 1806 2461 est
1833 2423 2071 2465 miraculosa.

1512 2479 1571 2515 AD
1590 2489 1748 2514 TERTmM
1769 2489 1952 2514 DICENDUM
1972 2478 2078 2526 quod
2098 2475 2323 2526 sapientiam
2345 2484 2380 2514 et
2399 2477 2522 2514 scien-

1459 2530 1550 2568 tiam
1577 2531 1696 2568 homo
1721 2537 1830 2567 natus
1860 2537 1915 2567 est
1934 2529 2130 2579 acquirere
2150 2535 2163 2551 ⁸
2191 2542 2213 2567 a
2241 2531 2326 2567 Deo
2345 2541 2415 2579 per
2434 2542 2523 2580 pro·
2645 2541 2655 2557 ε
2752 2575 2757 2580 .

1458 2583 1584 2632 prium
1619 2583 1811 2632 ingenium
1846 2590 1883 2620 et
1917 2582 2143 2620 studium*:
2174 2590 2210 2620 et
2241 2582 2328 2620 ideo
2367 2583 2521 2633 quando
2549 2580 2757 2624 ἀιιηζῇζᾈᾋ

1458 2644 1605 2686 praeter
1641 2638 1742 2674 hunc
1779 2635 1940 2673 modum
1977 2637 2096 2674 homo
2133 2635 2283 2686 sapiens
2308 2635 2372 2673 vel
2401 2635 2523 2677 sciens
2550 2678 2564 2689 ·.

1458 2690 1637 2735 efficitur,
1671 2698 1726 2727 est
1768 2689 2053 2726 miraculosum.
2091 2689 2168 2742 Sed
2199 2688 2357 2738 gratiam
2393 2684 2524 2729 ἰυεῒὶίὶ’·-

1456 2744 1604 2780 cantem
1625 2755 1702 2779 non
1731 2750 1786 2779 est
1813 2743 1933 2779 homo
1962 2750 2071 2779 natus
2099 2740 2294 2792 acquirere
2321 2754 2391 2792 per
2413 2751 2524 2793 suam

1455 2795 1736 2844 operationem,
1774 2795 1841 2832 sed
1877 2796 1962 2832 Deo
1998 2803 2192 2845 operante.
2221 2794 2334 2833 Unde
2362 2806 2441 2832 non
2469 2791 2526 2832 est

2546 627 2557 639 ⁹
2574 627 2610 648 De
2631 627 2695 650 Trin.
2714 628 2757 650 lib.

2546 652 2608 681 xlv,
2623 659 2675 681 etp.
2687 659 2737 677 vm.

2547 1325 2764 1380 :affin

2547 1638 2666 1668 “D-985

1453 2848 1587 2892 simile.

1514 2963 1540 2996 ὂ)
1560 2964 1676 2996 quando.
1693 2977 1712 2982 -
1730 2963 1888 2996 quandoque
1906 2962 1953 2988 Pa.

1513 2997 1536 3032 ε)
1556 2998 1703 3030 acquirere.
1721 3012 1740 3018 -
1756 2999 1876 3030 accipere
1894 2997 1971 3023 EFK.

1023 3103 1353 3136 Commeneana
1374 3102 1623 3136 cardinalis
1645 3102 1845 3136 Caietam

353 3200 398 3261 IN
422 3190 551 3221 articulo
583 3191 705 3221 decimo
735 3191 875 3222 eiusdem
904 3192 1111 3232 quaestionis,
1142 3192 1276 3222 dubium
1299 3191 1411 3232 triplex

381 3235 522 3265 occurrit.
547 3235 690 3265 Primum
715 3242 760 3265 est
783 3236 862 3266 circa
885 3235 981 3266 illud:
1005 3237 1122 3266 Anima
1147 3236 1341 3266 naturaliter
1363 3241 1410 3267 est

350 3286 454 3317 capax
475 3280 612 3318 gratiae.
629 3279 760 3309 Videtur
783 3280 867 3309 enim
891 3281 979 3320 quod
1008 3281 1185 3310 secundum
1212 3286 1408 3320 praesentem

351 3321 534 3357 doctrinam,
557 3322 590 3352 in
613 3323 718 3352 anima
740 3323 779 3353 sit
802 3323 943 3363 potentia
965 3324 1114 3354 naturalis
1137 3324 1177 3354 ad
1199 3324 1348 3364 gratiam,
1371 3334 1408 3355 ac

350 3374 405 3404 per
426 3364 488 3395 hoc
511 3366 550 3394 ad
574 3365 668 3395 fidem
691 3373 720 3396 et
742 3366 802 3396 alia
824 3367 1018 3397 huiusmodi.
1042 3367 1143 3398 Cuius
1166 3368 1352 3408 oppositum
1374 3368 1407 3398 in

350 3409 455 3439 Prima
478 3409 567 3439 Parte
583 3407 598 3424 *
622 3410 766 3446 diximus,
791 3417 899 3441 contra
922 3411 1064 3442 Scotum.

406 3453 442 3483 II.
461 3452 643 3483 Secundum
666 3460 712 3483 est
727 3453 807 3484 circa
830 3454 917 3490 illud,
939 3455 1027 3495 quod
1042 3455 1139 3494 gratia
1162 3465 1228 3485 non
1252 3462 1298 3486 est
1312 3464 1407 3496 super

351 3497 524 3527 naturalem
549 3496 723 3536 potentiam
746 3497 846 3536 impii,
867 3498 946 3528 sicut
967 3499 1030 3528 vita
1054 3509 1147 3538 supra
1171 3499 1348 3539 potentiam
1371 3500 1403 3529 in

1463 3201 1596 3231 corpore
1619 3198 1757 3222 mortuo.
1775 3191 1862 3223 Sicut
1881 3192 1967 3222 enim
1981 3192 2015 3222 in
2039 3202 2172 3233 corpore
2188 3198 2317 3223 mortuo
2341 3199 2387 3222 est
2410 3199 2524 3232 poten-

1461 3235 1504 3266 tia
1522 3242 1643 3266 remota
1663 3236 1702 3266 ad
1718 3235 1824 3272 vitam,
1842 3242 1873 3266 et
1895 3246 1961 3266 non
1976 3237 2170 3278 propinqum
2187 3237 2230 3267 ita
2253 3236 2285 3266 in
2305 3236 2410 3266 anima
2425 3236 2524 3276 impin

1461 3286 1508 3322 est
1531 3280 1671 3331 potentia
1694 3287 1815 3310 remota
1837 3280 1878 3310 ad
1900 3280 2043 3320 gratiam,
2059 3287 2091 3311 et
2112 3290 2178 3311 non
2201 3280 2403 3326 propinqua.
2418 3280 2523 3312 Immo

1461 3319 1561 3363 magis
1575 3323 1639 3354 vita
1654 3330 1700 3354 est
1713 3324 1746 3354 in
1761 3324 1903 3364 potentia
1925 3324 2060 3355 naturali
2073 3325 2143 3355 talis
2159 3324 2310 3365 corporis,
2335 3332 2433 3364 quam
2455 3320 2524 3362 gra-

1460 3367 1503 3398 tia
1526 3368 1559 3397 in
1583 3368 1724 3407 potentia
1747 3368 1881 3398 naturali
1911 3368 2035 3398 animae
2057 3368 2191 3408 impiae.
2214 3367 2290 3408 quia
2316 3367 2396 3401 illud
2418 3372 2524 3407 potest

1459 3421 1516 3452 per
1539 3412 1655 3442 multas
1678 3411 1955 3442 transmutationes
1973 3412 2081 3443 reduci
2103 3413 2135 3442 in
2157 3412 2257 3442 vitam
2280 3411 2334 3441 ab
2342 3417 2455 3450 agente
2468 3411 2522 3440 na-

1460 3455 1563 3492 turali,
1579 3456 1675 3494 gratia
1697 3465 1773 3486 vero
1796 3465 1873 3486 non.

1516 3500 1566 3530 111.
1585 3500 1731 3530 Tertium
1747 3506 1793 3530 est
1809 3499 1841 3530 in
1857 3499 2063 3540 responsione
2079 3500 2120 3530 ad
2136 3499 2321 3534 secundum,
2338 3498 2417 3528 circa
2432 3498 2522 3534 illud,
