2840 4010
0 984 4 1014 [
47 977 58 988 ·
67 976 104 999 (Ϊ.
111 981 196 999 nuum!
205 983 256 1005 sqq.

124 1864 147 1884 λι
164 1862 227 1884 xvj!
248 1866 252 1869 “

22 2727 254 2779 astuariz

35 2783 136 2808 samm,
146 2771 185 2805 t».
200 2782 218 2809 1,
231 2788 252 2805 e.

24 2859 25 2862 ,
38 2815 134 2858 ποτε.
147 2841 182 2863 ³7.

840 200 854 207 “
940 193 1204 240 QUAESTlO
1234 195 1407 242 LXXIX,
1437 194 1733 233 ARTICULUS
1761 196 1810 233 111

2406 208 2456 244 79

288 270 451 301 aversione
474 270 624 301 consistit.
649 270 750 302 Cuius
767 271 894 311 signum
917 278 962 302 est
977 272 1066 311 quod
1080 271 1278 302 habituatum
1301 272 1347 302 in·
1373 276 1376 315 Ι
1401 281 1521 304 rantem
1545 283 1622 305 esse.
1643 274 1734 305 Unde
1751 274 1825 305 licet
1841 274 1942 314 possit
1964 273 2030 305 fieri
2047 274 2250 306 comestionis
2269 274 2454 311 similitudo,

288 314 511 354 temperantiae
533 314 626 350 vitio,
651 315 755 345 statim
779 322 815 345 ut
836 315 990 355 poenitet,
1015 325 1079 346 non
1104 315 1272 346 comitatur
1295 315 1347 345 de-

289 357 448 394 formitaS,
472 358 547 399 quia
574 358 696 389 sublata
720 365 766 399 est
788 359 928 395 aversio;
958 366 988 390 et
1013 365 1190 398 perseverat
1213 358 1346 397 privatio

287 401 412 443 habitus
428 401 652 442 temperantiae
668 402 846 443 acquisitae,
865 409 1082 442 perseverante
1096 401 1252 442 pronitate
1273 411 1346 431 con-

286 445 439 476 versionis
468 446 507 476 ad
538 446 697 476 obiectum
726 445 1000 486 intemperantiae;
1031 453 1096 474 non
1126 444 1210 474 enim
1242 444 1346 474 statim

288 489 410 520 desinit.
734 510 739 513 -
776 503 823 522 »κ

343 534 394 564 Ad
418 533 638 574 probationem
651 543 738 569 vero,
754 532 828 573 quia
851 531 994 563 consistit
1011 531 1044 561 in
1067 530 1242 570 privatione
1258 531 1346 561 recti-

287 577 406 609 tudinis
422 578 544 609 debitae
557 578 659 609 inesse
673 577 767 614 actui,
806 576 813 582 '
835 575 897 606 ‘tur
911 575 999 615 quod
1017 581 1063 605 est
1081 574 1244 614 sophisma
1260 574 1344 604 Con-

288 621 457 663 sequentis.
482 621 644 659 Concesso
668 620 754 665 enim
765 577 922 692 hzznon
938 617 1095 658 sequitur:
1120 617 1204 657 Ergo
1227 617 1260 648 in
1284 618 1345 658 pri-

287 664 413 695 vatione
441 665 536 696 huius
563 662 772 701 rectitudinis,
796 673 828 693 sc
843 662 914 706 ¹icet
940 660 1120 692 obiectivae.
1152 661 1232 691 Dico
1261 661 1346 691 enim

288 709 376 750 quod
401 709 541 740 consistit
554 707 778 748 injprivati'one
801 705 994 753 rectitudinis
1011 705 1131 735 debitae
1152 705 1252 735 inesse
1274 705 1345 735 sub-

288 759 383 784 strato
407 753 490 784 actui
512 753 545 782 iri
569 751 680 782 ordine
694 751 734 782 ad
756 751 868 790 legem,
885 759 966 790 quae
988 755 1119 780 vocatur
1140 748 1346 779 conformitas

287 797 327 827 ad
349 797 462 837 legem,
486 796 575 826 cuius
597 794 732 835 privatio
754 801 886 824 vocatur
909 793 1039 829 aversio,
1062 793 1095 824 in
1118 802 1182 833 qua
1206 792 1347 823 consistit

287 839 470 880 dafpmims
491 839 619 880 peccati.

307 919 309 921 ¹
333 880 409 931 „gt-
424 884 450 915 si
467 889 596 925 propter
617 882 698 912 hane
721 882 882 912 veritatem
906 887 1045 911 mutetur
1068 886 1299 920 argumentum,
1316 887 1346 910 et

286 922 434 969 ar'gh'fatur
449 928 488 958 de
504 925 702 957 deformitate
725 935 779 955 seu
797 925 968 960 aversione,
989 934 1025 954 ex
1039 923 1100 954 hoc
1116 923 1204 965 quod
1221 923 1344 963 insepa-

285 965 422 1002 rabiliter
437 970 579 1011 sequitur
591 969 631 999 ad
647 968 784 1009 speciem
796 969 952 999 absolute:
969 968 1031 998 iam
1048 973 1132 1008 patet
1143 967 1307 1007 responsio
1317 967 1343 1003 *,

285 1016 374 1057 quod
389 1015 519 1056 quando
534 1014 640 1054 aliqua
664 1013 783 1053 species
798 1013 934 1042 vindicat
949 1012 1008 1042 sibi
1025 1020 1091 1042 non
1109 1011 1217 1041 solum
1237 1021 1342 1051 agens,

284 1056 339 1090 sed
361 1068 457 1099 agens
473 1058 631 1094 deficiens,
645 1067 713 1088 non
729 1056 854 1097 oportet
873 1065 974 1087 omne>
987 1065 1083 1096 agens
1103 1065 1234 1086 causans
1256 1055 1343 1087 illam

284 1104 431 1144 speciem,
446 1112 572 1133 causare
584 1102 741 1132 defectum
759 1101 963 1132 comitantem
977 1099 1079 1136 illam,
1091 1099 1167 1141 quia
1181 1105 1242 1130 stat
1255 1099 1344 1140 quod

283 1147 424 1178 defectus
446 1147 498 1177 ille
522 1146 666 1176 adveniat
689 1155 725 1175 ex
748 1144 929 1182 deficiente;
953 1143 1048 1179 sicut,
1072 1143 1098 1172 si
1121 1141 1255 1182 exigeret
1277 1143 1342 1173 duo

283 1191 416 1232 agentia,
440 1201 505 1221 non
522 1197 648 1230 oportet
663 1199 760 1219 omne
774 1198 869 1228 agens
888 1197 1018 1223 causare>
1032 1193 1136 1224 totum
1151 1187 1242 1227 quod
1258 1186 1344 1216 inve-

283 1235 368 1266 nitur
383 1235 417 1266 in
431 1235 499 1273 illo.
514 1252 532 1257 —
549 1234 590 1264 Et
605 1234 630 1263 si
646 1234 787 1269 instetur,
811 1232 886 1273 quia
909 1231 1027 1272 species
1042 1230 1171 1261 moralis
1187 1230 1262 1260 mali
1277 1241 1343 1260 non
1368 1231 1370 1273 ζ

277 1273 682 1320 ‘eff'diirisibilis'jinplura
707 1285 848 1318 quorum
870 1285 973 1306 unum
995 1273 1050 1305 flat
1071 1275 1110 1304 ab
1133 1281 1244 1314 agente
1268 1274 1342 1304 defi·
1368 1276 1370 1281 ’

283 1322 392 1359 ciente,
417 1330 448 1353 et
469 1323 604 1353 alterum
627 1322 665 1351 ab
689 1322 801 1351 altero:
826 1320 924 1350 facilis
939 1326 990 1350 est
1003 1318 1183 1359 responsio,
1201 1319 1289 1358 quod
1310 1318 1341 1349 in

283 1367 477 1405 resolutione
500 1366 670 1396 effectuum
685 1365 718 1395 in
735 1374 844 1395 causas
868 1374 934 1394 non
953 1363 1167 1394 consideratur
1185 1362 1342 1393 distinctio

250 1414 254 1418 ’
282 1409 337 1447 rei,
355 1411 413 1441 sed
430 1411 592 1441 rationum
612 1409 666 1439 rei.
686 1409 727 1439 Et
748 1409 792 1439 sic
813 1408 930 1448 species
953 1407 1027 1437 mali
1046 1406 1175 1437 moralis
1195 1406 1344 1447 simplici-

282 1461 330 1486 ter
347 1455 513 1485 resolvitur
534 1454 566 1484 in
590 1463 684 1493 agens
704 1452 865 1483 deficiens:
890 1452 1066 1482 secundum
1079 1451 1111 1481 id
1125 1457 1231 1480 autem
1255 1451 1344 1491 quod
1368 1449 1370 1466 ³

1368 1528 1370 1536 Ι
1397 1497 1542 1527 convenit
1565 1498 1647 1528 actui
1675 1499 1918 1538 quomodolibet
1941 1507 2086 1540 sumpto,
2111 1501 2165 1530 sed
2188 1508 2223 1531 ut
2246 1511 2263 1530 a
2287 1500 2446 1531 deficiente

282 1498 483 1540 perfectionis
506 1498 608 1534 habet,
634 1504 668 1527 ut
691 1497 744 1533 sic,
769 1496 935 1526 resolvitur
953 1495 1059 1526 solum
1082 1494 1114 1524 in
1138 1504 1242 1534 agens.

338 1543 390 1574 lx.
407 1542 459 1572 Ad
475 1541 686 1572 obiectionem
703 1551 739 1571 ex
754 1541 892 1571 secunda
910 1540 959 1570 via
974 1539 1000 1576 *,
1025 1546 1158 1579 negatur
1174 1538 1278 1580 prima
1296 1548 1343 1568 se—

282 1586 386 1628 quela.
411 1586 452 1616 Et
474 1586 513 1616 ad
537 1585 768 1626 probationem,
797 1584 958 1624 Quidquid
970 1584 1061 1614 Deus
1076 1589 1150 1619 etc„
1174 1583 1343 1623 responde·
1368 1603 1370 1610 .

281 1637 348 1662 tur:
361 1630 501 1667 Quando
516 1637 563 1662 est
577 1629 621 1660 ibi
635 1629 703 1659 sola
718 1629 871 1660 habitudo
887 1628 1014 1659 effectus
1027 1627 1067 1659 ad
1082 1626 1229 1658 efficiens.
1247 1627 1343 1658 Secus

281 1681 389 1705 autem
412 1680 458 1704 est
481 1673 535 1704 ubi
554 1673 614 1703 alia
636 1673 803 1703 intervenit
821 1670 984 1702 habitudo.
1009 1670 1186 1703 Comedere
1205 1681 1343 1712 namque

281 1718 357 1749 facit
378 1718 465 1748 Deus
488 1718 520 1748 in
545 1717 734 1747 animalibus
754 1716 992 1747 comedentibus
1007 1715 1164 1746 mediante
1189 1725 1282 1746 causa
1297 1725 1343 1745 se·
1368 1734 1370 1746 .

281 1762 400 1793 cunda:
425 1772 482 1792 nec
512 1769 616 1802 potest
639 1768 745 1791 tamen
773 1760 839 1791 fieri
869 1760 1032 1791 comedere
1057 1760 1124 1791 sine
1148 1760 1342 1790 comedente.
1368 1753 1370 1766 '

282 1805 426 1846 implicat
453 1815 591 1846 namque
622 1805 901 1835 contradictionem
927 1804 1060 1835 vitaliter
1086 1803 1225 1844 operari,
1254 1805 1341 1844 quod

280 1849 433 1891 importat
456 1850 632 1885 comedere,
652 1855 682 1880 et
701 1849 826 1880 nullum
849 1849 957 1880 vivens
975 1848 1031 1880 illo
1045 1848 1132 1879 vitali
1151 1857 1246 1888 opere
1265 1858 1342 1888 ope-

291 1931 330 1995 ’Ξ

1401 324 1436 348 ut
1457 317 1493 348 fit
1510 318 1543 348 in
1567 318 1752 358 corporibus
1775 318 1944 358 assumptis
1959 319 1998 348 ab
2016 318 2155 358 Angelis,
2172 328 2238 349 non
2261 325 2366 349 tamen
2382 328 2455 349 vera

1399 361 1499 391 vitalis
1523 361 1686 398 comestio,
1710 363 1829 402 absque
1851 372 1922 393 vere
1946 362 2140 394 comedente.

1454 405 1494 434 Et
1509 405 1534 434 si
1551 404 1685 436 dicatur:
1710 406 1796 436 Deus
1818 413 1924 446 potest
1946 416 2128 436 conservare
2152 416 2234 446 opus
2258 406 2359 442 vitale,
2376 411 2453 446 puta

1400 449 1572 484 comedere,
1594 449 1644 478 vel
1667 450 1786 479 actuale
1810 450 1921 480 odium
1940 449 2008 486 Dei,
2028 450 2060 480 in
2083 456 2154 480 actu
2178 450 2310 480 exercito
2334 449 2452 490 posito,

1399 499 1483 520 nunc
1507 492 1711 522 annihilando
1736 494 1955 524 comedentem
1977 494 2027 524 vel
2049 493 2226 524 odientem:
2250 503 2326 533 ergo
2348 499 2453 533 potest

1399 534 1492 564 etiam
1507 535 1688 566 immediate
1703 537 1775 567 talia
1798 537 1916 573 facere,
1940 537 2096 577 quidquid
2112 547 2250 578 namque
2269 544 2373 577 potest
2390 537 2451 567 im-

1399 578 1533 608 mediate
1549 589 1740 615 conservare‚
1760 587 1864 619 potest
1881 581 2060 612 immediate
2079 581 2194 612 facere:
2209 599 2230 604 -
2243 581 2451 621 respondetur

1399 621 1501 660 quod,
1526 622 1551 651 si
1574 622 1660 653 Deus
1684 631 1880 655 conservaret
1902 624 1960 655 ista
1982 625 2040 661 sic,
2065 635 2130 655 non
2154 631 2350 655 remanerent
2372 624 2452 656 eius-

1399 664 1471 694 dem
1487 665 1624 695 rationis.
1649 666 1722 695 Non
1740 667 1823 696 enim
1839 675 2034 699 remanerent
2055 668 2087 698 in
2111 669 2231 699 ratione
2253 674 2382 699 actuum
2405 668 2450 698 vi-

1398 707 1509 738 talium
1532 708 1564 738 in
1588 715 1659 739 actu
1683 710 1826 746 exercito,
1851 712 1904 741 sed
1928 722 1983 751 per
2005 713 2139 742 modum
2155 713 2344 743 formarum:
2369 711 2451 743 sicut

1399 751 1424 781 si
1441 759 1676 782 conservaretur
1690 754 1801 783 albedo
1818 754 1883 784 sine
1899 756 1986 785 omni
2002 756 2183 796 quantitate,
2196 766 2260 786 non
2275 762 2451 786 remaneret

1399 795 1541 826 eiusdem
1556 795 1695 832 rationis,
1711 797 1786 836 quia
1809 808 1875 829 non
1898 806 2070 830 remaneret
2092 799 2124 829 in
2148 800 2268 831 ratione
2283 799 2448 830 sensibilis.

1398 839 1439 869 Et
1461 839 1500 869 ad
1523 840 1608 869 hunc
1632 849 1759 870 sensum
1782 841 1963 881 accipiendo
1987 842 2042 872 has
2066 843 2183 883 species
2207 843 2359 879 absolute,
2385 853 2447 874 cre-

1399 883 1482 913 ditur
1497 883 1606 913 salvari
1623 883 1671 913 via
1687 884 1863 923 supradicta
1878 885 1903 921 *,
1925 885 2039 916 scilicet
2053 888 2140 926 quod
2163 887 2202 917 ad
2225 887 2360 927 speciem
2379 897 2447 918 mo-

1397 926 1493 956 ralem
1510 933 1597 957 actus
1614 927 1688 956 mali
1704 928 1846 958 absolute
1862 938 1927 958 non
1941 929 2082 970 sequitur
2097 930 2288 961 deformitas.
2315 931 2347 961 Si
2363 930 2448 961 enim

1397 969 1440 1000 sic
1465 977 1699 1001 conservaretur
1726 978 1780 1002 aut
1803 971 1904 1008 fieret,
1930 982 1994 1003 non
2022 974 2222 1004 comitaretur
2249 973 2446 1004 deformitas:

1397 1014 1550 1054 quoniam
1569 1014 1750 1045 deformitas
1765 1016 1906 1056 sequitur
1928 1017 2064 1056 speciem
2080 1018 2207 1047 moralis
2223 1025 2309 1048 actus
2325 1018 2401 1047 mali
2414 1018 2447 1048 in

1397 1065 1466 1088 actu
1484 1068 1543 1088 suo
1560 1058 1702 1094 exercito,
1717 1066 1747 1089 et
1758 1069 1823 1090 non
1840 1067 2013 1100 separatam
2027 1060 2060 1091 in
2076 1060 2134 1090 alia
2149 1062 2269 1092 ratione
2284 1061 2414 1092 essendi.
2426 1078 2448 1084 —

1396 1102 1483 1132 Haec
1506 1102 1544 1132 de
1568 1102 1668 1132 tertio.
1692 1120 1698 1130 x

1399 1199 1446 1261 IN
1471 1199 1602 1229 corpore
1625 1190 1753 1220 secundi
1776 1191 1906 1227 articuli,
1927 1192 1958 1221 in
1979 1192 2069 1228 calce,
2094 1199 2178 1228 nota,
2196 1193 2321 1228 novitie‚
2347 1193 2448 1223 decla-

1427 1233 1582 1263 rationem
1597 1233 1714 1264 litterae
1737 1235 1825 1274 quod
1844 1235 1929 1265 Deus
1952 1242 1997 1266 est
2020 1246 2113 1266 causa
2136 1243 2222 1267 actus
2245 1237 2300 1277 qui
2317 1244 2363 1267 est
2378 1247 2448 1277 pec-

1397 1283 1511 1313 catum,
1535 1283 1600 1307 tam
1624 1278 1799 1308 secundum
1823 1288 1889 1309 esse
1911 1286 2040 1309 naturae
2064 1290 2160 1320 quam
2183 1281 2296 1316 moris,
2321 1290 2387 1310 non
2403 1287 2448 1311 ta-

1396 1331 1469 1351 men
1493 1328 1539 1351 est
1561 1331 1654 1363 causa
1676 1322 1804 1361 peccati,
1828 1323 1902 1363 quia
1925 1333 1990 1353 non
2015 1330 2060 1354 est
2083 1333 2176 1355 causa
2199 1325 2287 1365 quod
2309 1331 2395 1355 actus
2409 1325 2449 1355 sit

1396 1375 1470 1395 cum
1484 1364 1621 1395 defectu:
1641 1365 1730 1402 idest,
1747 1376 1812 1396 non
1833 1374 1878 1397 est
1901 1377 1993 1398 causa
2017 1368 2276 1399 concomitantiae
2299 1378 2354 1399 seu
2374 1378 2434 1399 con

1395 1409 1564 1439 iunctionis
1588 1409 1726 1440 defectus
1750 1420 1823 1440 cum
1842 1418 1922 1442 actu.
1948 1411 2140 1443 Coniunctio
2155 1423 2292 1453 namque
2307 1413 2365 1443 ista
2381 1422 2446 1443 non

1396 1453 1619 1494 undecumque
1635 1454 1789 1493 provenit,
1807 1455 1860 1484 sed
1880 1465 1915 1485 ex
1935 1454 2096 1486 deficiente
2115 1457 2212 1487 libero
2229 1457 2369 1487 arbitrio:
2390 1467 2447 1487 nec

1396 1542 1520 1582 pendet.
1545 1542 1637 1572 Unde
1661 1548 1691 1572 et
1713 1542 1745 1572 in
1770 1543 1831 1583 Qq.
1848 1543 1887 1573 de
1901 1544 2001 1580 Malo,
2019 1554 2073 1584 qu.
2089 1555 2131 1580 111,
2149 1552 2203 1575 art.
2223 1554 2250 1580 2,
2266 1545 2303 1574 ad
2330 1554 2358 1579 2,
2374 1544 2449 1575 dicit

1396 1586 1484 1625 quod
1499 1585 1687 1626 deformitas
1703 1588 1906 1627 consequitur
1923 1589 2056 1627 speciem
2073 1594 2163 1619 actus
2177 1588 2348 1619 secundum
2365 1588 2448 1628 quod

1396 1635 1442 1660 est
1457 1631 1599 1665 moralis,
1609 1635 1710 1670 prout
1723 1636 1877 1662 causatur
1891 1641 1933 1661 ex
1948 1632 2046 1662 libero
2060 1632 2212 1662 arbitrio:
2230 1632 2319 1672 quasi
2336 1632 2449 1662 diceret

1396 1674 1483 1714 quod
1507 1673 1688 1704 deformitas
1705 1674 1847 1715 sequitur
1863 1675 1998 1715 speciem
2019 1676 2171 1706 moralem
2186 1686 2251 1706 non
2268 1676 2447 1716 quomodo-

1396 1718 1471 1748 libet
1494 1725 1671 1759 sumptam,
1696 1718 1770 1759 quia
1800 1729 1863 1749 non
1895 1720 2068 1750 secundum
2098 1720 2185 1760 quod
2209 1726 2254 1750 est
2277 1721 2314 1750 ab
2337 1726 2447 1758 agente

1397 1762 1545 1801 perfectio
1577 1763 1749 1803 quaedam;
1775 1763 1828 1793 sed
1852 1771 1947 1803 prout
1970 1771 2114 1794 causatur
2137 1774 2172 1794 ex
2195 1764 2292 1794 libero
2322 1763 2448 1793 arbitrio

1397 1805 1569 1836 deficiente.
1593 1806 1643 1837 Sic
1658 1807 1743 1836 enim
1758 1807 1900 1847 sequitur
1915 1808 1993 1838 ratio
2013 1808 2086 1837 mali
2103 1808 2212 1848 culpae
2227 1808 2259 1837 in
2274 1807 2448 1847 privatione

1396 1850 1530 1886 virtutis,
1553 1857 1583 1880 et
1605 1851 1734 1882 aversio.

1081 2004 1398 2047 ARTICULUS
1426 2005 1653 2047 TERTIUS

699 2097 855 2128 UTRUM
877 2097 989 2129 DEUS
1012 2097 1079 2129 SIT
1100 2090 1246 2129 CAUSA
1268 2097 1616 2130 EXCAECATIONIS
1639 2098 1696 2129 ET
1721 2098 2027 2130 INDURATIONIS

502 2165 505 2167 Δ
534 2175 545 2200 1
565 2176 648 2205 Sent„
666 2176 726 2200 dist.
743 2183 783 2206 xz,
803 2183 847 2208 qu.
860 2183 894 2204 nr,
913 2180 960 2200 art.
975 2183 1005 2207 23
1023 2176 1055 2201 111
1076 2176 1153 2201 Cont-
1169 2177 1256 2206 Gent„
1275 2184 1330 2208 cap.
1349 2183 1428 2207 ctxru
1449 2177 1490 2201 De
1508 2177 1597 2206 Verit„
1618 2183 1662 2208 qu.
1680 2183 1746 2207 απ,
1765 2181 1813 2201 art.
1831 2184 1874 2207 ro;
1893 2177 1924 2201 In
1938 2177 2044 2207 Matth„
2063 2185 2118 2210 cap.
2135 2185 2192 2208 xxm

756 2211 786 2235 In
802 2211 885 2241 Ioan„
903 2218 960 2244 cap.
978 2219 1027 2240 ιιι,
1046 2212 1104 2237 lect.
1116 2219 1167 2242 πη
1185 2212 1230 2237 Ad
1247 2212 1334 2241 Rom„
1354 2219 1408 2244 cap.
1427 2219 1464 2241 rx,
1488 2212 1545 2236 lect.
1559 2219 1600 2243 1113
1619 2211 1639 2236 11
1657 2212 1726 2241 Cor„
1746 2219 1801 2245 cap.
1815 2219 1849 2243 1v,
1868 2213 1967 2238 lect-11.

595 2139 618 2151 ⁸

281 2563 360 2613 Sed
377 2575 448 2613 per
467 2563 770 2600 excaecationem
793 2570 828 2600 et
848 2563 1139 2600 obdurationem
1157 2563 1200 2602 fit
1218 2564 1338 2601 homo

281 2616 453 2654 deterior.
483 2616 586 2665 Ergo
615 2617 720 2653 Deus
749 2628 826 2652 non
856 2623 911 2652 est
931 2628 1044 2653 causa
1064 2617 1339 2654 excaecationis

281 2669 323 2718 et]
345 2668 616 2707 obdurationis.

335 2733 370 2759 2.
393 2721 627 2768 Prummu,
650 2721 868 2769 Fulgentius
884 2720 970 2757 dicit
984 2722 1004 2742 ’⁸
1023 2721 1127 2771 quod
1146 2723 1249 2759 Deus
1264 2736 1338 2760 non

280 2774 450 2812 eslmltor
467 2773 564 2810 illius
591 2774 649 2810 rei
670 2775 775 2810 cuius
802 2779 856 2810 est
881 2779 1023 2811 auctor.
1054 2775 1130 2812 Sed
1151 2775 1256 2812 Deus
1286 2783 1340 2812 est

280 2826 380 2866 ultor
404 2826 528 2863 cordis
548 2826 740 2864 obdurati:
769 2826 980 2863 seeundum
1010 2827 1099 2865 illud
1117 2828 1233 2866 Eccli.
1252 2841 1287 2865 111
1302 2828 1338 2865 *ε

286 2880 363 2917 Cor
379 2878 516 2916 durum
536 2879 635 2916 male
651 2880 801 2917 habebit
817 2879 854 2916 in
875 2879 1087 2918 novissimo.
1109 2881 1210 2929 Ergo
1231 2882 1338 2918 Deus

258 2942 260 2944 ·
281 2944 360 2970 non
389 2939 444 2969 est
471 2944 586 2968 causa
613 2932 881 2969 obdurationis.

337 2986 370 3022 3.
403 2985 644 3031 PRAETEREA,
679 2985 781 3023 idern
820 2984 976 3022 effectus
1014 2997 1091 3022 non
1127 2985 1339 3031 attribuitur

282 3037 403 3075 causis
432 3037 637 3074 contrariis.
667 3037 743 3075 Sed
773 3049 887 3075 causa
912 3038 1183 3075 excaecationis
1204 3039 1339 3076 dicitur

282 3103 363 3127 esse
397 3090 538 3127 malitia
569 3089 755 3138 hominis,
789 3091 998 3127 secundum
1027 3091 1116 3128 illud
1145 3092 1231 3140 Sap.
1254 3104 1276 3129 11
1297 3092 1336 3140 ³¹²,

279 3143 512 3180 Excaecavit
546 3142 645 3179 enim
682 3154 744 3179 eos
780 3143 923 3179 malitia
959 3155 1090 3179 eorum
1099 3157 1113 3188 ‚·
1153 3151 1189 3180 et
1227 3144 1337 3181 etiam

281 3196 473 3243 diabolus,
508 3195 718 3232 secundum
746 3194 835 3232 illud
865 3196 896 3231 ΙΙ
925 3196 976 3232 ad
1003 3196 1091 3233 Cor.
1116 3208 1151 3232 1v
1170 3196 1205 3243 ³⁸,
1235 3198 1339 3234 Deus

279 3249 388 3286 huius
415 3248 556 3286 saeculi
581 3247 798 3285 excaecavit
823 3252 963 3284 mentes
990 3248 1211 3296 infidelium;
1239 3262 1338 3298 quae

279 3302 436 3352 quidem
474 3313 610 3338 causae
652 3300 830 3349 videntur
872 3303 976 3337 esse*
996 3301 1202 3338 contrariae
1239 3302 1335 3339 Deo.

279 3355 386 3392 Deus
415 3366 505 3402 ergo
529 3366 608 3391 non
637 3361 691 3390 est
719 3365 832 3390 causa
864 3353 1137 3390 excaecationis
1157 3361 1194 3390 et
1217 3355 1338 3391 obdu-

278 3407 443 3445 rationis.

332 3521 359 3554 α)
379 3528 440 3545 nam
506 3528 566 3552 per.
586 3534 603 3538 -
623 3527 683 3544 nam
703 3519 775 3552 quod
842 3522 882 3544 cst
895 3526 947 3551 per
966 3519 1016 3543 EF.

1447 2301 1520 2336 SED
1549 2289 1695 2337 commi
1722 2312 1788 2337 EST
1808 2301 1923 2348 ‚quod
1954 2299 2086 2337 dicitur
2115 2301 2232 2338 Isaiae
2251 2301 2340 2338 V1*:
2367 2302 2446 2338 Ex-

1393 2365 1504 2390 caeca
1524 2365 1590 2389 cor
1602 2353 1736 2400 populi
1751 2353 1871 2398 huius,
1892 2359 1927 2389 et
1945 2365 2056 2390 aures
2074 2353 2152 2394 eius
2180 2366 2367 2403 aggrava.
2394 2355 2447 2393 Et

1392 2407 1503 2442 Rom.
1525 2418 1560 2442 1x
1577 2405 1597 2426 ’¹‘
1617 2405 1766 2442 dicitur:
1791 2406 1905 2443 Cuius
1931 2406 2020 2452 vult,
2050 2407 2262 2451 miseretur,-
2281 2411 2317 2444 et
2337 2419 2445 2455 quem

1364 2486 1366 2503 a
1392 2458 1485 2504 vult,
1515 2459 1676 2495 indurat.

1446 2512 1669 2548 RESPONDEO
1697 2522 1879 2548 DlCENDUM
1908 2511 2012 2560 quod
2040 2511 2250 2549 excaecatio
2273 2519 2308 2548 et
2327 2512 2447 2548 obdu-

1394 2564 1486 2601 ratio
1516 2563 1592 2600 duo
1622 2563 1838 2612 important.
1875 2564 2049 2610 Quorum
2081 2576 2199 2601 unum
2233 2571 2287 2601 est
2318 2571 2444 2601 motus

1393 2616 1509 2654 animi
1536 2616 1694 2653 humani
1721 2616 1946 2653 inhaerentis
1975 2617 2098 2664 malo,
2129 2625 2164 2653 et
2192 2616 2314 2654 aversi
2342 2629 2364 2653 a
2392 2617 2446 2653 di-

1365 2692 1367 2703 ι
1392 2670 1483 2707 vino
1512 2669 1664 2706 lumine.
1696 2669 1744 2706 Et
1771 2676 1953 2718 quantum
1982 2669 2030 2706 ad
2057 2670 2130 2706 hoc
2158 2671 2263 2706 Deus
2290 2682 2366 2706 non
2391 2677 2446 2706 est

1394 2735 1507 2760 causa
1537 2721 1807 2758 excaecationis
1836 2729 1871 2758 et
1890 2722 2161 2769 obdurationis,
2182 2722 2275 2759 sicut
2293 2734 2370 2758 non
2390 2729 2445 2759 est

1395 2787 1508 2812 causa
1528 2775 1684 2823 peccati.
1709 2774 1823 2811 Aliud
1844 2781 1969 2811 autem
1991 2781 2045 2811 est
2068 2774 2269 2811 subtractio
2293 2774 2442 2822 gratiae,

1395 2841 1439 2865 ex
1468 2840 1542 2876 qua
1570 2827 1737 2875 sequitur
1765 2827 1869 2874 quod
1889 2839 1997 2864 mens
2018 2827 2194 2864 divinitus
2214 2839 2291 2863 non
2310 2826 2442 2863 illumi-

1393 2889 1502 2918 netur
1539 2880 1588 2916 ad
1620 2887 1719 2916 recte
1746 2879 1954 2917 videndum
1966 2909 1975 2926 ‚
2006 2887 2041 2916 et
2074 2892 2138 2916 cor
2169 2879 2332 2916 hominis
2365 2892 2444 2917 non

1393 2933 1605 2971 emolliatur
1636 2932 1684 2979 ad
1716 2940 1816 2970 recte
1842 2932 2064 2969 vivendum.
2102 2933 2151 2969 Et
2184 2939 2366 2980 quantum
2395 2933 2444 2970 ad

1391 2988 1466 3024 hoc
1486 2987 1590 3023 Deus
1616 2993 1670 3022 est
1689 2998 1802 3022 causa
1821 2985 2091 3021 excaecationis
2118 2993 2153 3021 et
2174 2984 2442 3022 obdurationis.

1446 3040 1513 3076 Est
1532 3045 1659 3075 autern
1679 3037 1996 3074 considerandum
2017 3037 2120 3084 quod
2135 3038 2240 3074 Deus
2257 3045 2311 3074 est
2331 3050 2444 3075 causa

1391 3090 1612 3128 universalis
1636 3090 1916 3127 illuminationis
1935 3089 2159 3136 animarum,
2180 3089 2390 3127 secundum
2404 3089 2445 3127 il-

1392 3145 1457 3182 lud
1476 3143 1651 3190 Ioan.1*,
1671 3144 1768 3179 Erat
1783 3143 1852 3178 lux
1870 3154 1960 3178 vera
1979 3154 2075 3190 quae
2093 3141 2276 3179 illuminat
2294 3155 2443 3180 omnem

1391 3197 1578 3234 hominem
1606 3195 1811 3232 venientem
1845 3195 1880 3231 in
1909 3196 2008 3231 hunc
2035 3194 2237 3241 mundum,
2266 3195 2360 3232 sicut
2387 3196 2444 3233 sol

1392 3257 1447 3286 est
1466 3247 1686 3286 universalis
1706 3259 1818 3284 causa
1836 3246 2116 3284 illuminationis
2135 3259 2351 3297 corporum.
2367 3248 2444 3285 Ali-

1391 3310 1447 3338 ter
1466 3309 1593 3337 tamen
1613 3307 1648 3336 et
1667 3299 1788 3336 aliter:
1809 3311 1898 3336 nam
1915 3300 1970 3336 sol
1991 3299 2064 3347 agit
2082 3299 2329 3339 illuminando
2348 3306 2444 3350 per⁶¹

1393 3353 1653 3390 necessitatem
1673 3360 1843 3397 naturae;
1863 3353 1969 3388 Deus
1984 3359 2111 3389 autern
2130 3353 2204 3401 agit
2221 3353 2443 3401 voluntarie,

1393 3419 1460 3455 per
1475 3405 1648 3442 ordinem
1663 3417 1752 3441 suae
1768 3404 1983 3453 sapientiae.
1998 3406 2063 3442 Sol
2078 3413 2218 3454 autem,
2229 3405 2313 3443 licet
2328 3419 2445 3455 quan-

2476 893 2483 901 ·
2499 891 2534 913 cf.
2550 897 2613 913 num.
2628 897 2667 913 vu.

2472 2316 2483 2326 ⁸
2497 2315 2563 2337 Vei-s.
2578 2321 2609 2337 10.

2472 2426 2482 2435 ⁸
2498 2425 2565 2446 Vers.
2578 2425 2610 2447 18.

2470 3154 2481 3165 ⁸
2495 3154 2562 3177 Vers.
2577 3162 2599 3184 9.
