2840 4010
48 530 57 539 ·
72 528 108 550 ef.
123 533 187 550 num.
194 533 226 549 iv.

0 762 2 766 ,
45 745 57 757 ¹⁵
67 745 115 773 Qu.
125 749 171 772 ut,
182 748 223 767 nrt.
233 752 257 772 4.

0 801 3 827 ζ
46 789 56 799 ·
70 787 129 810 ibid.

6 950 9 954 ⁴
46 967 59 980 ⁸
71 966 108 990 or.
118 966 183 995 ibid„
198 966 226 989 ad
236 972 258 989 2.

44 1316 258 1391 &mu

26 1899 31 1922 ᾖ
61 1901 79 1918 Α
94 1896 121 1917 ὲ·
136 1902 195 1922 ,Ἱππ
213 1903 224 1916 v

22 2026 24 2033 l
51 2036 68 2053 -1
78 2034 117 2053 Mt.
139 2037 180 2051 111:
195 2039 229 2057 ,νς

38 2538 171 2563 ‘Nm-1.

945 187 1208 233 QUAESTIO
1238 189 1406 236 LXXIV,
1435 189 1728 226 ARTICULUS
1756 189 1792 226 V

2402 183 2452 230 39

955 274 1285 307 Commentama
1307 275 1555 308 Cardjnalis
1577 276 1775 310 Caietani

287 361 335 423 It<
364 351 495 382 articulo
523 358 636 392 quarto
670 352 811 382 eiusdem
840 353 1217 393 septuagesimaequartae
1246 362 1341 392 quae-

316 394 440 431 stionis,
469 395 592 426 adverte
621 396 709 436 quod
737 396 936 432 sensualitas,
959 397 1038 427 idest
1072 406 1143 436 pars
1173 395 1341 435 appetitiva

284 444 403 475 sensus,
421 438 582 478 tripliciter
600 439 745 470 sumitur.
769 439 887 476 Primo,
904 446 940 470 ut
958 439 1104 470 sensitiva
1118 446 1165 469 est
1180 439 1338 468 absolute:

284 488 316 512 et
336 482 382 513 sic
405 482 530 513 nullum
553 482 646 513 habet
668 483 701 513 in
724 493 757 513 se
779 490 958 524 peccatum,
983 482 1063 513 sicut
1092 492 1149 512 nec
1173 482 1205 511 in
1230 482 1338 512 brutis.

284 525 442 562 Secundo,
458 533 494 557 ut
508 533 554 556 est
567 526 701 557 volentis
715 526 748 556 *:
773 533 804 556 et
825 526 868 556 sic
892 533 938 556 est
959 525 1160 565 principium,
1178 532 1208 555 et
1231 534 1340 555 conse-

283 576 416 610 quenter
438 570 616 601 subiectum
636 570 754 610 peccati
767 569 907 606 venialis,
924 569 1003 599 dum
1021 569 1137 599 habens
1153 569 1255 609 ipsam
1274 578 1339 598 non

283 614 445 654 praevenit
459 614 622 645 voluntate
637 614 805 644 coniuncta
819 619 926 644 motus
939 613 1006 642 eius
1019 612 1215 652 insurgentes
1232 619 1340 643 contra

283 657 413 689 rationis
428 658 560 688 bonum.
585 656 706 694 Tertio,
726 663 762 686 ut
785 663 830 687 est
848 663 936 686 mota
953 666 970 686 a
986 655 1225 687 deliberatione:
1251 663 1281 686 et
1296 655 1339 686 sic

283 701 476 742 principium
498 708 544 731 est
566 700 791 731 et'subiectum
814 699 936 730 virtutis
961 706 991 730 et
1010 699 1086 736 vitii,
1107 707 1193 731 actus
1208 699 1339 730 virtuosi

285 748 316 775 e‘t
329 745 448 785 peccati
470 744 620 780 mortalis,
637 749 672 774 ut
688 753 725 773 ex
746 743 889 783 superius
905 743 922 763 *
945 743 1034 774 dictis
1053 750 1148 784 patet.
1173 744 1214 774 Et
1228 753 1338 773 secun-

285 789 363 819 dum
385 789 446 819 hoc
469 788 564 818 habes
587 787 672 817 unde
687 786 792 816 videas
808 787 905 827 quod,
923 787 1003 817 sicut
1019 787 1163 827 superius
1178 787 1197 806 *
1219 786 1339 826 simpli-

285 832 360 864 citer
375 840 562 866 concessum
580 837 627 861 est
647 830 681 860 in
703 830 844 870 appetitu
861 831 1009 861 sensitivo
1033 839 1068 862 ut
1087 837 1178 861 moto
1195 841 1211 860 a
1226 831 1338 860 volun-

283 883 356 912 tate,
373 885 440 909 esse
453 875 614 910 virtutem;
634 874 678 904 ita
691 884 776 904 nunc
791 874 973 905 conceditur
987 875 1076 915 quod
1090 875 1124 905 in
1140 874 1338 905 sensualitate

285 926 320 951 ut
339 919 427 959 mota
450 929 468 949 a
486 919 662 954 voluntate,
687 925 733 948 est
754 925 920 958 peccatum
941 919 1083 949 mortale.
1106 918 1148 949 Et
1170 917 1250 948 sicut
1273 927 1338 948 non

285 966 541 994 est²concessum
564 962 652 1002 quod
675 961 707 991 in
732 962 872 1002 appetitu
894 962 1041 992 sensitivo
1066 968 1112 992 est
1133 962 1230 992 virtus
1245 959 1271 997 *,
1297 962 1339 992 ita

284 1014 369 1037 nunc
385 1011 516 1046 negatur
532 1005 566 1035 in
589 1015 628 1035 eo
643 1006 776 1036 mortale
790 1012 964 1045 peccatum.
989 1006 1048 1036 Par
1071 1005 1156 1035 enim
1179 1012 1226 1035 est
1249 1005 1337 1041 ratio,

283 1057 321 1083 ut
342 1049 381 1082 in
397 1050 499 1080 littera
514 1049 635 1085 dicitur,
651 1049 684 1079 in
699 1050 904 1089 responsione
919 1050 959 1080 ad
973 1050 1160 1080 secundum.
1185 1049 1339 1086 Quamvis

283 1093 478 1133 vocabulum
499 1094 725 1130 sensualitatis,
746 1093 820 1133 quia
841 1093 1003 1124 nominare
1018 1093 1141 1123 videtur
1164 1093 1339 1133 appetitum

284 1137 470 1170 sensitivam
485 1147 522 1168 ex
543 1144 631 1176 parte
655 1137 863 1178 depressionis
887 1137 963 1173 eius,
988 1136 1133 1167 nonnihil
1156 1136 1270 1167 favoris
1286 1147 1339 1167 ne-

284 1181 369 1223 ganti
392 1181 426 1211 in
449 1191 485 1211 ea
507 1188 671 1222 peccatum
695 1181 837 1217 mortale,
861 1180 986 1211 tribuat.

298 1227 302 1230 '
342 1225 382 1256 ll.
406 1224 441 1255 ln
465 1224 528 1256 hoc
549 1225 663 1255 eodem
686 1232 800 1265 quarto
819 1225 950 1255 articulo
967 1231 1013 1258 est
1031 1223 1174 1260 dubium,
1192 1224 1266 1264 quia
1283 1225 1339 1254 do-

285 1269 385 1302 etr-ina
396 1269 544 1300 Auctoris
560 1279 626 1299 non
648 1268 772 1298 videtur
787 1268 900 1299 rationi
915 1277 1065 1304 consona,
1083 1268 1160 1298 dum
1175 1276 1339 1308 peccatum

285 1313 406 1344 veniale
430 1312 575 1344 concedit
595 1313 629 1342 in
651 1312 852 1343 sensualitate
866 1311 894 1348 ⁴⁹,
918 1312 998 1342 idest
1020 1311 1160 1351 appetitu
1175 1312 1336 1350 sensifivo,

286 1363 316 1388 et
331 1357 463 1388 mortale
479 1363 572 1396 negat
593 1356 626 1386 in
649 1356 769 1387 eadem.
792 1357 875 1386 Nam
899 1355 924 1385 si
939 1355 1073 1386 intendit
1087 1356 1124 1386 de
1141 1357 1339 1387 sensualitate

285 1401 461 1432 seeundum
484 1400 516 1430 id
539 1400 628 1440 quod
651 1407 697 1430 est
720 1399 748 1430 ei
771 1399 952 1440 proprium,
977 1406 1148 1440 utrumque
1175 1407 1339 1439 peccatum

285 1445 467 1485 negandum
490 1450 552 1474 est:
577 1443 652 1484 quia
675 1453 771 1473 omne
793 1450 958 1484 peccatum
981 1450 1027 1473 est
1049 1443 1151 1474 autin
1166 1444 1338 1480 voluntate,

285 1496 341 1520 aut
356 1488 394 1519 *in
419 1488 524 1529 aliqua
539 1487 680 1528 potentia
697 1494 732 1518 ut
748 1489 854 1518 subest
867 1486 1031 1518 voluntati.
1056 1487 1088 1518 Si
1103 1497 1179 1518 vero
1199 1487 1341 1518 intendat

286 1533 326 1563 de
341 1532 540 1563 sensualitate
556 1538 592 1562 ut
608 1532 715 1562 subest
732 1531 897 1567 voluntati,
914 1538 1085 1572 utrumque
1103 1532 1341 1562 concedendum

285 1583 341 1613 est,
357 1575 502 1617 quamvis
519 1575 745 1606 diversimode:
771 1575 844 1616 quia
858 1575 979 1605 veniale
995 1581 1031 1605 ut
1045 1574 1235 1615 imperfecte,
1255 1586 1340 1606 mor—

285 1620 347 1655 tale
369 1626 405 1653 ut
427 1619 572 1660 perfecte.

340 1663 393 1698 111.
410 1664 460 1695 Ad
479 1663 541 1694 hoc
564 1662 677 1693 dicitur
699 1663 785 1703 quod
802 1662 914 1703 procul
929 1662 1037 1699 dubio,
1055 1672 1128 1693 cum
1145 1663 1183 1693 de
1198 1663 1339 1694 subiecto

285 1707 406 1749 peccati
428 1714 475 1738 est
494 1715 611 1743 sermo,
637 1713 763 1746 oportet
784 1707 834 1737 vel
853 1707 892 1737 de
906 1706 1068 1738 voluntate
1081 1707 1131 1737 vel
1147 1707 1185 1737 de
1201 1707 1341 1747 potentia

286 1757 322 1787 ut
344 1752 451 1784 subest
472 1750 643 1786 voluntati,
667 1750 807 1790 intelligi.
837 1750 898 1781 Sed
928 1750 1002 1790 quia
1031 1750 1158 1781 subesse
1184 1751 1341 1782 voluntati

286 1795 440 1836 contingit
462 1795 640 1835 dupliciter,
666 1794 781 1825 scilicet
804 1801 840 1824 ut
863 1794 1021 1830 moventi,
1046 1801 1076 1825 et
1098 1801 1134 1825 ut
1157 1805 1223 1824 non
1246 1795 1340 1835 repri-

285 1840 400 1876 menti3
425 1846 512 1870 actus
527 1839 584 1879 qui
606 1837 641 1869 fit
657 1849 675 1868 a
691 1838 890 1869 sensualitate
913 1845 948 1869 ut
967 1839 1073 1869 subest
1095 1838 1251 1869 voluntati
1270 1849 1340 1869 mo-

256 1900 259 1904 *
284 1883 381 1920 venti,
400 1889 447 1915 est
469 1889 634 1923 peccatum
657 1882 798 1918 mortale,
823 1889 853 1913 et
867 1892 933 1912 non
948 1881 1022 1918 sibi,
1043 1882 1097 1913 sed
1112 1882 1267 1916 voluntati
1286 1883 1340 1913 tri-

285 1927 409 1963 buitur;
433 1934 521 1957 actus
542 1936 618 1957 vero
646 1926 702 1966 qui
730 1925 765 1956 fit
788 1926 826 1956 ab
850 1936 886 1956 ea
909 1932 945 1956 ut
967 1926 1074 1957 subest
1095 1926 1251 1957 voluntati
1275 1937 1341 1957 non

285 1970 485 2011 reprimenti‚
510 1977 556 2001 est
578 1980 666 2006 suus,
691 1977 721 2000 et
744 1977 790 2000 est
812 1976 979 2010 peccatum
1000 1970 1130 2007 veniale,
1155 1977 1186 2000 et
1209 1970 1267 2001 sibi
1290 1971 1343 2001 tri-

256 2035 258 2038 >
285 2015 404 2049 buitur.

338 2059 402 2090 Sed
425 2058 502 2089 haec
523 2058 603 2089 ratio
626 2057 705 2088 nihil
726 2058 818 2088 valet.
849 2057 1012 2095 Quoniam
1035 2064 1157 2089 constat
1179 2058 1341 2099 passiones

285 2103 513 2138 membrorum,
533 2112 616 2142 quae
630 2101 815 2132 remotiores
838 2108 912 2132 sunt
926 2112 944 2132 a
958 2101 1079 2132 ratione
1102 2102 1220 2142 peccati
1243 2112 1341 2142 quam

285 2146 448 2187 passiones
470 2146 629 2186 appetitus
651 2145 799 2181 sensitivi,
816 2155 882 2175 esse
900 2152 1026 2185 peccata
1040 2146 1193 2182 mortalia,
1211 2146 1340 2186 quando

285 2197 360 2221 sunt
376 2189 552 2225 voluntaria
567 2190 729 2220 voluntate
748 2199 814 2219 non
838 2189 1038 2229 reprimente:
1064 2196 1099 2220 ut
1122 2197 1207 2229 patet
1222 2190 1254 2220 in
1271 2200 1340 2220 mu-

282 2234 358 2265 liere
373 2243 454 2274 quae
470 2230 565 2264 etiam
579 2233 742 2263 voluntate
758 2240 880 2269 taceret,
894 2233 956 2263 alio
971 2233 1072 2273 ipsam
1088 2240 1305 2273 cognoscente.
1319 2252 1339 2258 -

284 2278 378 2309 Ratio
401 2287 532 2318 quoque
554 2277 587 2307 in
611 2284 763 2319 promptu
783 2283 829 2307 est
848 2283 956 2307 contra
978 2277 1058 2307 hanc
1082 2278 1338 2317 responsionem:

283 2321 359 2362 quia
382 2321 525 2352 eiusdem
547 2321 677 2351 rationis
701 2322 747 2351 est
769 2330 897 2351 movere
921 2327 951 2351 et
974 2331 1039 2351 non
1054 2330 1192 2357 movere,
1210 2322 1339 2362 quando

283 2372 419 2406 oportet,
443 2365 498 2395 ubi
522 2371 657 2405 oportet,
682 2371 740 2395 etc.

339 2409 391 2440 IV.
416 2409 595 2439 Dicendum
619 2415 665 2439 est
687 2418 762 2448 ergo
786 2408 976 2448 quod'ratio
1001 2418 1098 2449 quare
1112 2409 1233 2439 veniale
1257 2409 1340 2439 attri-

282 2453 391 2484 buitur
413 2453 615 2488 sensualitati,
640 2459 671 2482 et
693 2452 826 2482 mortale
849 2462 915 2482 non
934 2452 993 2482 nisi
1009 2462 1081 2483 cum
1098 2452 1338 2492 specificatione,

283 2504 320 2528 ut
342 2496 458 2527 scilicet
480 2503 586 2527 motae
610 2506 627 2526 a
649 2497 827 2532 voluntate,
852 2502 956 2535 potest
979 2506 1044 2526 esse
1069 2496 1193 2536 duplex.
1218 2496 1337 2532 Prima,

305 2550 364 2571 uae
388 2547 470 2571 tacta
494 2547 540 2570 est
561 2540 593 2570 in
617 2539 813 2580 praecedenti
837 2546 947 2570 notato
961 2539 992 2569 *ε
1017 2540 1090 2581 quia
1115 2540 1231 2571 scilicet
1254 2550 1339 2570 mor-

281 2583 343 2615 tale
362 2590 408 2615 est
423 2594 441 2614 a
455 2583 654 2621 sensualitate
673 2590 710 2614 ut
725 2584 832 2613 subest
855 2583 1079 2620 deliberationi,
1095 2583 1217 2614 veniale
1233 2590 1339 2614 autem

283 2635 330 2660 est
352 2629 390 2658 ab
415 2638 450 2658 ea
473 2634 508 2658 ut
528 2629 635 2658 subest
649 2627 894 2668 quomodolibet
916 2627 1080 2658 voluntati.
1105 2627 1188 2658 Hinc
1205 2628 1289 2658 enim
1305 2627 1340 2658 fit

282 2678 328 2709 ut,
345 2671 420 2713 quia
443 2671 624 2702 deliberatio
639 2678 686 2702 est
708 2671 855 2711 proprius
879 2677 966 2701 actus
989 2671 1084 2711 partis
1108 2671 1287 2711 superioris,
1305 2678 1340 2702 ut

1395 361 1481 384 actus
1498 364 1534 384 ex
1551 364 1586 384 ea
1600 355 1771 394 pendentes
1786 364 1851 385 non
1874 354 2049 385 tribuantur
2072 353 2271 383 inferioribus
2295 352 2354 382 nisi
2374 362 2447 382 cum

1395 397 1624 437 specificatione
1639 398 1838 438 participatae
1854 397 2021 429 motionis:
2046 404 2133 428 actus
2156 404 2263 427 autem
2277 406 2315 426 ex
2330 406 2366 426 ea
2381 406 2446 426 non

1394 441 1575 480 pendentes,
1599 442 1815 482 relinquantur
1837 441 2045 472 inferioribus.

1449 484 1592 514 Secunda
1608 492 1653 515 est
1669 485 1835 525 profunda,
1852 492 1882 516 et
1899 485 2019 516 intenta
2042 485 2080 515 ab
2103 486 2251 519 Auctore,
2276 493 2312 513 ex
2335 490 2447 513 natura

1393 527 1508 556 virium
1527 528 1659 564 animae,
1677 536 1707 559 et
1722 529 1923 559 resolutionis
1947 535 2076 559 actuum
2091 528 2124 558 in
2140 527 2267 568 propria
2283 526 2444 567 principia.

1394 570 1482 600 Vires
1506 581 1643 610 namque
1666 572 1788 602 animae
1812 579 1936 603 nostrae
1958 573 1991 603 in
2013 579 2101 612 parte
2124 571 2286 606 sensitiva,
2311 570 2391 601 sicut
2412 570 2446 601 in

1394 615 1615 652 cognoscendo
1631 622 1705 645 sunt
1719 616 1894 646 secundum
1918 626 1950 646 se
1972 616 2154 646 excellentes
2177 621 2279 645 totam
2301 621 2446 644 naturam

1392 657 1569 693 brutorum,
1588 665 1623 687 ut
1637 665 1721 697 patet
1736 658 1768 688 in
1783 659 1948 699 cogitativa
1964 666 1994 690 et
2012 658 2240 689 reminiscentia
2259 657 2445 688 habentibus

1394 700 1571 730 collativam
1585 701 1650 730 vim
1669 701 1902 740 particularium
1915 711 1921 738 ;
1945 703 1987 733 ita
2002 703 2034 733 in
2050 703 2228 743 appetendo
2245 709 2318 732 sunt
2333 711 2445 732 secun-

1393 744 1471 774 dum
1487 754 1519 774 se
1535 744 1718 774 excellentes
1737 751 1836 775 totam
1852 753 1996 776 naturam
2015 747 2192 784 brutorum,
2208 755 2264 786 per
2279 746 2340 776 hoc
2355 745 2446 785 quod

1393 794 1546 827 appetunt
1569 797 1642 818 cum
1665 789 1803 828 quadam
1829 789 1979 820 libertate.
2010 790 2054 820 Ita
2077 790 2164 830 quod
2188 799 2254 819 non
2279 789 2384 819 solum
2407 798 2444 818 ex

1393 831 1454 861 hoc
1473 832 1562 871 quod
1585 832 1744 862 actualiter
1765 839 1932 863 moventur
1953 833 2002 863 vel
2025 843 2090 863 non
2114 840 2282 863 moventur
2297 843 2315 863 a
2329 833 2443 863 volun-

1392 881 1468 910 tate,
1485 875 1539 904 sed
1554 875 1672 914 seipsis,
1688 875 1763 915 quia
1778 883 1852 906 sunt
1866 877 1951 911 tales,
1969 877 2056 917 quod
2071 876 2213 916 superius
2225 877 2242 895 *
2260 876 2443 906 vocavimus

1392 919 1466 958 quia
1490 924 1565 948 sunt
1588 920 1730 956 volentis,
1747 926 1819 949 sunt
1838 920 2079 960 quodammodo
2095 920 2218 950 liberae.
2241 919 2320 950 Dico
2337 927 2443 951 autern

1392 962 1635 1002 quodammodo,
1652 962 1725 1003 quia
1741 972 1806 992 non
1822 963 1936 994 habent
1955 970 2078 994 tantum
2100 963 2247 994 libertatis
2272 970 2306 993 ut
2321 963 2444 1003 possint

1392 1006 1424 1035 in
1455 1013 1560 1036 actum
1589 1005 1809 1042 deliberatum;
1834 1007 1888 1036 sed
1912 1007 2078 1046 vestigium
2106 1007 2269 1047 quoddam
2295 1006 2443 1037 libertatis

1393 1049 1518 1080 sortitae
1542 1056 1615 1079 sunt
1638 1059 1674 1079 ex
1696 1050 1868 1080 elevatione
1891 1050 1924 1080 in
1947 1058 2091 1081 naturam
2117 1050 2315 1086 rationalem,
2340 1060 2359 1080 a
2381 1060 2444 1090 qua

1393 1093 1505 1123 fluunt.
1525 1093 1664 1123 Eaedem
1680 1101 1786 1124 autem
1801 1094 1881 1124 vires
1897 1094 2084 1134 appetitivae
2100 1094 2272 1130 sensitivae,
2289 1100 2325 1124 ut
2340 1100 2442 1124 actua-

1392 1137 1460 1167 liter
1484 1144 1588 1167 motae
1611 1144 1642 1167 et
1665 1144 1826 1168 moventes
1842 1148 1859 1167 a
1875 1144 1961 1177 parte
1977 1138 2139 1178 superiori,
2156 1144 2279 1168 tantum
2294 1137 2444 1167 libertatis

1392 1180 1577 1220 participant
1600 1187 1636 1211 ut
1659 1181 1752 1211 etiam
1774 1181 1806 1211 in
1830 1181 2014 1212 deliberatos
2039 1188 2124 1212 actus
2140 1181 2271 1222 possint.
2295 1181 2386 1211 Unde
2409 1179 2445 1211 fit

1393 1232 1428 1255 ut
1446 1232 1532 1255 actus
1548 1225 1743 1255 voluntarius
1759 1225 1975 1261 sensualitatis,
1992 1225 2135 1266 quamvis
2151 1231 2236 1256 totus
2260 1224 2390 1255 elicitive
2405 1225 2443 1254 ab

1392 1269 1461 1309 ipso
1486 1269 1626 1308 appetitu
1655 1269 1816 1304 sensitivo‚
1841 1269 1866 1299 si
1889 1269 2091 1299 resolvendus
2119 1268 2158 1299 sit
2180 1268 2213 1298 in
2237 1278 2293 1299 sua
2315 1268 2442 1308 propria

1393 1312 1559 1352 principia,
1584 1313 1759 1343 secundum
1786 1312 1873 1342 illam
1894 1319 2018 1343 tanturn
2040 1313 2195 1343 rationem
2216 1312 2389 1342 resolvetur
2411 1311 2444 1341 in

1393 1356 1634 1392 sensualitatem,
1654 1366 1750 1397 quam
1774 1356 1866 1386 habet
1889 1357 1927 1386 ab
1947 1366 1983 1386 ea
1998 1357 2173 1386 secundum
2195 1364 2243 1386 se:
2268 1355 2444 1386 secundum

1393 1401 1478 1430 illam
1501 1410 1574 1430 vero
1599 1410 1695 1440 quam
1719 1399 1812 1430 habet
1834 1401 1872 1429 ab
1896 1400 2006 1429 eadem
2029 1410 2094 1430 non
2118 1400 2291 1430 secundum
2308 1399 2444 1439 seipsam

1394 1444 1447 1474 sed
1471 1451 1506 1474 ut
1529 1450 1615 1473 mota
1636 1451 1681 1474 est
1700 1444 1738 1473 ab
1762 1444 1869 1479 altero,
1894 1443 2066 1473 resolvetur
2088 1444 2120 1473 in
2143 1443 2221 1473 illud
2237 1443 2378 1479 alterum,
2394 1443 2445 1472 vel

1394 1488 1425 1518 in
1448 1487 1549 1527 ipsam
1572 1494 1608 1517 ut
1630 1494 1718 1517 mota
1741 1494 1787 1517 est
1809 1487 1847 1516 ab
1870 1486 1925 1516 illo
1950 1487 2057 1518 altero.
2081 1487 2122 1517 Et
2137 1487 2211 1527 quia
2226 1496 2352 1526 peccare
2369 1496 2443 1516 con-

1394 1531 1473 1562 sistit
1495 1531 1528 1561 in
1551 1541 1654 1571 agere,
1679 1537 1710 1561 et
1731 1537 1896 1570 propterea
1919 1530 1957 1560 ad
1981 1531 2042 1561 hoc
2065 1531 2152 1571 quod
2175 1531 2279 1571 aliqua
2304 1530 2445 1569 potentia

1394 1582 1500 1615 peccet
1523 1575 1690 1611 moraliter,
1707 1584 1772 1604 non
1788 1573 1903 1604 sufficit
1918 1575 2006 1614 quod
2026 1574 2065 1604 sit
2079 1581 2166 1604 mota
2181 1584 2198 1604 a
2211 1574 2372 1604 voluntate
2388 1572 2445 1615 (sic

1394 1620 1478 1650 enim
1502 1629 1615 1649 manus
1637 1626 1779 1659 peccaret
1801 1616 2028 1660 percutiendo),
2054 1619 2108 1648 sed
2131 1624 2257 1657 oportet
2278 1624 2314 1648 ut
2337 1626 2445 1647 secun-

1376 1664 1472 1694 ·dum
1488 1673 1520 1693 se
1535 1663 1630 1693 libere
1647 1669 1717 1702 agat
1725 1671 1732 1698 ;
1757 1669 1883 1702 oportet
1905 1662 1993 1702 quod
2016 1662 2190 1692 secundum
2214 1662 2349 1691 modum
2372 1671 2444 1701 pro-

1394 1707 1478 1747 priae
1501 1706 1649 1737 libertatis
1672 1705 1846 1746 potentiae,
1871 1706 2076 1736 attribuamus
2100 1706 2128 1736 ei
2150 1715 2286 1746 peccare.
2311 1705 2385 1742 Quo
2408 1703 2444 1735 fit

1394 1758 1438 1787 ut,
1459 1751 1532 1791 quia
1555 1750 1738 1780 sensualitas
1755 1749 1930 1780 secundum
1947 1759 1978 1780 se
1997 1749 2091 1780 habet
2109 1756 2232 1780 tantum
2246 1748 2395 1779 libertatis
2410 1755 2447 1779 ut

1394 1795 1527 1825 sufficiat
1545 1795 1583 1824 ad
1599 1800 1764 1833 peccatum
1786 1793 1915 1829 veniale,
1940 1793 2011 1823 ideo
2035 1800 2199 1833 peccatum
2213 1793 2333 1823 veniale
2349 1792 2377 1822 ei
2391 1792 2444 1822 tri-

1394 1839 1515 1869 buitur:
1539 1838 1614 1879 quia
1636 1847 1711 1868 vero
1735 1847 1801 1868 non
1819 1837 1913 1867 habet
1926 1843 2050 1868 tantum
2065 1836 2279 1867 rationalitatis
2295 1843 2331 1867 ut
2347 1836 2447 1875 possit

1393 1883 1426 1913 in
1448 1889 1612 1922 peccatum
1636 1881 1779 1917 mortale,
1803 1881 1878 1921 quia
1901 1891 1966 1911 non
1990 1887 2036 1911 est
2059 1881 2125 1911 eius
2149 1880 2300 1920 respicere
2322 1881 2446 1910 bonum

1393 1926 1521 1957 rationis
1541 1933 1576 1956 ut
1596 1925 1702 1961 finem,
1718 1925 1790 1955 ideo
1806 1925 1834 1955 ei
1850 1935 1914 1955 non
1931 1924 2108 1955 attribuitur
2123 1931 2287 1965 peccatum
2302 1924 2443 1954 mortale.

1393 1971 1433 2001 Et
1456 1970 1530 2011 quia
1553 1970 1619 2000 eius
1643 1976 1679 2000 ut
1697 1975 1803 1999 motae
1818 1979 1836 1999 a
1851 1968 2015 2008 superiori,
2039 1975 2085 1999 est
2107 1969 2232 1998 tendere
2256 1968 2396 1998 ordinate
2412 1967 2443 1997 in

1393 2015 1515 2044 bonum
1538 2013 1667 2044 rationis
1690 2019 1726 2044 ut
1748 2012 1860 2048 finem;
1885 2012 1957 2042 ideo
1977 2012 2071 2042 etiam
2093 2012 2151 2042 sibi
2174 2019 2210 2042 ut
2231 2018 2336 2042 motae
2359 2021 2377 2041 a
2399 2020 2446 2040 ra-

1393 2059 1488 2093 tione,
1505 2064 1669 2098 peccatum
1686 2057 1817 2087 mortale
1832 2063 1863 2087 et
1880 2055 2003 2086 virtutis
2026 2062 2112 2086 actus
2136 2055 2281 2086 tribuitur
2302 2061 2337 2085 ut
2359 2055 2445 2094 prin-

1394 2102 1487 2143 cipio,
1512 2109 1542 2132 et
1565 2107 1792 2141 consequenter
1814 2107 1850 2131 ut
1872 2100 2023 2135 subiecto,
2048 2106 2083 2130 ut
2106 2099 2168 2129 iam
2183 2099 2201 2118 *
2224 2100 2343 2129 dictum
2367 2105 2422 2128 est.

1450 2146 1489 2176 V.
1513 2146 1564 2176 Ad
1587 2145 1708 2175 obiecta
1722 2144 1740 2162 '¹‘
1764 2154 1838 2183 ergo
1862 2143 1974 2174 dicitur
1996 2144 2085 2183 quod
2107 2146 2227 2173 Auctor
2244 2143 2385 2183 loquitur
2407 2142 2446 2172 de

1393 2189 1590 2220 sensualitate
1613 2195 1719 2218 nostra
1743 2188 1918 2218 secundum
1941 2188 1973 2217 id
1996 2188 2085 2228 quod
2107 2194 2152 2217 est
2171 2187 2198 2217 ei
2218 2186 2393 2226 proprium,
2410 2192 2446 2216 ut

1393 2241 1477 2274 patet
1500 2233 1532 2263 in
1555 2232 1760 2272 responsione
1784 2232 1823 2261 ad
1846 2231 2003 2271 primum:
2029 2238 2059 2261 et
2074 2238 2238 2271 propterea
2261 2230 2384 2269 negavit
2407 2230 2445 2259 ab

1393 2288 1429 2308 ea
1451 2277 1592 2313 mortale,
1617 2276 1667 2306 cui
1690 2275 1776 2316 prius
1791 2275 1939 2306 tribuerat
1953 2275 2082 2305 veniale.
2108 2274 2182 2304 Ideo
2197 2281 2283 2314 patet
2298 2284 2363 2303 non
2380 2283 2446 2303 esse

1393 2331 1500 2361 parem
1523 2321 1686 2351 rationem.
1711 2320 1758 2350 Ex
1781 2319 1918 2350 articulis
1941 2326 2047 2350 autem
2071 2318 2209 2348 secundo
2234 2325 2264 2348 et
2286 2317 2376 2348 tertio
2401 2317 2446 2346 di-

1391 2365 1522 2404 ligenter
1550 2364 1714 2405 inspectis,
1743 2363 1832 2394 facile
1862 2370 1967 2403 patere
1997 2369 2101 2403 potest
2133 2362 2213 2392 hanc
2246 2371 2312 2392 esse
2341 2370 2447 2391 veram

1393 2416 1531 2439 mentem
1555 2407 1711 2438 Auctoris.

1445 2453 1499 2483 Vl.
1524 2453 1558 2481 In
1581 2451 1785 2491 responsione
1809 2451 1847 2480 ad
1873 2450 1999 2481 tertium
2024 2450 2165 2480 eiusdem
2188 2448 2290 2489 quarti
2312 2448 2446 2483 articuli,

1392 2506 1458 2526 non
1481 2495 1612 2526 turberis
1641 2505 1678 2525 ex
1707 2495 1851 2534 exemplo
1883 2494 1994 2524 caloris
2023 2493 2216 2533 disponentis
2244 2493 2283 2522 ad
2311 2492 2447 2522 formam

1392 2540 1481 2580 ignis,
1506 2550 1564 2579 pro
1584 2549 1622 2569 eo
1638 2538 1726 2579 quod
1751 2538 1862 2568 dicitur
1885 2548 1951 2568 esse
1975 2538 2007 2567 in
2024 2538 2137 2568 eodem
2159 2536 2309 2567 subiecto.
2333 2536 2446 2566 Exem-

1393 2584 1483 2624 plum
1502 2583 1534 2613 in
1554 2582 1662 2623 primis
1686 2589 1741 2612 est.
1765 2582 1806 2613 Et
1820 2581 1995 2612 verificatur
2011 2581 2048 2611 de
2064 2580 2204 2611 subiecto
2220 2579 2349 2620 partiali,
2369 2579 2448 2609 idest

1393 2627 1530 2663 materia,
1547 2636 1628 2667 quae
1645 2625 1822 2666 disponitur
1841 2625 1879 2655 ad
1895 2625 2032 2656 formam
2048 2624 2128 2664 ignis
2145 2624 2256 2660 calore,
2273 2630 2303 2654 et
2319 2622 2447 2662 suscipit

1393 2671 1490 2701 illam.

1056 2832 1371 2875 ARTICULUS
1401 2831 1654 2885 QUINTUS

872 2929 1027 2959 UTRUM
1050 2928 1288 2960 PECCATUM
1310 2929 1457 2960 POSSIT
1482 2928 1580 2959 ESSE
1605 2928 1647 2958 IN
1672 2927 1863 2958 RATIONE

1105 3015 1124 3040 11
1145 3015 1227 3046 sent„
1247 3016 1306 3040 dist.
1325 3023 1391 3046 xxxv,
1411 3023 1454 3048 qu.
1474 3022 1516 3045 111,
1537 3019 1583 3039 art.
1605 3013 1628 3038 3.

313 3122 381 3158 Μ,
403 3126 470 3163 ὥς(
494 3115 516 3139 n
536 3114 698 3145 QumTuM
717 3114 770 3139 stc
789 3114 1027 3140 paoeamrun.
1053 3103 1211 3140 Videtur
1235 3103 1339 3152 quod

312 3149 412 3213 KJA
494 3162 694 3203 peccatum
727 3167 806 3191 non
841 3156 960 3203 possit
995 3168 1076 3192 esse
1110 3156 1148 3192 in
1182 3156 1338 3192 ratione.

306 3209 360 3261 .st
396 3253 409 3262 .
436 3214 444 3221 ²
478 3206 704 3244 Cuiuslibet
731 3207 834 3244 enirn
858 3208 1048 3256 potentiae
1066 3215 1266 3256 peccatum
1287 3216 1341 3245 est

319 3260 322 3266 '
342 3289 344 3291 >
374 3262 428 3286 ''1'‘
451 3253 626 3309 Kaliquis
651 3260 818 3297 defectus
842 3259 969 3308 ipsius.
1001 3260 1078 3297 Sed
1097 3261 1264 3297 defectus
1285 3273 1340 3297 ra-

285 3312 499 3364 tionis-non
524 3321 579 3349 est
605 3320 816 3362 peccatum,
846 3312 913 3349 sed
936 3312 1055 3360 magis
1084 3320 1236 3349 excusat
1254 3325 1341 3361 pec-

286 3372 435 3402 catum:
464 3373 663 3403 excusatur
682 3365 783 3402 enim
812 3364 943 3413 aliquis
963 3377 985 3401 a
1003 3373 1159 3413 peccato
1187 3373 1343 3413 propter

285 3418 549 3464 ignorantiam.
570 3420 672 3466 Ergo
692 3418 730 3455 in
750 3418 892 3454 ratione
909 3430 986 3455 non
1006 3425 1129 3467 potest
1150 3429 1230 3454 esse
1254 3430 1341 3466 pec-

286 3477 425 3508 catum.

1447 3115 1482 3140 2.
1511 3104 1746 3147 PRAETEREA,
1782 3101 1947 3149 primum
1978 3099 2188 3136 subiectum
2222 3099 2364 3147 peccati
2393 3106 2449 3135 est

1392 3156 1580 3202 voluntas,
1609 3162 1651 3190 ut
1670 3154 1810 3190 dictum
1832 3160 1887 3189 est
1904 3152 1934 3188 ³¹³.
1962 3152 2038 3188 Sed
2059 3152 2152 3188 ratio
2172 3151 2362 3200 praecedit
2379 3163 2448 3188 vo-

1393 3209 1591 3244 luntatem:
1614 3218 1701 3242 cum
1723 3206 1769 3242 sit
1784 3205 1961 3242 directiva
1980 3204 2107 3253 ipsius.
2128 3205 2230 3252 Ergo
2248 3211 2448 3253 peccatum

1395 3273 1476 3297 esse
1506 3272 1583 3296 non
1611 3265 1734 3307 potest
1760 3258 1797 3294 in
1825 3257 1979 3294 ratione.

1450 3313 1483 3349 3.
1514 3313 1750 3356 PRAETEREA‚
1779 3322 1857 3346 non
1889 3317 2013 3358 potest
2041 3321 2123 3346 esse
2151 3317 2350 3358 peccatum
2378 3308 2448 3346 nisi

1397 3365 1494 3400 circa
1523 3375 1567 3400 ea
1595 3375 1692 3411 quae
1712 3370 1798 3399 sunt
1817 3362 1854 3398 in
1875 3362 1995 3399 nobis.
2027 3362 2104 3399 Sed
2128 3362 2308 3411 perfectio
2330 3370 2365 3399 et
2385 3362 2449 3398 de-

1396 3417 1512 3453 fectus
1533 3415 1686 3452 rationis
1706 3428 1782 3452 non
1804 3423 1858 3452 est
1878 3427 2011 3452 eorum
2037 3427 2133 3464 quae
2155 3422 2240 3452 sunt
2264 3415 2301 3451 in
2321 3414 2447 3451 nobis:

1398 3468 1552 3518 quidam
1583 3468 1684 3504 enim
1713 3476 1798 3505 sunt
1825 3467 2037 3504 naturaliter
2056 3468 2198 3504 ratione
2219 3467 2446 3514 deficientes,

2469 881 2478 889 '¹
2492 879 2550 900 Ibid.

2470 2105 2481 2115 ⁸
2495 2103 2553 2125 lbid.

2473 2150 2480 2157 ¹
2496 2147 2531 2169 cf.
2546 2153 2609 2169 num.
2625 2153 2650 2168 ιι.

2474 3111 2485 3121 “
2500 3111 2550 3132 Art.
