2840 4010
26 452 238 480 ⁸Qu.,.‚1art2

27 478 162 507 *dam-⁴⁵

30 1814 213 1841 ,mai

27 1845 74 1864 ..h-
91 1846 187 1862 ,ιιιαιι

49 3176 117 3201 vm.
132 3183 158 3200 ιι.

921 158 1186 205 QUAESTIO
1215 158 1711 205 LXXX1‚ART1CULUS
1741 158 1773 194 ΙΙ

265 243 340 274 pam
362 233 516 265 actualem
541 242 650 266 movet
672 236 896 276 praeexistens;
920 236 963 268 ita
987 247 1118 269 movens
1142 238 1181 268 ad
1197 237 1324 277 culpam

264 276 460 319 originalem,
484 285 601 315 movet,
626 279 706 310 idest
721 280 808 311 ducit
830 281 868 311 de
891 282 1033 323 potentia
1055 281 1094 311 ad
1118 287 1234 316 actum,
1259 290 1324 310 non

264 320 482 361 praeexistens
501 322 621 353 Contra
637 323 793 354 rationem
810 334 949 367 namque
965 325 1033 355 eius
1048 324 1137 365 quod
1153 323 1262 360 oritur,
1278 330 1324 354 est

263 364 476 405 praeexistere.

320 407 424 439 111.1n
440 409 554 440 eodem
571 410 713 447 articulo,
730 412 855 442 adverte
878 412 966 452 quod
988 413 1109 442 Auctor
1131 410 1324 450 positionem

265 461 363 492 quam
386 453 420 483 in
442 453 469 483 11
493 453 592 491 Seni„
617 455 687 486 dist.
701 465 762 486 xxx
775 455 803 491 *,
827 461 953 487 secutus
977 461 1037 490 est,
1061 454 1134 484 licet
1155 463 1222 483 non
1245 460 1323 484 tota-

265 497 350 532 liter,
375 506 503 536 arguere
530 497 686 529 videatur:
715 498 739 528 si
768 505 872 528 tamen
901 498 1081 538 diligentius
1111 497 1325 528 consideretur

263 540 376 579 littera,
396 541 473 571 dum
490 542 630 581 arguitur
647 541 884 573 insufficientiae
900 541 1038 572 secunda
1051 540 1112 576 via,
1132 540 1249 580 positio
1273 540 1326 570 illa

265 583 343 615 olim
367 594 424 615 sua
447 585 694 625 reprehenditur.
717 585 800 615 Nam
819 584 862 615 ibi
877 584 978 615 tenuit
993 590 1158 625 peccatum
1175 583 1325 623 originale

265 627 408 659 contrahi
427 638 484 670 per
507 629 661 670 originem
685 628 765 659 sicut
782 628 957 668 podagram
971 628 1021 658 vel
1040 627 1253 663 stoliditatem,
1277 637 1325 658 re-

266 673 429 703 dundante
444 673 477 703 in
497 672 635 704 formam
651 671 833 703 conditione
855 672 1019 708 materiae3
1044 678 1076 702 et
1097 671 1211 702 habere
1233 671 1326 701 ratio-

266 726 341 748 nem
365 716 476 756 culpae
500 723 630 757 propter
649 715 847 747 voluntatem
870 716 1016 756 parentis.
1040 716 1102 746 Hic
1125 721 1232 746 autern
1253 715 1326 746 licet

266 759 304 790 de
323 761 384 791 isto
400 760 580 791 voluntario
599 769 665 789 non
687 758 743 790 fiat
760 759 880 790 mentio
903 759 1066 791 referendo
1089 759 1177 790 illam
1200 758 1325 799 opinio-

266 813 355 840 nem,
380 803 623 844 subintelligitur
645 809 767 839 tamen,
793 810 828 834 ut
851 810 948 844 puto,
973 810 1126 845 tanquam
1153 812 1324 834 commune

266 847 448 880 confessum
470 847 508 877 ab
532 846 696 882 omnibus,
722 847 810 889 quod
833 846 895 878 hoc
919 854 965 878 est
986 846 1202 878 voluntarium
1225 845 1325 876 aliena

264 890 437 924 voluntate.
461 889 714 930 Reprehenditur
736 897 843 921 autem
865 891 942 922 haec
965 890 1080 931 positio
1103 897 1255 931 tanquam
1278 889 1325 920 in-

265 934 432 971 sufficiens,
450 933 525 975 quia
541 943 606 964 non
630 934 728 965 salvat
742 935 898 965 rationem
921 934 1091 966 voluntarii
1106 934 1202 966 etiam
1225 933 1326 964 aliena

263 978 444 1014 voluntate,
469 977 512 1009 sic
536 978 626 1019 quod
657 978 790 1010 sufficiat
817 979 856 1009 ad
879 978 1037 1010 rationem
1063 978 1175 1018 culpae
1196 977 1229 1008 in
1262 978 1325 1008 hoc

263 1021 381 1062 genito.
405 1021 568 1058 Quoniam
586 1029 692 1052 totum
711 1022 773 1053 hoc
788 1023 877 1063 quod
895 1023 948 1053 illa
962 1022 1080 1063 positio
1097 1022 1171 1052 dicit
1182 1028 1325 1062 >accepta-

263 1071 344 1102 tum,
367 1064 544 1096 verificatur
567 1066 606 1096 de
625 1066 751 1097 Socrate
775 1067 952 1097 secundum
975 1075 1023 1097 se:
1049 1072 1095 1096 est
1117 1075 1255 1106 namque
1279 1075 1324 1096 se-

265 1109 407 1140 cundum
430 1119 462 1139 se
486 1109 604 1140 habens
628 1110 826 1141 conditiones
850 1110 970 1141 formae
993 1116 1153 1150 coaptatas
1177 1109 1324 1139 materiae

264 1153 511 1189 conditionibus,
535 1154 712 1184 voluntarie
734 1155 822 1184 Adae
844 1155 1008 1185 voluntate
1024 1159 1197 1184 contractas
1217 1153 1255 1184 ab
1275 1163 1324 1183 eo.

262 1196 305 1228 Et
319 1203 425 1228 tamen
445 1197 584 1228 defectus
601 1198 658 1228 iste
674 1208 740 1228 non
759 1205 806 1228 est
822 1198 915 1238 culpa
934 1197 1070 1229 Socratis
1088 1197 1265 1228 secundum
1281 1207 1323 1228 se.

264 1241 348 1279 Quia
371 1248 600 1282 ergmoportet
623 1242 663 1272 ad
686 1242 872 1273 salvandum
894 1242 1111 1273 voluntarium
1138 1241 1326 1282 requisitum

250 1282 454 1325 ‘ad'culpam
478 1285 573 1315 huius
601 1285 718 1326 absque
742 1285 870 1327 propria
891 1285 1070 1321 voluntate,
1095 1294 1214 1325 ponere
1241 1284 1325 1315 hunc

262 1329 429 1359 hominem
452 1339 519 1359 esse
542 1329 661 1370 aliquid
681 1329 800 1360 alienae
821 1329 1004 1366 voluntatis,
1027 1336 1064 1360 ut
1085 1329 1130 1360 sic
1151 1329 1192 1359 sit
1212 1329 1326 1359 volun-

263 1372 361 1404 tarius
384 1373 524 1404 defectus
538 1373 702 1404 voluntate
718 1373 845 1414 propria
869 1383 935 1404 non
954 1373 1130 1404 secundum
1145 1382 1188 1410 se,
1206 1372 1260 1403 sed
1271 1382 1325 1415 ‘se-

2383 158 2432 204 89

1378 238 1519 268 cundum
1531 237 1620 278 quod
1635 237 1816 268 membrum
1830 236 1966 272 alterius,
1977 247 1995 268 a
2007 247 2072 277 quo
2089 237 2216 268 inchoat
2234 236 2310 267 haec
2327 237 2432 277 culpa;

1378 288 1409 311 et
1431 281 1492 312 hoc
1513 291 1580 312 non
1595 281 1737 322 positum
1760 287 1806 312 est
1819 291 1838 311 a
1851 281 2017 321 praedictis
2039 281 2269 321 positionibus:
2294 281 2366 311 ideo
2390 291 2434 311 ar-

1377 331 1527 365 guuntur.
1551 325 1592 355 Et
1614 324 1744 366 ponitur
1766 324 1826 356 alia
1840 324 1900 361 via,
1917 334 1980 365 qua
1995 325 2131 356 salvatur
2145 324 2332 356 sufficienter
2355 324 2433 355 ratio

1377 368 1545 398 voluntarii
1569 378 1624 408 per
1641 368 1702 399 hoc
1725 369 1814 409 quod
1833 367 1964 408 ponitur
1985 368 2018 398 in
2040 368 2167 399 Socrate
2185 369 2247 399 hoc
2269 375 2433 409 peccatum

1378 418 1414 441 ut
1435 418 1481 442 est
1505 413 1685 442 membrum
1707 412 1804 448 Adae,
1829 419 1859 442 et
1882 422 1919 443 ex
1942 412 2147 453 consequenti
2169 412 2203 442 in
2225 413 2296 453 ipso
2323 422 2433 443 secun-

1378 455 1456 484 dum
1479 465 1522 485 se.

1433 498 1538 528 1V.1n
1558 499 1763 539 responsione
1786 500 1825 530 ad
1848 500 1976 532 tertium
1997 500 2030 530 in
2054 500 2168 531 eodem
2191 500 2333 536 articulo,
2358 506 2434 531 nota

1378 541 1466 580 quod
1491 542 1617 581 culpam
1645 553 1711 573 esse
1733 544 1904 575 virtualiter
1925 544 1958 574 in
1984 544 2116 582 semine,
2139 543 2358 584 accipiendum
2387 550 2434 574 est

1379 585 1635 624 concomitanter,
1655 593 1686 616 et
1708 597 1773 617 non
1798 587 2026 628 principaliter.
2050 587 2083 618 in
2099 588 2219 619 semine
2234 598 2372 628 namque
2387 595 2434 618 est

1378 628 1548 659 virtualiter
1571 636 1681 660 natura
1704 630 1852 667 humana,
1876 641 1975 672 quam
1998 631 2229 662 concomitamr
2252 632 2346 672 culpa
2370 631 2432 662 ori-

1378 671 1569 711 ginalis.1ta
1593 673 1681 713 quod
1704 684 1769 703 non
1794 681 1918 714 oportet
1940 675 2078 716 aliquam
2101 675 2340 706 intentionalem
2356 685 2433 716 qua-

1378 715 1520 746 litatem
1513 726 1545 745 ιιι
1561 717 1680 746 semine
1695 717 1821 757 fingere,
1838 727 1901 758 qua
1920 719 2144 759 productivum
2160 720 2200 750 sit
2214 719 2336 760 culpae.
2360 720 2432 750 Hoc

1379 759 1463 789 enim
1487 769 1544 790 nec
1567 760 1735 791 somniavit
1757 763 1892 792 Auctor:
1918 772 1991 793 cum
2015 763 2108 813 culpa
2123 763 2200 794 nihil
2224 763 2359 794 entitatis
2382 763 2431 799 sit,

1379 809 1409 834 et
1436 803 1685 835 concomitanter
1711 804 1782 855 fiat,
1807 812 1837 835 et
1863 805 2021 837 sufficiens
2051 807 2090 837 sit
2115 817 2223 838 semen
2250 807 2391 838 decisum
2414 817 2433 838 a

1379 853 1489 877 natura
1517 847 1664 878 destituta
1687 847 1804 878 iustitia
1827 849 1980 888 originali.
1997 868 2015 872 —
2031 851 2133 880 Verba
2156 858 2262 882 autem
2285 851 2432 882 Auctoris

1378 890 1411 920 in
1428 891 1491 927 Qu.
1507 891 1547 921 de
1560 892 1662 928 Malo,
1680 902 1733 932 qu.
1751 903 1796 928 rv,
1814 900 1869 923 art.
1893 904 1918 928 1,
1935 894 1974 923 ad
1991 905 2024 934 9,
2049 904 2114 923 non
2137 894 2310 934 significant
2332 905 2433 934 oppo-

1379 934 1491 965 situm:
1507 935 1562 964 sed
1578 936 1665 975 quod
1689 935 1822 975 privatio
1845 936 1980 967 iustitiae
2004 937 2161 977 originalis
2184 938 2217 968 in
2232 938 2360 974 semine,
2376 938 2431 968 illo

1379 978 1478 1008 modo
1501 988 1568 1018 quo
1591 979 1623 1008 in
1640 979 1759 1009 semine
1782 980 1918 1010 salvatur
1933 991 1970 1010 ex
1988 981 2121 1017 defectu,
2139 988 2256 1021 spectat
2279 983 2318 1012 ad
2333 991 2432 1021 genus

1378 1022 1475 1052 moris
1498 1022 1677 1059 virtualiter,
1694 1033 1759 1054 non
1775 1024 1850 1064 quia
1865 1032 1911 1055 eet
1926 1031 1996 1055 actu
2016 1025 2154 1061 moralis,
2175 1026 2229 1055 sed
2245 1026 2319 1066 quia
2335 1026 2433 1056 tendit

1378 1066 1418 1095 ad
1441 1066 1560 1096 morale
1584 1073 1758 1106 peccatum,
1784 1074 1814 1098 et
1836 1068 1879 1098 sic
1902 1067 1960 1098 ista
1982 1068 2115 1108 privatio
2139 1076 2185 1099 est
2207 1069 2363 1109 quaedam
2385 1069 2434 1099 in-

1377 1109 1475 1140 tentio
1501 1110 1574 1140 mali
1598 1111 1735 1147 moralis,
1761 1118 1790 1142 et
1809 1112 1929 1142 malum
1946 1113 2064 1142 morale
2082 1113 2175 1142 estin
2195 1123 2229 1143 ea
2245 1113 2432 1143 intentiona-

1378 1153 1456 1190 liter,
1481 1154 1561 1185 sicut
1584 1155 1672 1185 color
1690 1155 1722 1184 in
1747 1165 1816 1185 aere
1840 1162 1870 1186 et
1894 1156 1997 1186 anima
2020 1156 2052 1186 in
2076 1156 2204 1187 semine.
2228 1157 2269 1187 Et
2288 1163 2372 1187 tenet
2394 1157 2432 1186 si-

1379 1197 1526 1228 militudo
1543 1199 1650 1238 quoad
1665 1199 1736 1234 hoc,
1756 1199 1831 1239 quia
1849 1200 1981 1230 intentio
2001 1200 2165 1230 ordinatur
2187 1201 2226 1230 ad
2248 1200 2327 1231 illud
2343 1201 2433 1231 cuius

1379 1241 1492 1272 dicitur
1514 1242 1661 1273 intentio:
1683 1253 1747 1273 non
1763 1244 1871 1284 quoad
1887 1253 1952 1274 esse
1969 1244 2051 1274 entia
2066 1244 2211 1284 positiva,
2229 1254 2303 1275 cum
2318 1245 2379 1275 hoc
2394 1245 2433 1275 de

1379 1284 1554 1326 privatione
1574 1286 1633 1316 dici
1650 1296 1716 1316 non
1739 1287 1848 1327 possit,
1873 1287 1966 1318 etiam
1986 1287 2011 1318 si
2030 1287 2167 1327 fingendi
2191 1288 2280 1318 detur
2298 1288 2431 1319 licentia.

1434 1330 1475 1360 Et
1498 1329 1574 1360 haec
1597 1330 1635 1360 de
1658 1331 1716 1360 ista
1738 1331 1867 1361 materia
1890 1331 1971 1362 dicta
1995 1331 2166 1362 sufficiant:
2191 1332 2343 1372 quoniam
2363 1342 2433 1362 eva-

1379 1379 1474 1411 cuant
1497 1383 1608 1404 omnes
1633 1374 1829 1406 difficultates
1853 1376 2050 1405 necessarias.

1029 1526 1344 1569 ARTICULUS
1375 1526 1673 1569 SECUNDUS

469 1619 625 1650 UTRUM
648 1619 786 1649 ETIAM
809 1619 910 1649 ALIA
933 1618 1136 1650 PECCATA
1158 1618 1276 1649 PRIMI
1300 1618 1523 1654 PARENTIS,
1548 1618 1632 1649 VEL
1656 1618 1949 1650 PROXIMORUM
1978 1620 2229 1657 PARENTUM,

346 1889 353 1896 .
380 1883 446 1921 ss<
475 1868 498 1893 ι)
517 1867 706 1893 SECUNDUM
721 1868 774 1892 sm
789 1867 1028 1892 Paocmiwn.
1045 1854 1204 1892 Videtur
1219 1854 1324 1913 quod

289 1898 443 1968 “2'3'253
474 1909 589 1946 etiam
618 1908 690 1946 alia
717 1916 873 1967 peccata
891 1908 980 1945 vel'
973 1907 1091 1956 ipsius
1118 1907 1231 1956 primi
1258 1919 1324 1956 pa-

282 1996 301 2008 ·,
338 1958 397 2004 j
417 1958 600 2008 ¹frentis,
630 1963 693 1998 vel
720 1962 984 2010 proximorum
1013 1968 1224 2020 parentum,
1253 1968 1325 1997 tra—

320 2008 415 2054 ε”ἲῗν
430 2002 459 2046 Ὢ
475 2014 693 2053 ducantur
685 2027 724 2051 in
742 2022 928 2062 posteros.
956 2014 1088 2050 Poena
1108 2013 1210 2050 enim
1229 2025 1326 2050 nun-

216 2068 218 2071 ’
263 2079 380 2116 quam
408 2067 568 2105 debetur
593 2067 664 2104 nisi
691 2068 837 2116 culpae.
872 2066 950 2103 Sed
977 2066 1109 2114 aliqui
1118 2065 1328 2115 puniuntur

262 2119 402 2161 md'aeio
420 2120 552 2159 divino
571 2132 642 2169 pro
658 2128 816 2168 peccato
831 2119 1093 2168 proximorum
1107 2126 1325 2168 parentum

265 2172 479 2212 secundum
505 2173 597 2211 illud
613 2174 738 2210 Exod.
758 2185 808 2209 xx
824 2172 859 2209 *z
879 2173 966 2232 Ego
993 2184 1076 2209 sum
1100 2173 1205 2208 Deus
1232 2172 1326 2220 zelo-

265 2231 329 2272 tes,
348 2226 502 2263 visitans
521 2226 750 2274 iniquitatem
765 2231 920 2273 patrum
941 2225 1105 2272 infilius,
1125 2225 1163 2262 in
1179 2225 1326 2262 tertiam

265 2283 302 2315 et
324 2283 501 2327 quartam
519 2279 815 2338 generationem.
843 2277 984 2315 Iudicio
1009 2277 1124 2314 etiam
1142 2278 1325 2324 humano,

265 2330 305 2371 'm
315 2330 474 2370 erimine
489 2332 615 2369 laesae
634 2331 852 2377 maiestatis,
866 2330 935 2367 filii
962 2330 1238 2368 exheredantur
1256 2342 1327 2379 pro

263 2391 422 2432 peccato
441 2392 656 2432 parentum.
676 2385 778 2431 Ergo
799 2383 912 2420 etiam
932 2383 1043 2432 culpa
1062 2383 1326 2432 proximorum

264 2444 466 2486 parentum
492 2437 623 2474 transit
649 2437 698 2474 ad
726 2444 912 2485 posteros.

277 2518 280 2520 v
317 2501 354 2528 2.
384 2491 617 2537 Palmam,
647 2490 766 2537 magis
793 2496 918 2538 potest
943 2489 1144 2525 transferre
1172 2489 1210 2526 in
1238 2489 1328 2525 alte—

265 2554 351 2581 rum
378 2542 418 2580 id
447 2543 552 2590 quod
580 2543 696 2580 habet
722 2542 855 2590 aliquis
875 2548 893 2564 ‘²
921 2554 943 2578 a
970 2541 1112 2590 seipso,
1143 2553 1259 2589 quam
1288 2541 1327 2578 id

265 2596 371 2644 quod
388 2596 505 2633 habet
524 2607 569 2632 ex
587 2595 682 2632 alio:
712 2595 807 2632 sicut
830 2594 926 2642 ignis
949 2594 1070 2642 tnagis
1088 2602 1214 2643 potest
1232 2595 1328 2631 cale-

264 2648 389 2687 facere
417 2660 533 2696 quam
562 2661 661 2697 aqua
689 2649 879 2685 calefacta.
910 2647 988 2684 Sed
1015 2647 1135 2684 homo
1154 2648 1328 2684 transfert

265 2699 471 2749 improlem
499 2713 568 2749 per
595 2701 778 2748 originem
797 2708 997 2748 peccatum
1018 2699 1124 2747 quod
1143 2700 1259 2737 habet
1277 2700 1326 2736 ab

263 2753 403 2791 Adam.
433 2754 534 2801 Ergo
563 2754 684 2790 multo
711 2753 832 2801 magis
850 2760 1051 2801 peccatum
1079 2752 1184 2801 quod
1211 2752 1292 2801 ipse
1312 2752 1327 2782 β

265 2805 466 2842 commisit.

319 2859 354 2896 3.
385 2859 625 2905 ΡΜΕΤΕΒΕΑ,
654 2858 741 2895 ideo
771 2857 1028 2895 contrahimus
1057 2869 1080 2894 a
1105 2857 1231 2910 primo
1253 2870 1327 2918 'p-a

263 2917 370 2949 rente
397 2918 598 2969 peccatum
626 2910 818 2959 originale,
837 2910 926 2970 quia
944 2910 983 2948 in
1003 2923 1050 2948 eo
1070 2903 1211 2947 fuimus
1231 2911 1327 2948 sicut

263 2963 303 3001 in
329 2963 515 3012 principio
542 2970 708 3010 naturae,
730 2976 846 3012 quam
870 2963 950 3012 ipse
970 2963 1146 3022 corrupit.
1178 2963 1255 3000 Sed
1278 2964 1326 3001 si-

264 3015 400 3054 militer
418 3016 586 3053 fuimus
577 3028 616 3053 in
635 3016 816 3065 proximis
836 3017 1055 3075 parentibus
1073 3016 1168 3053 sicut
1185 3016 1225 3053 in
1243 3017 1324 3064 qui-

264 3069 427 3106 busdam
454 3068 646 3116 principiis
674 3077 842 3116 naturae,
863 3081 963 3127 quae
982 3069 1051 3106 etsi
1070 3069 1116 3105 sit
1134 3077 1321 3118 corrupta,

262 3129 388 3171 potest
413 3121 540 3158 adhuc
567 3121 686 3169 magis
713 3121 907 3170 corrumpi
933 3133 1003 3170 per
1025 3129 1238 3170 peccatum,
1266 3134 1322 3158 se-

265 3175 432 3212 cundum
466 3174 558 3211 illud
583 3174 701 3222 Apoc.
726 3174 792 3211 ult.
813 3174 849 3210 *z
883 3174 956 3216 Qui
983 3174 1020 3210 in
1051 3174 1224 3211 sordibus
1249 3180 1322 3220 est,

262 3228 453 3264 sordescat
469 3227 601 3264 adhuc.
619 3227 721 3274 Ergo
736 3226 803 3263 filii
823 3227 1050 3263 contrahunt
1066 3234 1223 3275 peccata
1236 3238 1324 3275 pro—

263 3280 455 3318 ximorum
484 3287 684 3328 parentum
712 3291 781 3327 per
808 3278 1004 3326 originem,
1035 3279 1129 3315 sicut
1156 3287 1193 3315 et
1211 3279 1323 3328 primi

261 3340 438 3382 parentls.

1032 1661 1280 1693 TRADUCAN
1281 1663 1301 1692 Γ
1305 1662 1363 1692 UR
1387 1662 1430 1692 IN
1452 1662 1674 1693 POSTEROS

699 1740 719 1765 11
739 1741 821 1771 sent„
842 1740 900 1767 dist.
918 1748 1003 1772 xxxin,
1022 1748 1066 1773 qu.
1083 1748 1102 1771 ι,
1122 1745 1170 1765 art.
1187 1748 1212 1771 1;
1232 1740 1266 1765 1v
1288 1741 1363 1765 Cont.
1382 1741 1468 1768 Gent„
1487 1748 1543 1772 cap.
1558 1748 1607 1771 ως
1628 1740 1668 1766 De
1687 1740 1776 1771 Malo,
1795 1748 1842 1773 qu.
1856 1748 1889 1771 ιν,
1909 1747 1955 1766 arx.
1968 1740 1998 1772 83

919 1775 1061 1807 Compend.
1080 1774 1177 1804 Theoi„
1198 1783 1252 1807 cap.
1268 1782 1366 1814 cxpvm
1386 1776 1429 1800 Ad
1448 1775 1533 1807 Rom„
1553 1783 1608 1807 cap.
1622 1783 1647 1806 ν,
1667 1776 1726 1800 lect.
1745 1783 1781 1800 111.

1434 1855 1507 1891 SED
1536 1866 1692 1901 CONTRA,
1723 1855 1869 1891 bonum
1898 1863 1954 1892 est
1982 1856 2102 1903 tnagis
2130 1856 2350 1893 diffusivum
2378 1857 2435 1894 sui

1380 1919 1496 1955 quam
1517 1908 1674 1944 malum.
1705 1907 1782 1944 Sed
1800 1908 1935 1946 merita
1953 1909 2215 1956 proximorum
2234 1917 2434 1958 parentum

1378 1972 1458 1996 non
1486 1961 1732 1997 traducuntur
1759 1960 1808 1997 ad
1835 1968 2020 2009 posteros.
2051 1962 2152 2009 Ergo
2171 1963 2290 1999 multo
2310 1962 2435 2000 minus

1380 2021 1546 2061 peccata.

1433 2067 1657 2102 RESPONDEO
1697 2077 1880 2103 melianum
1921 2065 2026 2115 quod
2066 2067 2298 2114 Augustinus
2339 2069 2436 2105 hanc

1380 2119 1641 2167 quaestionem
1670 2126 1804 2156 movet
1822 2119 1860 2155 in
1883 2120 2100 2156 Enchiridio
2119 2120 2149 2166 ²¹⁸,
2180 2128 2216 2157 et
2234 2120 2436 2157 insolutam

1380 2171 1563 2220 relinquit.
1595 2171 1671 2208 Sed
1694 2171 1725 2208 si
1752 2172 1837 2219 quis
1863 2172 2059 2219 diligenter
2077 2173 2243 2220 attendit,
2264 2173 2436 2222 impossi-

1380 2224 1454 2261 bile
1474 2232 1528 2260 est
1551 2224 1654 2272 quod
1678 2224 1804 2272 aliqua
1829 2232 1985 2273 peccata
2011 2225 2275 2273 proximorum
2302 2238 2436 2274 paren—

1379 2284 1477 2323 tum,
1506 2278 1567 2313 vel
1595 2277 1709 2314 etiam
1737 2277 1850 2325 primi
1882 2278 2047 2326 parentis
2075 2286 2222 2327 praeter
2247 2278 2436 2328 primum,

1379 2342 1448 2378 per
1468 2330 1653 2377 originem
1672 2335 1688 2358 Υ
1715 2330 1968 2367 traducantur.
2000 2331 2118 2367 Cuius
2145 2331 2238 2368 ratio
2268 2338 2323 2368 est
2349 2332 2437 2381 quia

1380 2383 1499 2419 homo
1528 2390 1681 2430 generat
1705 2382 1774 2419 sibi
1798 2383 1900 2420 idem
1920 2383 1958 2420 in
1977 2383 2115 2432 specie,
2136 2396 2214 2421 non
2234 2391 2360 2421 autem
2379 2397 2437 2421 se-

1381 2436 1549 2472 cundum
1568 2435 1820 2473 individuum.
1842 2437 1891 2472 Et
1908 2435 1994 2472 ideo
2015 2448 2060 2473 ea
2076 2448 2176 2485 quae
2197 2436 2335 2474 directe
2353 2449 2436 2485 per-

1380 2489 1499 2525 tinent
1531 2489 1580 2525 ad
1607 2488 1866 2534 individuum,
1895 2489 1989 2525 sicut
2018 2490 2236 2537 personales
2268 2497 2372 2526 actus
2400 2497 2437 2526 et

1381 2554 1477 2589 quae
1498 2541 1546 2578 ad
1566 2553 1632 2577 eos
1649 2541 1848 2589 pertinent,
1876 2553 1954 2578 non
1981 2541 2228 2579 traducuntur
2254 2555 2276 2578 a
2303 2554 2436 2590 paren-

1380 2595 1479 2630 tibus
1506 2594 1543 2630 in
1566 2593 1687 2630 filios:
1716 2605 1794 2630 non
1814 2593 1916 2630 enirn
1935 2595 2202 2641 grammaticus
2219 2595 2380 2631 traducit
2396 2595 2435 2632 in

1380 2647 1501 2683 filium
1530 2646 1724 2684 scientiam
1751 2647 2032 2694 grammaticae,
2052 2659 2168 2694 quam
2188 2647 2341 2696 proprio
2361 2654 2436 2684 stu-

1381 2699 1443 2736 dio
1463 2699 1672 2748 acquisivit.
1703 2699 1781 2735 Sed
1809 2711 1854 2736 ea
1873 2711 1970 2748 quae
1990 2699 2178 2750 pertinent
2195 2700 2243 2736 ad
2262 2708 2434 2737 naturam

1380 2752 1530 2801 speciei,
1550 2752 1796 2788 traducuntur
1815 2764 1837 2788 a
1854 2752 2074 2800 parentibus
2100 2752 2138 2789 in
2166 2752 2274 2798 filios,
2302 2752 2372 2789 nisi
2391 2753 2435 2789 sit

1381 2806 1549 2842 defectus
1568 2812 1738 2841 naturae:
1759 2804 1854 2841 siout
1872 2805 2043 2842 oculatus
2057 2813 2210 2852 generat
2228 2806 2432 2851 oculatum,

1380 2858 1449 2895 nisi
1476 2865 1609 2894 natura
1637 2857 1798 2894 deficiat.
1828 2858 1878 2893 Et
1904 2857 1934 2893 si
1962 2865 2095 2894 natura
2122 2857 2166 2893 sit
2184 2856 2299 2903 fortis,
2320 2857 2433 2894 etiam

1379 2911 1503 2959 aliqua
1530 2909 1738 2947 accidentia
1770 2909 2013 2947 individualia
2044 2917 2300 2958 propagantur
2325 2910 2363 2947 in
2391 2911 2435 2947 fi-

1378 2964 1464 3010 lios,
1494 2962 1718 3011 pertinentia
1745 2963 1794 3000 ad
1822 2962 2108 3010 dispositionem
2136 2970 2309 3009 naturae,
2339 2962 2434 3000 sieut

1378 3016 1560 3053 velocitas
1588 3015 1769 3064 corporis,
1799 3015 1947 3052 bonitas
1974 3015 2122 3062 ingenii,
2153 3022 2190 3051 et
2217 3014 2288 3052 alia
2306 3015 2433 3052 huius-

1379 3069 1504 3106 modi·
1534 3069 1638 3105 nullo
1657 3075 1786 3104 autem
1811 3069 1930 3104 modo
1951 3078 1995 3103 ea
2014 3079 2110 3114 quae
2131 3074 2217 3104 sunt
2234 3078 2328 3116 pure
2349 3077 2434 3116 per·

1378 3121 1533 3167 sonalia,
1561 3128 1603 3157 ut
1631 3120 1771 3157 dictum
1798 3127 1864 3157 est.

1431 3175 1536 3211 Sicut
1558 3181 1684 3210 autern
1713 3172 1762 3209 ad
1789 3184 1992 3221 personam
2020 3172 2180 3220 pertinet
2207 3171 2348 3221 aliquid
2376 3184 2434 3210 se-

1379 3227 1546 3263 cundum
1570 3225 1744 3273 seipsam,
1766 3233 1801 3261 et
1818 3225 1959 3274 aliquid
1989 3237 2034 3262 ex
2063 3225 2166 3262 dono
2194 3225 2352 3272 gratiae3
2382 3225 2432 3263 ita

1378 3279 1491 3316 etiam
1520 3278 1568 3315 ad
1597 3285 1769 3314 naturam
1792 3285 1917 3325 potest
1935 3277 2076 3325 aliquid
2093 3277 2280 3326 pertinere
2300 3290 2433 3315 secun-

1379 3332 1470 3369 dum
1499 3330 1676 3378 seipsam,
1696 3330 1833 3366 scilicet
1853 3331 1958 3378 quod
1986 3338 2160 3368 causatur
2179 3342 2224 3367 ex
2242 3330 2432 3380 principiis

315 3448 343 3479 α)
361 3447 468 3479 aliquis.
485 3461 505 3466 -
521 3447 624 3478 aliquid
643 3446 843 3477 ACDGHILpB,
862 3453 914 3470 om.
935 3446 986 3470 EF.

315 3482 340 3515 β)
356 3486 495 3515 peccatum
515 3482 586 3514 quod
605 3482 666 3513 ipse.
685 3495 703 3499 -
723 3481 792 3513 quod
811 3481 862 3505 EF.

403 3536 511 3560 Summi:
530 3535 631 3559 Tuam„
651 3535 680 3558 D.
701 3534 814 3558 Tnomn
833 3533 864 3557 Τ.
883 3533 926 3558 1V.

1347 3445 1349 3489 1
1427 3446 1454 3477 γ)
1471 3445 1598 3476 primum,
1617 3451 1666 3476 per
1684 3445 1823 3477 originem.
1837 3457 1856 3462 -
1871 3444 2002 3477 originale
2016 3447 2154 3476 peccatum
2175 3444 2205 3474 K,
2218 3445 2335 3476 primum
2351 3445 2433 3477 origi-

1347 3492 1349 3508 .
1376 3480 1434 3504 nale
1449 3483 1587 3511 peccatum
1607 3480 1658 3504 EF.

2262 3540 2288 3556 12

2463 2132 2471 2141 '¹
2476 2130 2532 2158 Cap.
2539 2136 2600 2157 vax,
2605 2136 2672 2152 nvn.
