2840 4010
43 1975 46 1977 ‚
92 1948 307 1999 hez-muta.

16 3095 17 3101 ¹
86 3087 160 3112 wide
164 3088 297 3112 Commeat.

19 3119 20 3122 ’
86 3113 160 3138 edet.
255 3119 298 3137 nrt.

983 135 1247 181 QUAEs'no
1276 134 1374 182 clv,
1402 135 1698 172 ARTICULUS
1727 135 1776 183 11,
1805 136 1855 172 111

347 208 542 250 ordinatur
568 213 618 250 ad
644 213 863 262 proximum
893 213 988 251 sicut
1014 214 1052 251 in
1078 215 1210 261 finem,
1232 221 1274 250 ut
1293 225 1407 262 opor-

345 273 421 302 teat
435 277 522 301 eum
539 265 690 314 disponi
703 266 742 303 in
757 266 882 315 seipso
897 267 936 304 in
956 266 1089 304 ordine
1104 267 1153 304 ad
1165 266 1403 315 proximum:

344 319 441 355 haec
464 318 566 355 enim
587 326 643 355 est
662 319 896 368 comparatio
925 331 1125 357 servorum
1144 319 1194 356 ad
1213 317 1404 365 dominos,

345 369 411 419 qui
437 371 477 407 id
502 371 604 419 quod
636 378 741 418 sunt,
777 372 1017 410 dominorum
1053 377 1158 416 sunt,
1192 370 1404 407 secundum

306 442 317 448 -
344 423 635 473 Philosophum,
651 424 690 462 in
705 426 719 462 1
734 425 839 462 Polit.
852 424 872 446 *
897 425 946 462 Et
969 424 1058 465 ideo
1076 435 1156 460 non
1174 430 1261 460 sunt
1279 423 1404 470 aliqua

342 484 547 526 praecepta
561 477 749 516 iudicialia
767 477 979 515 ordinantia
997 476 1196 514 hominem
1211 475 1250 511 in
1264 474 1404 523 seipso,

344 529 411 566 sed
441 530 570 567 omnia
600 530 687 567 talia
719 537 806 567 sunt
837 528 1016 566 moralia:
1045 528 1134 576 quia
1162 527 1273 574 ratio,
1304 539 1402 575 quae

344 589 400 619 est
430 582 659 632 principium
690 582 915 629 moralium,
954 593 995 618 se
1026 581 1142 618 habet
1172 581 1211 618 in
1244 579 1402 617 homine

2442 139 2518 186 259

1459 222 1632 262 respectu
1665 226 1800 252 eorum
1828 226 1928 264 quae
1956 215 2005 252 ad
2034 214 2160 264 ipsum
2187 215 2394 264 pertinent,
2424 216 2518 253 sicut

1458 266 1634 316 princeps
1657 267 1719 307 vel
1737 267 1850 304 iudex
1872 267 1911 304 in
1940 267 2101 306 civitate.
2117 288 2141 295 -
2158 267 2365 305 Sciendum
2389 275 2518 306 tamen

1459 319 1584 366 quod,
1620 319 1708 368 quia
1737 321 1832 358 ordo
1860 320 2026 358 hominis
2059 322 2107 358 ad
2127 320 2359 369 'proximum
2396 322 2518 369 magis

1459 371 1627 408 subiacet
1654 372 1790 410 rationi
1819 385 1937 421 quam
1966 373 2062 410 ordo
2090 373 2255 410 hominis
2289 374 2338 411 ad
2366 374 2515 422 Deum,

1457 424 1565 471 plura
1584 432 1787 474 praecepta
1806 426 1966 463 moralia
1984 426 2230 463 inveniuntur
2251 439 2321 475 per
2339 438 2437 475 quae
2458 439 2516 464 or-

1459 475 1607 513 dinatur
1625 478 1743 514 homo
1765 478 1814 515 ad
1831 479 2064 527 proximum,
2080 491 2196 528 quam
2216 491 2285 528 per
2298 491 2396 528 quae
2416 479 2515 517 ordi-

1458 537 1569 564 natur
1597 530 1646 566 ad
1673 531 1813 568 Deum.
1847 532 1896 568 Et
1923 539 2079 581 propter
2105 533 2180 569 hoc
2208 532 2321 570 etiam
2351 532 2518 581 oportuit

1456 580 1566 628 plura
1595 594 1676 618 esse
1707 583 1996 621 caeremonialia
2018 584 2057 622 in
2076 586 2157 633 lege
2177 597 2294 634 quam
2317 585 2514 623 iudicialia.

866 791 870 794 ³
1107 740 1424 783 ARTICULUS
1454 741 1752 784 SECUNDUS

859 833 1015 864 UTRUM
1037 830 1293 865 PRAECEPTA
1316 791 1563 867 111111011111111ν
1573 832 1752 870 ALIQUID
1777 833 1996 865 FIGURENT

1138 913 1194 937 Art.
1212 917 1282 950 seq-3
1300 910 1334 935 11⁸
1353 910 1409 940 11⁸⁰.
1429 917 1474 942 qu.
1492 917 1599 940 Lxxxvn,
1619 916 1665 936 art.
1689 919 1711 936 1.

377 1007 399 1042 μ
420 1025 433 1047 ι,
456 1010 523 1053 νη
552 1004 576 1031 n
612 1004 804 1031 SECUNDUM
839 1004 892 1030 sm
929 1003 1158 1031 pnoeumwa
1182 991 1214 1028 ²⁸³.
1242 979 1402 1028 Videtur

370 1042 454 1084 ’1)Δ
473 1044 521 1104 ss'jit
552 1044 658 1094 quod
683 1053 888 1095 praecepta
915 1044 1102 1082 iudicialia
1129 1056 1208 1082 non
1235 1042 1400 1091 figurent

344 1094 476 1151 ’ϊξᾴ
495 1095 705 1147 aliquid.
745 1099 832 1135 Hoc
868 1097 970 1135 enim
1006 1097 1157 1135 videtur
1192 1108 1275 1134 esse
1310 1108 1400 1146 pro-

361 1145 491 1184 Aqu,
508 1142 678 1200 prium
717 1150 1052 1202 caeremonialium
1082 1156 1399 1200 praeceptorum,

339 1203 445 1262 §3992
460 1202 590 1250 sintin
602 1205 767 1252 figuram
786 1203 943 1241 alicuius
962 1203 1016 1240 rei
1034 1202 1209 1241 instituta.
1231 1201 1271 1239 Si
1289 1201 1400 1250 igitur

266 1266 278 1268 ”
340 1262 454 1295 enam
486 1264 691 1306 praecepta
716 1256 905 1295 iudicialia
937 1255 1078 1305 aliquid
1104 1255 1287 1305 figurent,
1321 1267 1400 1291 non

339 1307 411 1346 erit
433 1308 651 1348 ‚differentia
687 1309 783 1347 inter
815 1309 1002 1347 iudicialia
1039 1316 1076 1346 et
1111 1305 1399 1348 caeremonialia

337 1369 552 1411 praecepta.

391 1426 428 1453 2.
449 1415 682 1462 PRAETEREA,
702 1415 810 1452 sicuti
829 1414 880 1452 illi
897 1415 1042 1464 populo
1062 1414 1290 1452 Iudaeorum
1311 1413 1398 1450 data

337 1475 428 1514 sunt
452 1469 643 1518 quaedam
669 1467 858 1506 iudicialia
879 1464 1096 1517 praecepta,
1113 1467 1166 1505 ita
1183 1465 1298 1504 etiam
1317 1465 1397 1503 aliis

336 1520 487 1570 populis
515 1520 722 1568 gentilium.
753 1521 831 1558 Sed
859 1520 1047 1558 iudicialia
1066 1527 1276 1570 praecepta
1307 1518 1398 1556 alio-

337 1585 423 1619 rum
449 1574 684 1623 populorum
712 1586 791 1611 non
818 1574 982 1622 figurant
1013 1572 1173 1622 aliquid,
1201 1571 1269 1610 sed
1296 1572 1396 1609 ordi-

203 1638 210 1641 “
335 1635 428 1671 nant
445 1627 540 1676 quid
566 1626 650 1664 fieri
679 1627 825 1664 debeat.
856 1627 959 1675 Ergo
978 1626 1128 1664 videtur
1145 1625 1250 1676 quod
1269 1637 1395 1674 neque

237 1687 241 1701 ¹
276 1687 286 1697 ²
335 1687 538 1729 praecepta
571 1679 757 1716 iudicialia
789 1680 926 1716 veteris
959 1679 1050 1727 legis
1083 1677 1223 1728 aliquid
1257 1678 1395 1726 figura-

335 1739 429 1824 τᾳξζ
445 1766 680 1833 anss'aizx,
701 1797 746 1825 ea
765 1796 865 1834 quae
884 1784 933 1822 ad
957 1783 1099 1821 cultum
1119 1782 1291 1823 divinum
1309 1796 1394 1833 per—

334 1838 466 1886 tinent,
493 1837 624 1886 figuris
652 1837 883 1887 quibusdam
912 1837 1007 1874 tradi
1035 1836 1212 1886 oportuit,
1241 1835 1329 1886 quia
1349 1849 1393 1874 ea

334 1903 434 1941 quae
461 1891 535 1929 Dei
563 1898 662 1939 sunt,
691 1903 806 1941 supra
834 1898 1004 1928 nostram
1032 1889 1215 1928 rationem
1233 1898 1332 1937 sunt,
1352 1898 1394 1927 ut

334 1956 450 1994 supra
467 1943 489 1966 '⁸‘
517 1944 660 1982 dictum
689 1951 754 1981 est.
785 1943 863 1986 Sed
892 1955 937 1981 ea
963 1955 1064 1992 quae
1092 1950 1178 1984 sunt
1199 1943 1394 1993 proximo-

334 2009 433 2045 rum,
462 2010 551 2035 non
571 1996 760 2047 excedunt
785 2003 954 2034 nostram
974 1996 1173 2047 rationem.
1201 1994 1304 2045 Ergo
1323 2008 1392 2045 per

332 2050 532 2098 iudicialia,
560 2062 660 2109 quae
687 2049 738 2087 ad
763 2049 984 2099 proximum
1013 2061 1085 2086 nos
1104 2048 1292 2096 ordinant,
1312 2062 1391 2086 non

333 2103 501 2152 oportuit
528 2102 669 2152 ahquid
694 2102 861 2151 figurari.

387 2157 462 2195 SED
481 2167 628 2194 coum
647 2167 714 2194 EST
732 2155 837 2204 quod
855 2155 980 2192 Exod.
997 2167 1058 2192 xxi
1080 2154 1264 2192 iudicialia
1284 2167 1393 2204 prae-

333 2217 442 2259 cepta
469 2209 668 2257 allegorice
698 2216 733 2245 et
761 2208 954 2245 moraliter
981 2214 1233 2256 exponuntur.

385 2263 611 2300 REsponm-:o
639 2273 823 2299 111οΕ111)οΜ
852 2261 957 2309 quod
986 2260 1182 2309 dupliciter
1213 2260 1393 2308 contingit

331 2315 485 2364 aliquod
520 2322 768 2364 praeceptum
805 2326 887 2351 esse
920 2314 1088 2361 figurale.
1125 2314 1212 2351 Uno
1249 2313 1390 2360 modo,

329 2368 455 2418 primo
485 2376 522 2405 et
548 2380 616 2417 per
636 2380 694 2404 se:
720 2367 810 2415 quia
833 2366 974 2404 scilicet
991 2366 1244 2416 principaliter
1262 2374 1318 2404 est
1336 2367 1391 2404 in-

329 2422 499 2459 stitutum
533 2421 582 2458 ad
615 2420 756 2468 aliquid
790 2419 1044 2468 figurandum.
1078 2420 1128 2456 Et
1162 2419 1236 2457 1100
1269 2419 1389 2456 modo

329 2481 531 2524 praecepta
564 2472 858 2510 caeremonialia
890 2479 977 2509 sunt
1012 2471 1204 2520 figuralia:
1233 2472 1282 2509 ad
1314 2473 1390 2509 hoc

329 2527 432 2565 enim
460 2534 547 2564 sunt
575 2526 752 2574 instituta,
772 2534 813 2563 ut
838 2525 979 2575 aliquid
1002 2525 1164 2573 figurent
1194 2525 1388 2574 pertinens

382 2646 409 2680 α)
429 2646 576 2672 ἰιιάίεἰαῖἰα.
594 2659 612 2664 -
631 2645 731 2670 iudicia
749 2645 934 2675 ABCDEG1L3
959 2645 991 2669 ita
1011 2645 1091 2670 altero
1109 2645 1167 2670 loco
1186 2644 1264 2670 iidem
1282 2650 1308 2670 et
1325 2645 1354 2670 P.

1455 990 1504 1027 ad
1533 991 1676 1027 cultum
1703 991 1776 1028 Dei
1806 998 1842 1028 et
1861 992 1910 1029 ad
1929 993 2152 1040 mysterium
2172 994 2320 1033 Christi.
2341 1018 2364 1025 -
2387 998 2513 1045 Quae-

1456 1042 1546 1079 dam
1574 1056 1668 1080 vero
1696 1052 1900 1093 praecepta
1927 1053 2014 1082 sunt
2040 1046 2211 1094 figuralia
2234 1060 2314 1086 non
2331 1050 2457 1098 primo
2478 1061 2514 1089 et

1453 1107 1523 1144 per
1550 1108 1602 1143 se,
1634 1097 1702 1134 sed
1730 1108 1776 1134 ex
1804 1099 2061 1147 consequenti.
2090 1100 2139 1136 Et
2164 1101 2240 1137 hoc
2259 1102 2378 1139 modo
2405 1116 2513 1153 prae-

1455 1156 1564 1198 cepta
1591 1149 1779 1186 iudicialia
1805 1150 1944 1188 veteris
1972 1151 2063 1199 legis
2096 1161 2184 1190 sunt
2210 1154 2390 1202 figuralia.
2422 1157 2512 1194 Non

1455 1202 1556 1239 enim
1585 1210 1673 1239 sunt
1703 1202 1868 1240 instituta
1895 1203 1943 1241 ad
1972 1204 2114 1253 aliquid
2147 1206 2413 1255 figurandum3
2443 1210 2511 1247 sed

1454 1255 1502 1291 ad
1535 1254 1792 1292 ordinandum
1829 1263 1967 1293 statum
2000 1257 2096 1294 illius
2128 1259 2263 1308 populi
2299 1262 2510 1300 secundum

1453 1307 1632 1344 iustitiam
1661 1315 1698 1345 et
1724 1309 1965 1356 aequitatem.
1996 1310 2074 1348 Sed
2103 1323 2147 1349 ex
2177 1314 2422 1362 consequenti
2448 1315 2510 1352 ali-

1453 1360 1543 1408 quid
1571 1361 1804 1409 figurabant:
1834 1361 2060 1411 inquantum
2083 1363 2232 1402 scilicet
2264 1373 2364 1403 totus
2393 1375 2510 1405 status

1451 1412 1548 1450 illius
1567 1414 1710 1463 populi,
1741 1414 1805 1463 qui
1832 1427 1902 1463 per
1924 1415 2144 1454 huiusmodi
2163 1427 2365 1468 praecepta
2385 1420 2509 1469 dispo-

1452 1467 1623 1514 nebatur,
1634 1467 1800 1515 figuralis
1816 1475 1910 1514 erat;
1927 1468 2138 1506 secundum
2154 1470 2244 1508 illud
2258 1472 2334 1508 lad
2346 1473 2507 1510 Cor.x*:
2538 1482 2546 1490 ·
2584 1488 2625 1503 ατε
2644 1488 2661 1503 ¹¹

1457 1519 1592 1556 Omnia
1620 1520 1657 1556 in
1674 1521 1854 1569 figuram
1882 1521 2148 1571 contingebant
2174 1523 2256 1560 illis.

1503 1574 1562 1608 An
1591 1584 1727 1610 ptumum
1754 1585 1853 1610 ERGO
1873 1585 2057 1611 mcENDUM
2077 1577 2184 1622 quod
2201 1585 2406 1626 praecepta
2426 1590 2509 1615 cae-

1451 1625 1672 1662 remonialia
1699 1625 1772 1662 alio
1802 1626 1921 1663 modo
1951 1635 2038 1664 sunt
2068 1627 2240 1675 figuralia
2269 1642 2387 1678 quam
2415 1631 2509 1668 iudi-

1451 1677 1568 1725 cialia,
1598 1686 1640 1715 ut
1668 1678 1811 1715 dictum
1841 1687 1896 1716 est
1913 1679 1944 1716 ⁹⁸.

1502 1733 1561 1768 AD
1589 1743 1779 1769 SECUNDUM
1806 1743 1990 1769 01οΕΝοοΜ
2019 1733 2124 1780 quod
2151 1735 2316 1783 populus
2348 1736 2507 1774 Iudaeo-

1450 1796 1536 1821 rum
1564 1783 1612 1822 ad
1635 1784 1710 1821 hoc
1730 1785 1870 1822 electus
1885 1793 1964 1822 erat
1983 1798 2004 1822 a
2023 1787 2121 1834 Deo,
2142 1788 2247 1835 quod
2267 1800 2310 1824 ex
2331 1801 2377 1825 eo
2398 1789 2507 1826 Chri-

1450 1844 1527 1874 stus
1556 1845 1784 1874 nasceretur.
1813 1838 1863 1875 Et
1890 1837 1979 1875 ideo
2009 1839 2174 1888 oportuit
2188 1847 2310 1878 totum
2329 1841 2424 1879 illius
2439 1855 2507 1891 po-

1448 1890 1526 1938 puli
1561 1898 1699 1927 statum
1733 1903 1814 1928 esse
1848 1891 2115 1940 propheticum
2151 1900 2188 1929 et
2219 1893 2437 1942 figuralem,
2466 1903 2508 1932 ut

1448 1943 1682 1991 Augustinus
1710 1943 1815 1990 dicit,
1849 1944 1990 1981 Contra
2016 1945 2199 1982 Faustum
2214 1945 2245 1983 ²¹⁸.
2275 1946 2324 1983 Et
2351 1956 2507 1996 propter

1448 1996 1522 2032 hoc
1555 1996 1668 2032 etiam
1696 1995 1882 2033 iudicialia
1907 2001 1924 2018 α
1952 1996 2001 2034 1111
2032 1999 2178 2047 populo
2206 1999 2356 2047 tradita,
2386 2002 2506 2049 magis

1448 2056 1534 2085 sunt
1561 2048 1733 2096 figuralia
1765 2061 1884 2098 quam
1916 2049 2104 2088 iudicialia
2136 2051 2215 2088 aliis
2245 2053 2397 2102 populis
2434 2062 2505 2091 tra—

1449 2101 1535 2138 dita.
1566 2101 1671 2138 Sicut
1699 2101 1810 2139 etiam
1839 2103 1937 2139 bella
1966 2110 2002 2139 et
2029 2111 2133 2151 gesta
2160 2103 2256 2141 illius
2283 2106 2415 2154 populi
2446 2119 2506 2144 ex-

1447 2162 1641 2203 ponuntur
1667 2155 1844 2203 mystice;
1865 2168 1942 2192 non
1966 2164 2093 2194 autem
2114 2157 2212 2194 bella
2229 2159 2291 2195 vel
2311 2167 2415 2206 gesta
2433 2162 2503 2196 As-

1448 2207 1634 2256 syriorum
1662 2209 1725 2244 vel
1759 2209 2048 2256 Romanorum,
2078 2210 2256 2258 quamvis
2288 2211 2399 2259 longe
2432 2213 2504 2249 cla-

1448 2261 1546 2297 riora
1574 2261 1784 2298 secundum
1812 2261 1988 2298 homines
2008 2260 2034 2298 β.
2404 2302 2411 2307 ,

1499 2315 1558 2350 AD
1577 2325 1735 2350 TERTIUM
1755 2326 1938 2351 mOENDUM
1959 2315 2069 2363 quod'
2083 2315 2179 2351 ordo
2208 2316 2256 2352 ad
2284 2317 2502 2364 proximum

1446 2366 1483 2403 in
1503 2367 1647 2415 populo
1667 2366 1742 2413 illo,
1764 2367 1976 2404 secundum
1998 2380 2038 2404 se
2059 2368 2329 2415 consideratus,
2350 2370 2502 2417 pervius

1447 2427 1525 2456 erat
1554 2419 1700 2456 rationi.
1731 2420 1807 2456 Sed
1836 2420 2048 2457 secundum
2076 2421 2182 2468 quod
2206 2422 2436 2459 referebatur
2455 2423 2503 2459 ad

1447 2473 1589 2509 cultum
1618 2472 1703 2519 Dei,
1725 2473 1929 2521 superabat
1948 2473 2146 2510 rationem.
2176 2474 2226 2510 Et
2245 2487 2289 2511 ex
2308 2476 2379 2511 hac
2398 2483 2503 2524 parte

1446 2533 1525 2562 erat
1553 2525 1730 2573 figuralis.

1499 2643 1524 2677 β)
1543 2644 1670 2670 homines.
1687 2658 1705 2663 —
1717 2644 1824 2678 fuerint
1842 2644 1939 2669 addunt
1957 2643 2040 2669 PKsH
2060 2648 2085 2668 et
2102 2650 2128 2668 a.

1123 2788 1438 2849 ARTICULUS
1466 2789 1694 2832 TERTIUS

460 2883 615 2916 UTRUM
638 2882 895 2914 PRAECEPTA
918 2882 1152 2914 IUDICIALIA
1175 2883 1357 2927 vfflms
1381 2883 1503 2914 LEGIS
1527 2882 1789 2914 PERPETUAM
1812 2881 2141 2914 OBLIGATIONEM
2165 2880 2370 2912 HABEANT

459 2962 535 2994 Infra,
555 2970 600 2996 qu.
619 2969 689 2994 cvm,
709 2966 757 2987 art.
776 2969 805 2993 23
823 2961 858 2986 11·
877 2961 932 2993 11²⁶,
951 2970 996 2995 qu.
1014 2969 1124 2992 uxxvn,
1143 2966 1189 2988 art.
1212 2969 1238 2993 13
1256 2961 1292 2987 1v
1309 2962 1393 2992 Seni„
1413 2963 1472 2987 dist.
1489 2970 1530 2993 xv,
1550 2969 1594 2994 qu.
1618 2970 1638 2992 1,

1658 2966 1704 2986 art.
1725 2960 1748 2993 5,
1768 2961 1817 2994 qu*
1838 2968 1861 2990 2,
1880 2961 1911 2985 ad
1933 2960 1963 2989 5,·
1982 2960 2077 2990 Quodl.
2100 2960 2128 2990 ll,
2148 2967 2192 2991 qu·
2210 2966 2244 2990 tv,
2263 2963 2309 2983 art.
2329 2958 2356 2989 3;

1051 2997 1094 3027 tv.
1112 3004 1157 3030 qu„
1174 3004 1228 3028 vm,
1247 3002 1295 3023 art.
1314 3005 1342 3028 ις
1359 2998 1405 3023 Ad
1422 2998 1514 3026 Helm,
1534 3005 1589 3030 cap.
1607 3004 1652 3028 vn,
1672 2998 1729 3021 lect.
1748 3004 1775 3021 n.

359 3094 424 3136 μὴ»
441 3099 513 3130 »Κ
537 3089 560 3114 n
575 3088 734 3114 TERTtUM
749 3088 803 3113 stc
817 3087 1045 3114 PRocEDrrUR
1053 3075 1085 3114 *ἱ
1100 3075 1261 3114 Videtur
1277 3075 1382 3125 quod

352 3125 407 3177 '5333
420 3142 441 3179 ,χ
455 3111 510 3179 Γκ31
537 3136 738 3179 praecepta
766 3129 952 3167 iudicialia
969 3128 1108 3166 veteris
1134 3129 1226 3176 legis
1247 3141 1383 3178 perpe-

342 3183 390 3228 γ’
407 3182 462 3230 ’κζ
474 3170 643 3226 “(J‘tuam
670 3181 942 3230 obligationem
966 3181 1143 3221 habeant.
1173 3182 1383 3231 Praecepta

344 3213 478 3273 ’Ἀῶ-δ”)
494 3232 524 3272 k
538 3235 640 3273 enim
674 3234 862 3272 iudicialia
896 3233 1084 3284 pertinent
1119 3233 1169 3271 ad
1203 3233 1382 3272 virtutem

325 3289 500 3338 iustitiae:
528 3301 620 3326 nam
646 3287 828 3326 iudicium
858 3286 991 3325 dicitur
1017 3285 1176 3324 iustitiae
1197 3286 1380 3325 executio.

325 3342 465 3380 Iustitia
493 3349 621 3379 autem
652 3349 706 3378 est
728 3346 911 3390 perpetua
939 3346 975 3377 et
1001 3338 1232 3386 immortalis,
1261 3347 1302 3376 ut
1327 3339 1381 3376 di-

325 3394 420 3432 citur
438 3396 525 3444 Sap.
547 3407 557 3432 1
577 3395 607 3431 ²¹².
639 3395 741 3442 Ergo
772 3393 949 3442 obligatio
968 3400 1260 3443 praeceptorum
1286 3391 1380 3430 iudi-

326 3447 473 3485 cialium
504 3456 558 3485 est
584 3455 780 3497 perpetua.

1495 3088 1529 3113 2.
1568 3077 1790 3112 PRAETEREA
1805 3103 1814 3121 ,
1856 3073 2035 3111 institutio
2073 3073 2202 3111 divina
2238 3080 2294 3109 est
2330 3072 2498 3110 stabilior

1439 3141 1557 3177 quarn
1576 3127 1755 3165 institutio
1779 3128 1959 3164 humana.
1990 3125 2067 3163 Sed
2085 3133 2290 3174 praecepta
2307 3124 2496 3163 iudicialia

1437 3183 1695 3219 humanarum
1723 3180 1850 3228 legum
1877 3179 2020 3216 habent
2045 3185 2270 3228 perpetuam
2299 3178 2495 3227 obligatio-

1438 3246 1540 3272 nem.
1570 3234 1672 3280 Ergo
1700 3233 1819 3270 multo
1840 3232 1959 3280 magis
1977 3239 2181 3281 praecepta
2198 3230 2385 3268 iudicialia
2404 3231 2495 3280 legis

1438 3286 1601 3324 divinae.

1492 3341 1525 3376 3.
1556 3339 1797 3385 PRAETEREA,
1825 3338 2033 3386 Apostolus
2062 3336 2165 3384 dicit,
2194 3337 2246 3373 ad
2270 3337 2370 3373 Heb.
2390 3348 2438 3373 vn
2457 3335 2493 3383 ²¹⁸,
2522 3350 2531 3360 ·
2571 3355 2605 3371 ers

1437 3391 1541 3440 quod
1569 3391 1781 3440 reprobatio
1799 3392 1852 3438 fit
1871 3390 2129 3439 praecedentis
2157 3390 2327 3426 mandati
2338 3395 2495 3438 propter

1436 3445 1690 3493 infirmitatem
1718 3444 1831 3492 ipsius
1858 3449 1894 3480 et
1919 3443 2162 3480 inutilitatem.
2193 3442 2309 3490 Quod
2339 3442 2492 3490 quidem
