2840 4010
222 426 236 449 η

123 532 262 560 'Cap.v111‚
274 538 296 553 n.

124 565 143 580 s.
149 539 194 580 Tli).
205 559 256 580 lect.
267 564 316 580 vm.

89 591 95 596 ·
124 584 159 606 Cf.
171 585 293 612 11P11ysic.
313 591 333 605 c.

123 617 156 637 ιι,
172 617 194 632 η.
208 617 234 638 3ς
254 617 272 632 s.
288 599 333 632 '‘i'h.

123 637 175 658 lect.
190 643 226 658 xv.

123 795 131 803 ·
146 794 174 815 D.
189 799 236 821 259.

368 189 411 224 18
1028 191 1292 237 QUAESTIO
1322 191 1478 237 LXXII,
1507 191 1801 229 ARTICULUS
1830 194 1864 230 V

360 266 493 314 vitalis,
516 275 552 304 et
571 268 664 304 haec
694 277 748 305 est
767 281 886 305 mors:
917 269 1146 316 quandoque
1174 280 1278 313 vero,
1309 268 1414 303 salvo

361 319 546 368 principio
574 320 686 367 vitae,
706 322 748 357 fit
767 321 992 357 inordinatio
1013 320 1203 368 quaedam
1222 320 1260 356 in
1278 320 1416 355 humo-

348 371 482 419 ribus,
514 380 550 408 et
576 380 665 408 tunc
695 381 748 409 est
781 373 988 420 aegritudo,
1023 372 1253 420 Principium
1288 379 1415 408 autem

362 424 475 461 totius
495 431 512 451 η
541 425 681 462 ordinis
703 425 739 461 in
760 425 966 461 moralibus
987 431 1041 460 est
1061 424 1146 460 finis
1164 424 1330 471 ultimus,
1351 424 1416 472 qui

361 477 410 512 ita
439 489 478 513 se
507 478 620 513 habet
648 477 685 513 in
715 477 925 524 operativis‚
947 476 1042 512 sicut
1062 476 1288 525 principium
1312 477 1416 514 inde-

307 539 334 574 43
363 530 606 566 monstrabile
621 530 658 565 in
673 529 921 577 speculativis,
937 535 977 564 ut
992 529 1125 565 dicitur
1139 529 1177 566 in
1192 530 1259 566 VII
1274 530 1415 567 Ennia*

362 582 471 619 Unde
501 582 653 629 quando
689 581 816 617 anima
853 581 1094 618 deordinatur
1120 594 1188 630 per
1214 590 1414 630 peccatum

360 646 480 682 usque
501 635 548 670 ad
568 633 807 670 aversionem
829 634 876 669 ab
895 634 1028 670 ultimo
1047 634 1137 681 fine,
1157 635 1297 672 scilicet
1315 636 1413 682 Deo,

361 687 420 722 cui
435 686 586 722 unimur
604 697 672 733 per
692 685 895 732 caritatem,
912 694 1000 723 tunc
1021 695 1076 723 est
1093 695 1292 735 peccatum
1313 699 1414 724 mor-

358 739 447 774 tale:
467 738 620 786 quando
635 750 728 774 vero
749 738 791 774 fit
811 739 1044 776 deordinatio
1065 740 1154 776 citra
1174 740 1413 776 aversionem

359 803 380 826 a
399 791 496 837 Deo,
526 797 614 826 tunc
643 798 698 827 est
724 799 921 839 peccatum
951 792 1098 828 veniale
1118 792 1149 828 ⁹¹⁴.
1180 792 1284 828 Sicut
1312 792 1413 828 enim

357 842 395 878 in
415 843 673 890 corporalibus
693 841 705 864 θ
735 843 969 881 deordinatio
990 845 1134 891 mortis,
1156 856 1252 892 quae
1273 852 1328 881 est
1345 857 1414 892 per

357 895 611 932 remotionem
642 896 812 945 principii
845 897 963 944 vitae,
994 905 1048 933 est
1080 897 1329 945 irreparabilis
1358 909 1414 933 se-

358 948 526 984 cundum
546 956 740 994 naturam;
770 949 995 986 inordinatio
1020 957 1147 986 autem
1172 949 1413 1008 aegritudinis

357 1001 519 1049 reparari
547 1008 682 1049 potest,
707 978 861 1050 piopter
888 1002 926 1038 id
955 1002 1059 1050 quod
1087 1003 1251 1039 salvatur
1277 1002 1414 1049 princi-

355 1053 462 1113 pium
482 1054 603 1099 vitae,
633 1054 802 1090 similiter
821 1061 876 1090 est
903 1055 940 1091 in
964 1055 1021 1091 his
1041 1067 1151 1113 quae
1158 1054 1346 1103 pertinent
1365 1055 1413 1091 ad

357 1106 536 1143 animam.
563 1107 693 1143 Nam
685 1119 721 1143 in
741 1107 978 1166 speculativis
998 1107 1061 1155 qui
1082 1115 1178 1143 errat
1198 1107 1295 1143 circa
1313 1107 1414 1155 prin-

357 1159 471 1218 cipia,
485 1159 791 1218 impersuasibilis
812 1167 883 1196 est:
914 1160 978 1208 qui
997 1167 1124 1196 autem
1146 1167 1243 1196 errat
1262 1159 1412 1196 salvatis

355 1212 558 1270 principiis,
586 1225 654 1260 per
682 1212 762 1270 ipsa
789 1212 972 1260 principia
1001 1212 1172 1248 revocari
1199 1219 1334 1260 potest.
1364 1213 1413 1249 Et

356 1265 521 1301 similiter
549 1265 586 1300 in
611 1264 812 1312 operativis
840 1265 904 1312 qui
931 1265 1128 1312 peccando
1157 1264 1336 1301 avertitur
1363 1266 1411 1301 ab

354 1318 486 1353 ultimo
516 1318 603 1363 fine,
626 1325 808 1365 quantum
831 1325 885 1353 est
905 1329 949 1353 ex
970 1324 1103 1353 natura
1122 1317 1278 1365 peccati,
1299 1318 1413 1354 habet

354 1371 503 1418 lapsum
517 1370 815 1418 irreparabilem:
838 1377 873 1406 et
887 1370 973 1407 ideo
991 1370 1123 1406 dicitur
1137 1382 1294 1418 peccare
1310 1382 1412 1409 rnor-

354 1423 492 1469 taliter,
523 1423 757 1459 aeternaliter
783 1423 1011 1471 puniendus.
1043 1422 1118 1469 Qui
1155 1435 1248 1459 vero
1281 1430 1413 1471 peccat

355 1476 443 1512 citra
459 1476 698 1513 aversionem
715 1488 736 1512 a
751 1477 848 1522 Deo,
871 1488 914 1512 ex
934 1476 1015 1523 ipsa
1035 1475 1178 1512 ratione
1198 1476 1341 1524 peccati
1357 1488 1412 1512 re-

1468 268 1681 315 parabiliter
1710 269 1964 318 deordinatur,
1986 272 2074 320 quia
2093 273 2259 309 salvatur
2277 271 2523 320 principium:

1469 327 1504 356 et
1517 320 1604 357 ideo
1622 321 1754 357 dicitur
1768 333 1925 369 peccare
1939 324 2135 360 venialiter
2143 324 2174 371 ⁹⁸,
2194 325 2281 372 quia
2295 325 2433 361 scilicet
2446 336 2524 361 non
2552 334 2560 342 ·

1469 372 1518 409 ita
1545 381 1677 421 peccat
1704 382 1745 409 ut
1772 382 1963 411 mereatur
1981 375 2297 414 interminabilem
2316 389 2495 425 poenam.

1521 428 1579 462 AD
1600 438 1735 463 Panium
1755 437 1852 463 ERGO
1873 438 2056 463 DICENDUM
2080 429 2184 475 quod
2202 437 2402 476 peccatum
2422 441 2523 465 mor-

1468 479 1540 514 tale
1561 485 1597 514 et
1614 479 1761 515 veniale
1782 479 1959 515 differunt
1973 479 2011 515 in
2030 479 2217 516 infinitum
2235 493 2279 518 ex
2293 489 2397 529 parte
2417 493 2523 518 aver-

1467 530 1599 567 sionis:
1620 543 1698 568 non
1718 539 1845 568 autem
1861 543 1905 567 ex
1919 540 2025 580 parte
2041 533 2309 579 conversionis,
2325 545 2393 581 per
2407 545 2522 581 quam

1467 583 1617 632 respicit
1636 584 1839 630 obiectum,
1866 585 1974 621 unde.
1988 592 2188 633 peccatum
2208 585 2374 633 speciem
2396 587 2521 622 habet.

1468 636 1578 672 Unde
1607 636 1697 672 nihil
1725 637 1901 684 prohibet
1923 637 1961 673 in
1982 638 2117 674 eadem
2137 637 2263 686 specie
2282 637 2441 674 inveniri
2460 638 2523 674 ali-

1468 688 1573 735 quod
1600 697 1800 736 peccatum
1837 691 1996 726 mortale
2026 698 2069 726 et.
2087 690 2236 727 veniale
2258 689 2295 726 *ε
2325 690 2419 726 sicut
2449 691 2523 738 pri—

1467 748 1707 781 musfmotus
1735 741 1773 777 in
1801 753 1936 788 genere
1966 742 2137 779 adulterii
2166 750 2220 779 est
2237 750 2438 791 peccatum
2455 754 2521 779 ve-

1467 792 1585 837 niale;
1618 800 1653 828 et
1680 793 1843 829 verbum
1873 794 2052 841 otiosum,
2084 796 2188 843 quod
2215 796 2439 843 plerumque
2469 803 2523 831 est

1466 845 1625 892 veniale,
1655 852 1779 893 potest
1806 845 1946 882 etiam‘
1976 859 2058 884 esse
2086 849 2256 884 mortale.

1519 900 1578 934 AD
1606 909 1795 934 SECUNDUM
1823 909 2005 935 DICENDUM
2034 901 2138 947 quod
2166 912 2210 937 ex
2238 901 2313 936 hoc
2341 900 2444 947 quod
2467 899 2522 935 in-

1465 950 1615 986 venitur
1643 949 1797 997 aliquod
1824 958 2023 998 peccatum
2052 954 2211 989 mortale
2241 965 2285 988 ex
2313 965 2461 1000 genere,
2488 960 2524 989 et

1467 1002 1622 1051 aliquod
1636 1010 1836 1051 peccatum
1850 1003 1998 1039 veniale
2015 1016 2059 1040 ex
2074 1016 2223 1051 genere,
2236 1005 2404 1053 sequitur
2417 1005 2523 1054 quod

1465 1054 1547 1091 talis
1567 1055 1778 1092 differentia
1798 1063 2052 1102 consequatur
2074 1057 2327 1094 diversitatem
2349 1066 2522 1106 peccato-

1466 1119 1551 1144 rum
1578 1108 1787 1144 secundum
1809 1108 1993 1156 speciem:
2022 1120 2101 1145 non
2120 1117 2246 1146 autem
2269 1111 2373 1158 quod
2395 1118 2523 1147 causet

1467 1172 1564 1197 eam.
1589 1161 1694 1198 Talis
1714 1169 1841 1197 autem
1863 1160 2071 1197 differentia
2087 1169 2212 1210 potest
2229 1162 2388 1199 inveniri
2408 1163 2521 1200 etiam

1465 1213 1504 1250 in
1531 1213 1589 1250 his
1614 1226 1711 1262 quae
1732 1221 1818 1250 sunt
1837 1213 2006 1250 eiusdem
2025 1214 2175 1261 speciei,
2194 1222 2236 1251 ut
2254 1215 2396 1252 dictum
2417 1224 2472 1253 est
2489 1215 2520 1252 ²⁸.

1520 1267 1578 1302 AD
1607 1278 1765 1302 TERTIUM
1794 1278 1977 1302 DICENDUM
2010 1266 2115 1313 quod
2146 1268 2359 1314 praemium
2393 1276 2448 1305 est
2476 1268 2522 1305 de

1466 1317 1672 1355 intentione
1692 1318 1871 1355 merentis
1889 1319 1951 1355 vel
1970 1319 2138 1355 virtuose
2158 1320 2315 1367 agentis:
2343 1321 2410 1357 sed
2433 1333 2535 1370 poe-¹

1466 1383 1515 1407 na
1535 1383 1613 1408 non
1633 1379 1688 1408 est
1708 1372 1753 1408 de
1779 1371 1983 1407 intentione
2012 1372 2214 1420 peccantis,
2244 1374 2311 1410 sed
2331 1374 2449 1421 magis
2470 1381 2524 1410 est

1467 1431 1596 1460 contra
1627 1425 1862 1460 voluntatem
1896 1424 2022 1472 ipsius.
2058 1425 2169 1461 Unde
2198 1438 2275 1462 non
2309 1433 2364 1462 est
2395 1426 2524 1463 similis

1465 1484 1571 1513 ratio.

406 1599 432 1630 η)
453 1599 542 1623 totius.
561 1612 578 1616 -
596 1602 671 1622 actus
691 1598 772 1622 totius
793 1598 837 1622 Pa.

405 1632 428 1665 θ)
448 1634 639 1665 corporalibus.
658 1647 676 1651 -
694 1633 848 1664 corporibus
868 1634 912 1656 Pa.

1522 1598 1539 1630 ι)
1559 1599 1648 1623 etiam.
1666 1599 1763 1630 --Οι-η.
1780 1599 1887 1623 BCDlK.

1031 1721 1359 1754 Commentaria
1382 1720 1630 1754 Cardinalis
1652 1721 1849 1755 Caietam

300 1819 303 1822 »
355 1815 401 1878 IN
426 1804 557 1834 articulo
582 1804 694 1844 quinto
719 1804 860 1834 eiusdem
884 1805 1288 1844 septuagesimaesecundae
1316 1802 1411 1846 qua'e-

119 2644 128 2652 '
144 2642 170 2663 In
185 2648 245 2670 resp.
261 2641 288 2663 ad
304 2648 320 2663 1.

383 1849 502 1885 stionis,
528 1855 602 1879 nota
626 1849 658 1878 in
681 1848 790 1887 primis
814 1848 956 1888 regulam
979 1849 1169 1888 generalem,
1191 1849 1280 1889 quod
1301 1858 1410 1879 secun-

352 1894 431 1923 dum
454 1899 557 1923 reatus
581 1902 757 1932 poenarum
786 1902 851 1922 non
880 1892 1116 1932 distinguuntur
1143 1893 1246 1932 specie
1273 1899 1410 1933 peccata.

353 1938 393 1968 Et
415 1936 598 1976 intelligitur
622 1937 716 1967 etiam
739 1936 800 1967 hoc
825 1937 862 1967 de
886 1936 998 1976 poenis
1022 1944 1057 1967 ut
1080 1937 1133 1968 sic.
1157 1938 1198 1968 Et
1221 1947 1257 1967 ex
1280 1936 1341 1967 hoc
1363 1947 1410 1967 se-

352 1981 460 2022 quitur
483 1981 571 2021 quod
594 1988 729 2020 peccata,
747 1990 783 2010 ex
799 1980 860 2010 hoc
879 1981 968 2021 quod
983 1981 1099 2011 habent
1114 1981 1275 2012 adiunctas
1291 1991 1410 2021 poenas

353 2024 688 2056 excommunicationis
718 2031 748 2054 et
778 2024 979 2061 huiusmodi,
1011 2035 1077 2054 non
1107 2031 1233 2055 mutant
1261 2025 1408 2065 speciem.

352 2070 444 2100 Unde
468 2069 624 2109 pertinent
647 2069 686 2098 ad
710 2068 847 2108 speciem
870 2069 970 2109 ipsius
986 2076 1073 2100 actus
1089 2069 1220 2099 subiecti
1237 2078 1366 2109 poenae,
1384 2069 1409 2099 si

352 2113 392 2144 sit
415 2114 526 2149 malus,
551 2119 628 2153 puta
651 2112 742 2143 furti:
766 2113 825 2149 vel,
842 2113 867 2142 si
886 2123 952 2143 non
975 2113 1016 2143 sit
1038 2123 1074 2143 ex
1093 2123 1125 2143 se
1149 2114 1261 2149 malus,
1285 2113 1324 2143 ad
1340 2122 1410 2153 spe-

352 2157 433 2188 ciem
455 2157 539 2187 illius
562 2157 628 2187 vitii
652 2157 702 2187 cui
726 2157 933 2187 substernitur
957 2166 992 2187 ex
1008 2163 1144 2193 statuto;
1168 2164 1245 2196 puta
1263 2158 1364 2196 gulae,
1384 2157 1411 2187 si

352 2201 540 2241 praecipitur
563 2201 758 2236 abstinentia,
784 2207 814 2231 et
837 2201 879 2231 sic
903 2201 941 2231 de
964 2201 1041 2237 aliis,
1066 2208 1194 2240 pensata
1210 2208 1320 2232 natura
1335 2211 1410 2240 poe-

352 2255 465 2276 narum
495 2245 603 2286 quoad
631 2245 766 2285 culpam.
795 2245 1090 2275 Excommunicatio
1120 2255 1258 2285 namque
1288 2255 1411 2286 semper

353 2289 505 2329 supponit
533 2295 750 2329 praeceptum,
775 2288 981 2328 irregularitas
1011 2296 1118 2319 autem
1148 2298 1232 2319 non:
1257 2295 1288 2320 et
1310 2289 1410 2320 simile

353 2340 398 2364 est
427 2334 464 2363 de
496 2333 702 2373 suspensione
729 2339 759 2363 et
788 2332 963 2363 interdicto.
993 2333 1040 2363 De
1068 2333 1179 2373 poenis
1208 2339 1314 2364 autem
1343 2333 1411 2364 aliis

353 2387 434 2418 quae
451 2377 490 2407 ad
512 2377 561 2407 ius
582 2377 755 2416 positivum
770 2383 920 2416 spectant,
937 2378 1130 2417 quandoque
1145 2377 1308 2417 implicant
1324 2387 1411 2417 prae-

354 2428 481 2461 ceptum
498 2428 528 2452 et
550 2421 744 2461 quandoque
768 2431 842 2451 non.
869 2420 991 2451 Sufficit
1013 2421 1063 2451 hic
1079 2422 1177 2461 quod,
1195 2429 1350 2462 quantum
1366 2428 1412 2452 est

354 2475 390 2495 ex
412 2465 533 2495 ratione
556 2475 688 2505 poenae,
713 2474 778 2495 non
801 2465 938 2496 variatur
960 2465 1088 2506 species.

409 2509 446 2539 11.
471 2509 607 2539 Adverte
630 2509 779 2545 secundo,
804 2509 893 2549 quod
915 2511 1036 2539 Auctor
1059 2519 1123 2539 non
1152 2508 1227 2540 dicit
1249 2509 1338 2550 quod
1360 2519 1411 2539 ve-

354 2553 436 2583 niale
455 2559 485 2583 et
503 2553 636 2583 mortale
651 2552 888 2592 distinguuntur
903 2553 977 2593 quia
993 2563 1096 2583 unum
1112 2559 1157 2583 est
1173 2560 1314 2593 respectu
1330 2552 1410 2589 finis,

354 2603 384 2627 et
407 2597 541 2627 alterurn
557 2597 623 2627 eius
639 2597 727 2637 quod
744 2603 790 2627 est
805 2597 844 2626 ad
860 2595 974 2626 finem:
999 2597 1100 2627 immo
1121 2597 1196 2627 dicit
1214 2597 1410 2637 oppositum,

354 2641 432 2671 durn
448 2640 549 2671 dicit*
564 2641 651 2680 quod
666 2640 698 2670 in
715 2641 825 2670 eadem
841 2640 943 2680 specie
959 2641 1103 2671 adulterii
1117 2640 1274 2671 invenitur
1292 2647 1412 2671 utrum—

354 2695 426 2725 que.
452 2685 513 2715 Sed
536 2684 610 2714 dicit
629 2685 717 2724 quod
732 2684 968 2724 distinguuntur
984 2695 1020 2714 ex
1035 2685 1096 2715 hoc
1113 2685 1201 2725 quod
1217 2694 1329 2720 unum,
1354 2684 1412 2715 sci-

353 2729 425 2759 licet
448 2729 590 2764 mortale,
607 2728 716 2758 avertit
731 2738 748 2758 a
763 2727 843 2764 fine;
869 2729 1011 2765 alterurn,
1036 2728 1151 2759 scilicet
1169 2729 1299 2764 veniale,
1324 2729 1412 2759 deor-

355 2772 441 2803 dinat
464 2772 539 2803 citra
562 2772 758 2802 aversionem
783 2782 799 2801 a
823 2771 894 2803 fine.
919 2772 959 2802 Et
982 2772 1114 2803 intendit
1137 2773 1225 2813 quod
1247 2772 1367 2803 veniale
1384 2779 1414 2803 et

354 2816 487 2847 mortale
502 2825 568 2846 non
584 2815 819 2855 distinguuntur
842 2826 877 2846 ex
901 2822 987 2855 parte
1011 2816 1234 2853 conversionis,
1259 2816 1343 2846 unde
1358 2816 1412 2846 ha-

354 2862 429 2891 bent
447 2866 574 2900 peccata
597 2860 749 2899 speciem:
775 2867 805 2889 et
827 2867 993 2899 propterea
1013 2860 1166 2900 contingit
1188 2860 1277 2901 quod
1292 2866 1412 2890 utrum—

355 2914 417 2945 que
441 2904 480 2934 sit
503 2904 582 2934 circa
605 2902 717 2939 finem;
742 2904 827 2934 idem
851 2904 935 2934 enim
959 2911 1005 2934 est
1030 2904 1190 2934 obiectum
1213 2904 1356 2935 adulterii
1383 2911 1414 2935 et

355 2948 449 2988 primi
465 2954 572 2978 motus
591 2947 667 2982 eius,
691 2947 880 2978 infidelitatis
904 2954 934 2977 et
954 2947 1047 2987 primi
1067 2955 1175 2978 motus
1193 2948 1272 2988 eius.
1296 2948 1358 2979 Sed
1377 2958 1413 2978 ex

355 2999 441 3032 parte
465 2991 644 3027 aversionis,
670 2991 754 3023 unde
777 2998 902 3031 peccata
926 3001 990 3021 non
1015 2991 1130 3022 habent
1153 2992 1304 3031 speciem,
1328 2992 1414 3022 iuxta

356 3036 437 3066 duos
465 3036 580 3066 modos
609 3034 854 3066 deordinationis
882 3035 1054 3071 aversivae‚
1080 3036 1315 3066 constituuntur
1337 3036 1413 3066 haec

357 3080 421 3109 duo
445 3086 585 3120 peccata:
615 3089 689 3109 cum
717 3079 802 3109 enim
829 3079 989 3118 peccando
1020 3079 1139 3109 aversio
1166 3078 1202 3110 fit
1224 3090 1241 3109 a
1264 3078 1341 3115 fine,
1368 3086 1414 3110 est

357 3130 521 3162 peccatum
544 3123 693 3160 mortale;
719 3133 793 3154 cum
816 3130 922 3153 autem
945 3123 1105 3162 peccando
1122 3123 1241 3153 aversio
1258 3133 1324 3153 non
1340 3123 1413 3153 sim-

358 3166 486 3205 pliciter,
504 3167 558 3197 sed
576 3168 733 3207 quaedam
755 3166 799 3203 fit,
825 3167 899 3197 citra
923 3173 1028 3197 tamen
1050 3167 1316 3207 postergationem
1331 3166 1411 3202 finis,

358 3216 433 3239 tunc
462 3209 497 3240 fit
523 3218 687 3249 peccatum
715 3211 853 3247 veniale;
882 3210 962 3241 circa
991 3211 1218 3251 quodcumque
1251 3210 1413 3241 obiectum

358 3253 434 3283 haec
457 3253 606 3284 accidant.

414 3296 466 3327 111.
491 3297 531 3327 Et
553 3297 625 3328 hinc
648 3305 732 3338 patet
755 3298 871 3329 falsum
895 3308 960 3329 esse
984 3298 1072 3340 quod
1095 3298 1127 3328 in
1146 3308 1196 3328 xxx
1215 3298 1412 3329 distinctione

1284 3445 1455 3454 mx«.

1465 1804 1630 1835 Secundi*
1649 1805 1761 1835 Scotus
1781 1805 1863 1841 dicit,
1881 1805 1969 1846 quod
1984 1806 2104 1836 veniale
2121 1813 2151 1836 et
2173 1807 2305 1837 mortale
2326 1806 2524 1848 distinguam-
2552 1817 2560 1826 ·

1464 1855 1516 1878 tur
1537 1848 1612 1889 quia
1634 1849 1696 1879 hoc
1725 1856 1832 1879 contra
1861 1856 2080 1890 praeceptum,
2105 1850 2184 1880 illud
2207 1857 2316 1881 contra
2343 1850 2529 1882 consilium·
2554 1873 2563 1878 ψ

1465 1893 1531 1922 Iam
1547 1892 1633 1922 enirn
1652 1899 1738 1932 patet
1757 1900 1928 1933 utrumque
1952 1894 2060 1924 cadere
2076 1895 2134 1924 sub
2150 1901 2335 1935 praecepto:
2360 1896 2419 1926 sub
2435 1905 2523 1936 prae-

1465 1943 1556 1976 cepto
1576 1946 1714 1977 namque
1738 1937 1880 1967 adulterii
1897 1937 1979 1968 cadit
1994 1937 2136 1968 adulterii
2159 1945 2325 1979 peccatum
2347 1939 2412 1970 sive
2435 1949 2523 1971 com·

1463 1980 1602 2020 pletum,
1627 1981 1715 2021 quod
1743 1988 1789 2011 est
1817 1981 1967 2018 mortale,
1992 1982 2056 2012 sive
2079 1981 2317 2022 imperfectum,
2341 1989 2378 2013 ut
2398 1983 2522 2023 primus

1463 2031 1571 2054 motus
1595 2031 1624 2055 et
1646 2024 1851 2061 huiusmodi;
1876 2032 1906 2056 et
1929 2025 2030 2056 simile
2058 2032 2104 2056 est
2127 2025 2165 2056 de
2188 2025 2255 2056 aliis
2282 2026 2478 2058 huiusmodi.
2500 2045 2521 2050 -

1464 2068 1682 2098 Falsissimum
1698 2078 1828 2108 quoque
1845 2078 1911 2099 esse
1927 2070 2015 2110 quod
2029 2079 2124 2110 agens
2141 2076 2248 2100 contra
2265 2070 2432 2101 consilium
2448 2079 2520 2111 pec-

1464 2118 1520 2148 cet,
1537 2112 1724 2152 experientia
1747 2119 1885 2149 testatur,
1901 2113 2062 2144 neminem
2080 2113 2199 2153 peccati
2215 2123 2348 2153 arguens
2367 2114 2442 2155 quia
2456 2124 2522 2146 non

1463 2155 1635 2195 ingreditur
1649 2156 1843 2196 religionem,
1857 2158 1945 2197 quod
1957 2164 2004 2188 est
2019 2158 2058 2188 de
2073 2157 2215 2189 consilio.
2232 2158 2427 2189 Auctoritate
2441 2166 2521 2199 quo-

1464 2210 1526 2240 que
1542 2200 1700 2240 Apostoli,
1718 2201 1729 2230 I
1747 2201 1790 2231 ad
1807 2201 1880 2232 Cor.
1898 2199 1974 2238 vn*‚
1993 2201 2198 2238 convincitur,
2215 2201 2280 2238 ubi,
2296 2211 2371 2233 cum
2387 2202 2522 2240 dixisset,
2547 2209 2559 2219 ⁸

1463 2245 1514 2274 De
1537 2244 1714 2284 virginibus
1726 2250 1934 2285 praeceptum
1951 2255 2013 2276 non
2033 2246 2142 2285 habeo,
2155 2246 2326 2277 consilium
2345 2251 2451 2278 autem
2467 2246 2520 2285 do,

1465 2288 1637 2318 subiunxit:
1658 2288 1693 2318 Si
1708 2290 1867 2328 acceperis
1883 2299 2028 2327 uxorem,
2046 2299 2109 2320 non
2119 2290 2260 2330 peccasti
2263 2297 2277 2327 ,·
2291 2295 2321 2321 et
2335 2291 2363 2321 si
2379 2291 2522 2331 nupserit

1465 2333 1567 2372 virgo,
1593 2341 1654 2362 non
1673 2334 1827 2372 peccavit.

1518 2375 1786 2415 Distinguendum
1809 2376 1916 2416 potius
1946 2383 2010 2407 erat
2033 2387 2070 2407 ex
2092 2377 2150 2407 hac
2173 2383 2275 2417 parte,
2300 2377 2388 2418 quod
2412 2378 2521 2409 cadere

1465 2420 1523 2450 sub
1548 2427 1715 2460 praecepto
1745 2420 1897 2460 contingit
1925 2420 2105 2461 dupliciter:
2130 2421 2249 2460 primo,
2276 2421 2319 2452 sic
2342 2421 2432 2462 quod
2454 2422 2522 2453 eius

1466 2463 1653 2504 oppositum
1676 2464 1716 2494 sit
1739 2471 1846 2495 contra
1869 2471 2082 2505 praeceptum,
2107 2471 2138 2495 et
2159 2465 2220 2495 hoc
2240 2472 2286 2495 est
2301 2465 2450 2502 mortale;
2474 2475 2522 2496 se-

1466 2508 1581 2543 cundo,
1607 2508 1650 2537 sic
1673 2508 1761 2548 quod
1785 2508 1852 2538 eius
1869 2509 2055 2549 oppositum
2071 2508 2110 2540 sit
2125 2515 2246 2549 praeter
2260 2516 2474 2550 praeceptum,
2491 2516 2522 2541 et

1465 2551 1526 2582 hoc
1550 2559 1596 2582 est
1618 2551 1748 2582 veniale.

1521 2596 1571 2626 IV.
1593 2595 1627 2625 In
1650 2595 1781 2626 articulo
1797 2596 1920 2632 eodem,
1936 2595 1968 2626 in
1983 2594 2188 2636 responsione
2205 2596 2244 2626 ad
2259 2596 2409 2636 primum,
2426 2580 2525 2628 habes

1465 2639 1659 2670 solutionem
1689 2647 1949 2679 argumentorum
1971 2639 2118 2675 Aureoli,
2143 2640 2229 2679 apud
2253 2639 2465 2680 Capreolum,
2489 2641 2522 2671 in

1465 2693 1538 2713 x1.111
1561 2683 1759 2714 distinctione
1784 2684 1810 2714 II
1829 2684 1916 2715 Sent.
1931 2683 1958 2720 *,
1982 2690 2091 2714 contra
2113 2683 2194 2714 hanc
2217 2684 2520 2716 determinationem.
2549 2695 2558 2703 ·

1466 2727 1489 2757 F
1493 2727 1652 2757 undantur
1671 2727 1755 2757 enim
1775 2727 1883 2758 omnia
1898 2734 2082 2767 argumenta
2098 2737 2192 2767 super
2207 2727 2436 2768 specificatione
2451 2739 2522 2769 pec-

1466 2778 1609 2802 catorum
1637 2781 1673 2801 ex
1701 2778 1787 2812 parte
1816 2771 1985 2802 aversionis
1995 2794 2002 2807 ,
2027 2770 2178 2808 offensae,
2206 2772 2368 2802 distantiae
2399 2772 2432 2803 in
2454 2772 2522 2803 infi-

1466 2815 1586 2850 nitum,
1619 2815 1830 2855 oppositionis
1860 2815 1900 2845 ad
1932 2814 2090 2846 caritatem
2106 2839 2112 2851 ,
2147 2822 2177 2846 et
2208 2815 2521 2847 circumstantiarum.

1467 2859 1615 2896 Quorum
1638 2859 1756 2895 omnia,
1781 2866 1911 2899 excepto
1933 2859 2057 2895 ultimo,
2078 2869 2114 2889 ex
2130 2869 2196 2890 uno
2211 2859 2331 2890 litterae
2346 2861 2443 2891 verbo
2459 2860 2522 2891 sol-

1466 2910 1601 2934 vuntur:
1626 2903 1701 2943 quia
1720 2910 1846 2942 peccata
1869 2913 1906 2933 ex
1928 2903 1991 2933 alio
2007 2902 2234 2942 specificantur,
2255 2904 2372 2935 scilicet
2386 2913 2423 2935 ex
2438 2904 2523 2935 obie-

1467 2954 1534 2983 cto;
1560 2953 1590 2977 et
1609 2956 1646 2976 ex
1661 2946 1723 2976 alio
1739 2947 1815 2977 haec
1831 2947 1956 2983 habent,
1973 2947 2089 2978 scilicet
2105 2957 2141 2977 ex
2157 2948 2329 2979 aversione.
2346 2948 2522 2985 Quomodo

1466 2997 1573 3021 autem
1589 2990 1820 3021 circumstantia
1839 2989 2004 3031 specificet‚
2028 2998 2083 3021 aut
2105 2991 2272 3032 quomodo
2296 2991 2388 3022 faciat
2410 2992 2448 3023 de
2470 3001 2523 3022 ve-

1466 3035 1541 3065 niali
1557 3034 1699 3070 mortale,
1716 3034 1846 3065 inferius
1861 3034 1894 3065 in
1910 3035 2093 3075 quaestione
2109 3035 2412 3076 octogesimaoctava
2422 3035 2440 3055 *
2457 3045 2523 3067 am-

1466 3079 1549 3119 plius
1573 3078 1700 3108 dicetur.

1522 3123 1561 3153 V.
1578 3122 1613 3152 In
1629 3121 1759 3152 articulo
1775 3122 1898 3158 eodem,
1914 3122 1945 3152 in
1959 3123 2164 3162 responsione
2176 3123 2216 3153 ad
2230 3123 2415 3159 secundum,
2428 3122 2522 3153 habes

1467 3165 1601 3206 qualiter
1615 3166 1709 3196 verba
1719 3166 1866 3196 Auctoris
1881 3176 1962 3207 quae
1977 3166 2123 3197 videntur
2138 3176 2174 3197 ex
2189 3167 2247 3198 hac
2263 3167 2392 3203 ratione,
2409 3166 2524 3197 scilicet

1467 3210 1541 3250 quia
1564 3209 1683 3250 aliquid
1706 3217 1752 3240 est
1766 3210 1898 3240 mortale
1916 3220 1952 3240 ex
1966 3220 2078 3250 genere
2094 3217 2125 3241 et
2139 3211 2258 3251 aliquid
2276 3210 2395 3242 veniale
2413 3219 2449 3240 ex
2471 3219 2523 3249 ge-

1467 3263 1549 3290 nere,
1566 3263 1677 3284 sonare
1693 3254 1781 3294 quod
1796 3254 2028 3294 distinguantur
2044 3255 2156 3294 specie,
2168 3254 2308 3294 intelligi,
2319 3254 2369 3284 vel
2381 3253 2521 3294 glossari,

1467 3304 1521 3328 aut
1537 3297 1660 3328 retundi
1674 3297 1810 3338 possint:
1832 3305 1867 3328 ut
1882 3298 1914 3328 in
1930 3298 1992 3336 Qu.
2006 3298 2044 3329 de
2054 3299 2156 3336 Malo,
2174 3308 2228 3340 qu.
2241 3308 2276 3334 n,
2296 3304 2351 3328 art.
2369 3297 2398 3333 8,
2416 3297 2520 3328 habes.

1456 3446 1597 3454 ww

2576 333 2603 354 D.
2619 338 2656 360 75,
2671 338 2729 355 1010.

2550 700 2558 708 ”
2574 698 2601 720 D.
2617 698 2680 720 1008.

2550 1223 2560 1232 ·
2574 1221 2598 1243 ln
2613 1227 2720 1249 corpore.

2573 2209 2640 2231 Vera.
2654 2214 2687 2237 ²5,
2702 2209 2737 2231 28.

2550 3039 2558 3048 ’
2574 3038 2623 3060 Art.
2637 3043 2657 3065 5.
2710 3043 2716 3049 ·
