2840 4010
0 1162 12 1372 ἡμων-πῄ
0 1102 11 1156 -νψ
0 1057 6 1082 u-

1045 116 1310 163 QUAESTIO
1340 116 1406 163 cl,
1435 115 1731 153 ARTICULUS
1760 115 1811 152 ιν
2437 127 2510 163 227

343 199 578 231 sacramenta
593 200 698 229 erant
714 205 820 235 sacra
834 192 859 231 δ.
877 194 954 231 Sed
973 195 1163 243 quaedam
1181 201 1286 231 erant
1300 206 1398 242 quae
1455 202 1560 232 erant
1597 194 1909 242 caeremonialia,
1935 194 2163 242 inquantum
2195 194 2433 243 pertinebant
2465 196 2513 232 ad

343 253 450 283 erant
477 258 595 293 sacra,
615 253 747 295 utpote
767 247 816 284 ad
844 248 986 284 cultum
1006 248 1078 284 Dei
1103 247 1234 294 dicata,
1255 258 1326 283 nec
1345 253 1397 282 ta-

342 310 432 336 men
453 306 557 335 erant
575 299 759 336 sacrificia
777 311 848 339 nec
867 307 1125 339 sacramenta:
1145 299 1295 337 et·ideo
1316 299 1399 335 reti-

341 352 484 388 nebant
511 351 581 388 sibi
611 365 817 391 commune
845 365 988 390 nornen
1017 363 1223 389 sacrorum.

395 406 454 441 AD
484 416 657 447 QUARTUM
684 417 868 444 mcENDUM
897 405 1002 454 quod
1031 416 1076 441 ea
1110 415 1210 452 quae
1237 403 1398 451 pertine-

342 457 434 494 bant
462 458 511 494 ad
544 458 874 496 conversationem
908 457 1039 506 populi
1067 455 1225 492 colentis
1253 457 1398 503 Deum,

344 510 555 548 retinebant
573 511 644 549 sibi
664 523 870 548 commune
889 521 1033 547 nomen
1057 508 1398 556 observantiarum,

342 564 569 613 inquantum
597 576 620 601 a
645 563 862 613 praemissis
900 561 1139 599 deficiebant.
1169 562 1260 598 Non
1297 560 1400 597 enim

344 616 566 654 dicebantur
583 628 703 664 sacra,
721 615 811 664 quia
829 627 908 652 non
927 614 1120 651 habebant
1138 614 1401 652 immediatum

341 677 558 719 respectum
587 669 636 707 ad
664 669 807 705 cultum
827 666 912 714 Dei,
934 667 1030 704 sicut
1057 666 1344 704 tabernaculum
1366 674 1402 703 et

341 735 435 760 vasa
472 722 562 759 eius.
597 721 675 761 Sed
705 732 775 770 per
811 720 1005 768 quandam
1043 718 1354 769 consequentiam
1390 724 1402 740 ²

393 853 418 887 ὃ)
437 853 562 879 etiam...
580 858 668 877 sacra.
684 865 704 871 -
720 851 854 884 sacrificia
876 854 903 876 et
921 852 1002 877 etiam
1025 854 1193 877 sacramenta
1215 854 1295 876 eriam
1312 850 1353 875 ed.
1371 857 1402 879 a,

340 896 420 915 sacra
436 892 484 914 aut
499 887 632 920 sacrificia
651 890 678 912 et
698 890 868 912 sacramanta
888 890 967 912 erant
987 887 1007 912 P
1014 895 1022 918 ς
1041 894 1120 912 sacra
1144 894 1197 911 om.
1216 885 1401 918 ACDGfflpss,

339 928 419 950 erant
435 931 514 949 sacra
532 931 584 948 om.
603 923 634 948 L.
652 936 671 941 -
689 922 745 948 Sed
755 934 779 948 .;
790 940 797 947 .
816 929 894 948 sacra
912 930 966 948 om.
980 922 1054 948 EFL.

1455 248 1648 300 quandam
1676 247 2083 296 idoneitatemnpopuli
2112 247 2268 284 colentis
2297 248 2436 284 Deurn.

1506 302 1566 337 An
1595 311 1757 342 Qumwm
1779 311 1964 338 DICENDUM
1992 300 2110 349 quod,
2131 300 2227 337 sicut
2253 300 2436 336 sacrificia
2459 300 2514 336 of-

1454 352 1670 389 ferebantur
1698 353 1735 389 in
1763 353 2013 390 determinato
2037 354 2135 400 loco,
2155 353 2206 390 ita
2235 352 2348 390 etiarn
2379 352 2513 389 offere-

1455 405 1592 442 bantur
1619 405 1659 442 in
1687 405 1944 443 determinatis
1978 406 2234 456 temporibus:
2264 406 2366 443 unde
2403 405 2515 442 etiarn

1455 457 1711 494 solemnitates
1730 458 1826 495 inter
1844 471 1951 496 sacra
1971 459 2183 508 computari
2197 459 2419 496 videntur.-
2436 459 2515 495 Ob-

1454 509 1613 546 lationes
1636 518 1763 547 autern
1793 519 1829 548 et
1856 524 2016 549 munera
2045 519 2312 561 computantur
2340 524 2429 549 cum
2457 523 2515 548 sa-

1457 561 1615 608 crificiis,
1645 563 1735 610 quia
1762 565 1846 600 Deo
1872 564 2147 602 offerebantur:
2178 565 2279 602 unde
2306 565 2515 614 Apostolus

1458 613 1556 661 dicit,
1581 615 1633 651 ad
1648 616 1748 652 Heb.
1769 628 1793 652 v
1810 616 1848 653 *z
1875 617 2004 654 Omnis
2026 618 2201 666 pontifex
2228 630 2278 655 ex
2304 618 2515 655 hominibus

1457 673 1679 715 assumptus,
1694 679 1769 716 pro
1789 669 2000 707 hominibus
2028 671 2261 708 constituitur
2279 671 2316 708 in
2345 672 2402 708 his
2420 682 2517 720 quae

1457 725 1546 756 sunt
1570 721 1622 757 ad
1647 721 1784 767 Deum,
1806 727 1846 757 ut
1872 722 2009 771 offerat
2035 724 2134 761 dona
2162 729 2198 761 et
2223 724 2422 772 sacrificia.

1510 851 1532 883 ε)
1551 853 1775 884 consequentiam.
1793 867 1811 872 -
1830 853 2040 878 convenientiam
2059 854 2152 879 EFKa.

2542 626 2553 636 ⁸
2568 625 2634 647 Vers.
2650 631 2668 646 1.
