2840 4010
108 1526 297 1576 'cesenna-
308 1537 319 1543 ·

109 3432 116 3440 ·
132 3430 182 3451 Art.
198 3435 213 3454 x,
229 3435 248 3450 2.

349 179 420 216 136

346 265 437 295 turn.
469 259 517 296 Et
545 259 754 296 secundum
788 260 877 304 hoc,
907 265 1011 294 actus
1039 256 1184 304 peccati
1214 254 1408 303 dupliciter

347 313 394 349 ad
415 311 555 361 aliquid
580 311 756 360 disponit.
782 311 869 348 Uno
900 310 1054 357 quidem
1083 308 1216 355 modo,
1247 307 1406 345 directe:

348 372 384 401 et
412 364 465 401 sic
494 364 658 413 disponit
678 365 726 401 ad
755 370 880 399 actum
910 361 1073 398 similem
1093 361 1305 398 secundum
1325 371 1409 409 spe-

348 417 456 454 ciem.
478 418 526 453 Et
553 418 627 453 hoc
656 416 795 462 modo,
825 415 949 463 primo
978 422 1015 450 et
1042 426 1109 462 per
1137 426 1178 451 se
1205 420 1408 465 peccatum

347 469 496 506 veniale
534 481 579 505 ex
607 480 744 516 genere
782 480 860 504 non
889 467 1054 515 disponit
1090 467 1138 504 ad
1173 467 1334 504 mortale
1363 478 1407 503 ex

348 534 507 571 genere:
529 533 615 558 curn
638 520 812 557 differant
837 520 974 569 specie.
1002 519 1079 557 Sed
1107 532 1176 568 per
1203 520 1306 557 hunc
1325 531 1409 557 mo-

349 576 440 612 durn
457 581 655 623 peccatum
670 573 820 610 veniale
835 580 960 622 potest
974 572 1191 621 disponere,
1207 585 1276 621 per
1290 585 1408 621 quan-

349 628 437 665 dam
459 625 782 674 consequentiam,
808 626 858 663 ad
875 633 1077 674 peccatum
1106 626 1210 674 quod
1231 633 1286 663 est
1309 637 1409 662 mor-

348 681 419 716 tale
453 691 497 716 ex
525 687 630 727 parte
659 679 813 727 agentis.
838 681 1095 727 Augmentata
1118 679 1220 716 enim
1250 677 1408 726 disposi-

347 733 449 770 tione
472 733 535 768 vel
554 731 684 769 habitu
702 744 772 780 per
799 739 904 770 actus
923 740 1169 780 peccatorum
1188 731 1407 776 venialium,

347 785 535 823 intantum
563 792 688 833 potest
722 784 841 836 libido
874 785 1058 834 peccandi
1085 795 1273 830 crescere,
1303 783 1408 832 quod

347 838 408 875 ille
437 838 500 886 qui
519 845 663 887 peccat,
683 838 803 876 finem
832 850 945 876 suum
966 837 1167 875 constituet
1193 836 1232 873 in
1250 843 1408 885 peccato

348 891 506 928 veniali:
531 903 622 928 nam
640 891 847 940 unicuique
866 891 1020 928 habenti
1046 890 1230 935 habitum,
1252 889 1410 937 inquan-

347 951 429 981 tum
457 944 691 991 huiusmodi,
711 944 798 982 finis
827 952 880 981 est
909 943 1079 992 operatio
1108 942 1321 980 secundum
1343 941 1408 979 ha-

349 997 480 1035 bitum.
510 998 559 1035 Et
577 997 646 1044 sic,
668 997 858 1035 multoties
882 996 1078 1045 peccando
1096 994 1315 1047 venialiter,
1336 994 1408 1032 dis-

348 1057 511 1099 ponetur
538 1050 586 1087 ad
614 1058 825 1099 peccatum¹
843 1049 1016 1087 mortale.

401 1102 487 1140 Alio
508 1104 627 1141 modo
656 1110 761 1140 actus
788 1103 980 1140 humanus
1000 1100 1164 1149 disponit
1191 1100 1240 1138 ad
1269 1099 1410 1149 aliquid

348 1156 586 1194 removendo
623 1148 843 1204 prohibens.
872 1156 922 1192 Et
949 1155 1023 1192 hoc
1052 1153 1171 1190 modo
1209 1158 1409 1202 peccatum

346 1209 495 1246 veniale
524 1221 568 1246 ex
587 1221 725 1256 genere
753 1216 878 1257 potest
901 1208 1103 1256 disponere
1132 1206 1182 1243 ad
1208 1213 1409 1255 peccatum

348 1263 507 1298 mortale
549 1274 593 1298 ex
629 1274 778 1309 genere.
810 1261 886 1307 Qui
919 1261 1021 1297 enirn
1049 1266 1182 1308 peccat
1215 1258 1412 1297 venialiter

348 1327 394 1352 ex
422 1327 572 1362 genere,
593 1314 852 1363 praetermittit
879 1313 1045 1363 aliquem
1078 1312 1271 1351 ordinem:
1301 1319 1337 1349 et
1365 1324 1409 1348 ex

1022 1400 1355 1433 Commentario.
1377 1397 1628 1432 Garamans
1650 1399 1861 1442 Caietam*

377 1487 396 1507 n
421 1475 553 1508 articulo
574 1477 667 1508 tertio
683 1476 825 1508 eiusdem
842 1475 1184 1516 octogesimaeoctavae
1202 1473 1408 1515 quaestionis,

350 1490 480 1551 Irecole
502 1531 586 1552 nunc
603 1529 688 1551 nunc
699 1520 815 1551 dictam
833 1520 1068 1551 distinctionem
1083 1518 1111 1550 *.
1131 1518 1173 1549 Et
1187 1524 1332 1559 ‘quatuor
1347 1518 1409 1549 exi-

347 1565 501 1596 stentibus
524 1565 689 1602 membris,
722 1564 838 1595 scilicet
861 1564 987 1595 mortali
1011 1573 1048 1594 ex
1070 1572 1197 1604 genere,
1223 1561 1349 1593 mortali
1373 1572 1409 1592 ex

347 1617 469 1650 agente,
481 1609 595 1640 veniali
612 1619 647 1639 ex
663 1618 786 1649 genere,
799 1608 914 1639 veniali
926 1618 963 1638 ex
975 1614 1085 1648 agente
1097 1617 1153 1638 seu
1170 1605 1409 1646 imperfectione

347 1661 450 1691 actus,
477 1653 579 1684 littera
602 1654 664 1684 hoc
687 1653 838 1684 ultimum
861 1653 1043 1683 membrum
1072 1650 1305 1691 praetermittit:
1334 1650 1410 1691 quia

348 1705 471 1729 constat
486 1698 575 1738 quod
590 1697 776 1729 huiusmodi
791 1697 912 1727 veniale
928 1707 984 1737 per
999 1706 1031 1727 se
1048 1695 1188 1736 disponit
1209 1695 1250 1726 ad
1264 1694 1408 1730 mortale,

348 1750 458 1782 utpote
483 1742 625 1772 eiusdem
649 1742 777 1782 speciei;
805 1741 985 1782 frequenter
1013 1740 1098 1771 enim
1128 1746 1236 1773 motus
1265 1738 1410 1770 adulterii

347 1786 540 1826 negligenter
555 1786 684 1822 habens,
705 1796 762 1826 per
777 1796 810 1816 se
827 1785 1006 1825 disponitur
1021 1785 1062 1815 ad
1076 1784 1166 1815 illud.
1183 1784 1224 1815 Et
1243 1784 1281 1814 de
1297 1783 1409 1815 veniali

347 1841 384 1861 ex
399 1840 511 1871 genere
524 1831 669 1872 loquens,
683 1836 846 1870 comparat
857 1830 937 1860 illud
949 1829 989 1859 ad
1004 1829 1136 1860 mortale
1149 1834 1286 1869 utroque
1298 1826 1407 1858 modo:

347 1874 462 1915 primo,
487 1875 526 1906 ad
550 1874 684 1906 mortale
707 1884 743 1904 ex
767 1881 854 1914 parte
878 1873 1013 1914 agentis;
1038 1873 1189 1908 secundo,
1214 1873 1253 1902 ad
1277 1871 1409 1903 mortale

347 1929 383 1950 ex
406 1929 528 1960 genere.
555 1920 595 1950 Et
623 1919 715 1949 docet
743 1919 831 1959 quod
860 1918 1002 1958 disponit
1029 1927 1084 1957 per
1113 1916 1275 1958 quandam
1299 1925 1410 1947 conse-

347 1964 511 2004 quentiam
541 1964 579 1993 ad
611 1963 745 1993 mortale
769 1973 804 1993 ex
827 1969 915 2003 parte
940 1962 1071 2002 agentis;
1098 1968 1128 1992 et
1157 1968 1191 1992 ut
1214 1961 1408 1991 removendo

347 2008 528 2048 prohibens,
553 2008 593 2038 ad
616 2007 749 2039 mortale
772 2017 808 2038 ex
831 2016 955 2046 genere.

403 2052 465 2083 Ubi
489 2052 652 2082 sciendum
677 2058 723 2082 est
745 2051 834 2092 quod
856 2051 889 2081 in
912 2048 1026 2080 veniali
1048 2058 1086 2080 ex
1105 2059 1227 2090 genere,
1248 2054 1325 2090 puta
1339 2058 1408 2079 ver-

348 2096 394 2126 bis
418 2096 544 2132 iocosis,
569 2103 762 2127 concurrunt
786 2096 864 2126 duo:
890 2095 1031 2135 primum
1052 2101 1098 2125 est
1119 2093 1242 2127 affectio
1266 2094 1306 2124 ad
1329 2093 1410 2125 dele*

349 2141 459 2171 ctabile
482 2141 514 2170 in
535 2140 637 2171 verbis
658 2140 789 2175 iocosis;
810 2139 953 2175 alterum,
978 2137 1146 2169 declinatio
1171 2137 1299 2169 affectus
1322 2148 1339 2168 a
1362 2146 1408 2168 re-

346 2185 429 2224 gula.
455 2185 599 2215 Primum
623 2191 669 2216 est
692 2184 856 2216 conversio
880 2184 919 2214 ad
943 2182 1168 2214 commutabile
1197 2183 1337 2213 bonum:
1360 2190 1410 2221 se-

347 2230 489 2260 cundum
508 2236 555 2260 est
569 2229 659 2270 quasi
683 2228 814 2259 aversio.
833 2229 879 2258 Ex
903 2228 1007 2268 primo
1025 2235 1190 2267 peccatum
1211 2226 1334 2257 veniale
1349 2226 1411 2256 dis—

347 2274 440 2313 ponit
462 2274 605 2304 animum
621 2274 660 2303 ad
680 2272 939 2304 constituendum
954 2271 1051 2302 finem
1068 2281 1164 2302 suurn
1179 2271 1211 2301 in
1235 2270 1290 2301 tali
1308 2271 1407 2308 bono,

348 2325 383 2348 ut
398 2325 484 2358 patet
506 2328 561 2358 per
580 2318 735 2348 rationem
758 2317 894 2347 litterae:
912 2323 942 2347 et
965 2316 1008 2346 sic
1025 2316 1166 2356 disponit
1188 2314 1354 2346 manifeste
1368 2315 1409 2345 ad

348 2369 512 2402 peccatum
529 2362 660 2392 mortale
681 2371 746 2392 non
769 2371 805 2392 ex
820 2371 943 2401 genere,
960 2361 1015 2391 sed
1034 2371 1070 2390 ex
1089 2367 1176 2400 parte
1196 2359 1325 2399 agentis.
1343 2359 1408 2397 Qui

348 2406 432 2436 enim
448 2406 606 2437 intantum
623 2407 828 2436 delectaretur
843 2405 944 2435 verbis
960 2404 1075 2435 iocosis
1090 2404 1178 2445 quod
1193 2403 1290 2434 finem
1305 2403 1338 2434 in
1354 2403 1408 2434 tali

347 2451 521 2481 delectabili
549 2451 760 2486 constitueret,
789 2457 930 2490 peccaret
956 2449 1086 2490 quidem
1114 2448 1298 2485 mortaliter,
1320 2457 1408 2489 pree·

348 2494 477 2525 ferendo
502 2502 675 2525 creaturam
699 2494 856 2525 Creatori:
878 2493 932 2523 sed
955 2493 1018 2524 hoc
1041 2503 1107 2523 non
1131 2499 1210 2523 esset
1238 2502 1275 2523 ex
1298 2499 1409 2523 natura

349 2540 482 2575 obiecti,
505 2539 658 2580 quoniam
689 2549 754 2569 non
780 2545 825 2568 est
858 2537 1012 2569 contraria
1041 2537 1174 2568 caritatis
1197 2536 1269 2573 fini,
1292 2537 1349 2570 sed
1372 2545 1408 2568 ex

347 2583 555 2625 dispositione
579 2583 697 2623 agentis
721 2582 764 2612 sic
787 2582 896 2613 affecti.
921 2582 968 2612 Ex
992 2582 1131 2612 secundo
1162 2587 1328 2622 peccatum
1355 2591 1408 2611 ve-

347 2629 429 2660 niale
452 2627 594 2668 disponit
623 2627 661 2657 ad
689 2627 821 2657 mortale
851 2636 887 2656 ex
916 2633 1046 2666 genere:
1079 2625 1153 2666 quia
1181 2624 1408 2666 quasi-aversio

347 2673 488 2714 disponit
510 2673 550 2702 ad
573 2671 770 2702 aversionem
793 2681 874 2711 quae
898 2670 980 2701 tollit
1009 2670 1239 2700 subiectionem
1262 2670 1407 2700 volunta-

345 2718 386 2749 tis
409 2718 450 2748 ad
468 2717 588 2752 Deum,
605 2725 688 2757 quae
711 2715 864 2746 subiectio
888 2714 1036 2755 prohibet
1057 2715 1256 2745 voluntatem
1278 2713 1350 2745 ferri
1374 2713 1408 2751 in

347 2762 470 2803 οὺῇρβῐξὶ
493 2759 647 2794 contraria
670 2758 803 2791 caritatis
827 2758 962 2790 obiecto.
1272 2784 1275 2786 .

404 2805 441 2840 15.
461 2805 497 2836 In
521 2804 727 2846 responsione
743 2803 782 2833 ad
802 2803 987 2838 secundum,
1010 2802 1144 2832 dubium
1167 2801 1303 2833 occurrit
1326 2802 1414 2845 quo-⁴

347 2850 447 2881 modo
469 2848 590 2879 veniale
615 2854 646 2879 et
667 2847 800 2878 mortale
825 2846 923 2877 modo
947 2846 1090 2877 dicantur
1114 2846 1280 2877 convenire
1304 2845 1339 2876 in‘
1355 2854 1407 2886 ge—

346 2903 439 2925 nere:
468 2900 498 2924 et
519 2893 551 2923 in
577 2892 708 2923 articulo
738 2891 945 2933 praecedente
969 2890 1090 2921 dictum
1114 2897 1160 2921 est
1183 2891 1272 2931 quod
1302 2889 1410 2921 distin—

346 2945 488 2978 guuntur
509 2945 637 2977 genere;
662 2944 692 2968 et
715 2936 749 2967 in
767 2935 829 2967 lroc
853 2935 969 2966 eodem
990 2934 1132 2970 articulo,
1152 2935 1184 2965 in
1202 2934 1408 2975 responsione

346 2984 386 3013 ad
409 2983 565 3023 primum,
590 2981 703 3012 dicitur
723 2980 813 3022 quod
835 2989 902 3012 non
925 2979 1162 3019 distinguuntur
1185 2979 1265 3010 sicut
1287 2979 1407 3019 species

347 3027 441 3059 unius
465 3026 595 3067 generis,
613 3025 667 3056 sed
691 3025 772 3057 sicut
795 3023 973 3067 substantia.
992 3022 1199 3063 enaccidens.

402 3071 452 3101 Ad
471 3071 532 3101 hoc
548 3070 680 3101 breviter
700 3067 812 3101 dicitur
827 3067 915 3109 quod
930 3064 1149 3108 convenientia
1164 3066 1196 3096 in
1212 3076 1325 3106 genere
1341 3077 1407 3097 non

347 3114 519 3145 affirmatur
541 3114 573 3144 in
597 3112 698 3145 littera
721 3111 913 3153 simpliciter,
934 3112 991 3142 sed
1008 3120 1082 3141 cum
1101 3108 1343 3151 specificatione,
1361 3112 1407 3141 in-

347 3164 501 3199 quantum
519 3165 690 3198 utrumque
714 3158 865 3197 importat
886 3155 1045 3196 defectum
1060 3154 1160 3186 debiti
1178 3155 1310 3186 ordinis.
1335 3153 1419 3185 Hoc?

347 3210 393 3234 est
416 3203 502 3233 enim
524 3202 693 3234 convenire
705 3202 739 3232 in
754 3210 873 3241 genere*
884 3200 1022 3240 analogo
1038 3199 1125 3237 muli,
1142 3199 1221 3230 dum
1235 3205 1408 3240 utrumque

348 3256 385 3278 ex
407 3253 494 3286 parte
516 3246 686 3277 aversionis
709 3245 742 3276 in
766 3245 841 3276 mali
862 3245 985 3276 ratione
1005 3243 1168 3276 convenit:
1192 3242 1280 3277 aliter
1293 3247 1408 3281 ,tamen

348 3298 378 3321 et
401 3290 503 3325 aliter,
529 3291 603 3331 quia
625 3291 657 3321 in
677 3289 803 3321 mortali
819 3296 870 3322 est
885 3288 1005 3320 aversio
1022 3287 1217 3329 simplicitet,
1231 3287 1408 3331 hicsessun*

347 3335 425 3364 durn
442 3334 529 3374 quid.
553 3333 638 3365 Cum
654 3334 716 3364 hoc
731 3340 836 3364 tamen
857 3339 916 3364 stat
939 3333 1027 3375 quod
1047 3326 1408 3373 distinguantur‘genere

347 3388 383 3408 ex
405 3385 493 3418 parte
517 3377 646 3413 obiecti,
671 3378 812 3418 ‹et-quod
836 3376 981 3407 ordinem
1005 3374 1250 3407 habeant'inter
1271 3384 1303 3406 se
1327 3373 1410 3408 sicut

347 3422 520 3452 snbstantia
543 3429 574 3452 et
597 3421 748 3456 accidens,
773 3427 809 3451 ut
833 3428 918 3461 patet
941 3431 978 3451 ex
1001 3420 1136 3452 dictis‘*.
1168 3427 1169 3434 ¹
1234 3423 1235 3426 ’
1262 3427 1263 3430 ’

391 3466 444 3498 m.
458 3466 494 3496 In
507 3465 713 3505 responsione
729 3466 769 3497 ad
779 3465 917 3501 tertium,
931 3465 1069 3496 dubium
1081 3465 1217 3496 occurrit
1233 3473 1299 3505 quo
1315 3471 1408 3504 pacto

346 3520 459 3542 verum
481 3510 520 3541 sit
543 3510 631 3551 quod
654 3509 774 3540 veniale
798 3519 853 3548 per
876 3519 908 3539 se
933 3508 1072 3549 disponit
1095 3509 1135 3540 ad
1159 3509 1307 3540 mortale:
1333 3518 1410 3546 cum*

961 178 1226 226 QUAESTIO
1257 176 1504 222 LXXXVIII,
1533 176 1828 214 ARTICULUS
1857 177 1907 214 111

1461 255 1536 291 hoc
1565 255 1670 302 quod
1699 254 1912 291 consuescit
1938 255 2176 292 voluntatem
2205 267 2312 293 suam
2343 255 2381 292 in
2399 254 2522 291 mino-

1462 307 1564 343 ribus
1593 306 1720 344 debito
1751 306 1873 343 ordini
1901 319 1979 343 non
2009 307 2204 354 subiicere,
2235 305 2445 358 disponitur
2473 307 2520 344 ad

1460 361 1535 398 hoc
1562 359 1667 408 quod
1701 359 1814 396 etiam
1840 360 2078 396 voluntatem
2106 372 2214 409 suam
2244 373 2323 398 non
2351 360 2522 398 subiiciat

1462 413 1585 450 ordini
1613 412 1734 449 ultimi
1762 412 1870 459 finis,
1901 412 2073 459 eligendo
2101 412 2142 449 id
2167 413 2274 461 quod
2301 420 2357 450 est
2388 425 2520 462 pecca-

1461 474 1543 504 tum
1572 467 1731 503 mortale
1761 478 1806 502 ex
1834 477 1984 513 genere.
2224 481 2226 483 v
2306 494 2307 498 ,
2431 469 2434 471 ’

1514 521 1574 556 An
1594 530 1730 556 ramum
1759 530 1858 555 eaeo
1885 529 2070 555 oicENDUM
2099 516 2204 565 quod
2231 524 2431 566 peceatum
2457 530 2522 554 ve-

1462 571 1560 608 niale
1580 579 1616 608 et
1635 572 1795 608 mortale
1815 583 1894 608 non
1913 570 2133 608 dividuntur
2152 581 2197 606 ex
2217 569 2408 618 opposito,
2428 570 2524 607 siem

1464 624 1561 661 duae
1590 624 1735 672 species
1758 624 1870 661 unius
1898 623 2056 672 generis,
2077 630 2117 660 ut
2146 622 2289 660 dictum
2318 629 2375 659 est
2390 622 2428 659 *ι
2447 623 2522 660 sed

1463 676 1559 714 sicut
1586 676 1761 724 accidens
1780 685 1910 715 contra
1930 676 2179 714 substantiam
2200 675 2391 713 dividitur.
2410 674 2522 713 Unde

1462 729 1557 766 sicut
1585 728 1760 767 accidens
1787 737 1912 778 potest
1941 742 2023 767 esse
2053 728 2248 777 dispositio
2278 728 2329 766 ad
2354 727 2519 765 formam

1463 781 1760 828 substantialem,
1780 781 1830 819 ita
1849 790 1887 819 et
1900 782 2050 820 veniale
2065 789 2266 831 peccatum
2283 781 2332 818 ad
2347 781 2522 818 mortale.

1515 837 1574 872 An
1593 845 1784 872 SECUNDUM
1811 845 1995 873 oretanum
2023 836 2127 884 quod
2146 841 2347 884 peccatum
2373 833 2523 871 ven‘nle

1463 900 1542 925 non
1571 895 1626 924 est
1654 887 1772 924 simile
1809 887 1959 925 mortali
1986 887 2024 925 in
2053 888 2201 936 specie:
2230 895 2286 925 est
2321 895 2448 924 tamen
2464 886 2523 923 ·.si÷

1464 941 1551 978 mile
1572 940 1607 977 ei
1633 940 1671 977 in
1691 952 1842 987 genere,
1862 939 2089 988 inquantum
2111 948 2315 989 utrumque
2342 939 2524 988 importat

1464 994 1654 1031 defectum
1685 992 1800 1030 debiti
1829 993 1988 1040 ordinis,
2017 993 2103 1031 licet
2128 993 2236 1032 aliter
2268 1001 2307 1030 et
2333 993 2453 1040 aliter,
2482 1000 2524 1030 ut

1464 1046 1606 1084 dictum
1637 1054 1691 1083 est
1718 1045 1748 1082 ³⁸.

1516 1101 1575 1138 Ao
1607 1111 1766 1136 TERTlUM
1801 1109 1986 1136 DICENDUM
2019 1099 2125 1147 quod
2140 1111 2250 1148 20pus
2278 1100 2426 1137 bonum
2443 1109 2523 1136 non

1465 1159 1607 1201 est'per
1630 1164 1670 1189 se
1691 1151 1887 1200 dispositio
1907 1151 1956 1189 ad
1982 1152 2144 1191 mortale
2163 1159 2379 1203 peccatum:
2398 1157 2524 1200 potest

1463 1213 1592 1243 tamen
1617 1217 1700 1242 esse
1728 1204 1886 1242 materia
1914 1204 2155 1253 velooccasio
2183 1203 2331 1253 peceati
2352 1204 2524 1243 mortalis

1463 1270 1532 1307 per
1559 1258 1746 1295 accidens.
1778 1257 1854 1295 Sed
1882 1265 2083 1306 peccatum
2109 1257 2424 1306 venialepensse
2447 1256 2522 1296 dfas.

1464 1311 1572 1361 ponit
1599 1311 1649 1348 ad
1677 1311 1849 1358 mortale,
1869 1317 1911 1348 ut
1938 1310 2083 1349 dictum
2112 1318 2168 1348 est
2194 1309 2230 1347 *ι
2266 1339 2267 1343 ,

2364 1327 2403 1347 12:
2427 1316 2506 1348 offan

2302 1439 2303 1443 ,
2335 1433 2361 1454 Ἰ.
2477 1419 2523 1447 μγ.

1461 1484 1527 1509 non
1543 1475 1604 1506 nisi
1616 1484 1673 1515 per
1685 1474 1847 1515 quandam
1859 1471 2400 1514 consequentiam,ve1nmovendn
2414 1470 2525 1512 prola-j

1461 1519 1549 1562 bens,
1564 1525 1739 1554 concurrat,
1754 1525 1788 1548 ut
1799 1517 1832 1548 in
1850 1516 2118 1561 corporearticuli
2130 1516 2320 1560 dictamen,
2331 1515 2430 1560 Quod
2440 1515 2526 1559 enirn

1461 1573 1516 1604 per
1540 1562 1801 1603 consequentiam
1828 1562 1866 1592 ab
1891 1561 2000 1602 aliquo
2016 1559 2168 1601 emanat,
2192 1570 2255 1602 per,
2274 1557 2418 1598 acciden‘s
2446 1559 2526 1598 deri-²

1461 1614 1560 1638 vatur.
1578 1607 1620 1639 Et
1635 1606 1775 1637 similiter
1798 1613 1969 1648 removens
1983 1604 2162 1648 prohibens
2174 1599 2282 1647 movet
2297 1613 2354 1647 per
2363 1599 2476 1647 ,fflssidss'
2482 1606 2485 1610 '
2498 1603 2524 1646 s,

1516 1652 1567 1682 Ad
1591 1651 1652 1682 hoc
1676 1647 1901 1691 dicitur'quod
1923 1649 2025 1691 littera
2047 1646 2182 1680 intendit
2208 1643 2442 1691 qudd'ffltiale
2458 1644 2468 1662 ·‘
2492 1645 2526 1679 e'r

1461 1706 1495 1727 se
1517 1695 1658 1736 distmnit
1681 1695 1785 1735 primo
1812 1695 1938 1725 tanturn
1961 1694 2073 1724 modo.
2101 1692 2186 1730 Quia
2208 1692 2265 1724 'ma
2285 1687 2454 1733 dispoliat>
2476 1692 2527 1723 ΒΗ

1460 1740 1675 1781 permodum
1699 1738 1823 1775 similis,
1847 1745 1884 1769 ut
1906 1738 2047 1778 paterii:
2070 1736 2400 1778 exemplo-allato&
2420 1734 2527 1772 mibi·

1460 1784 1592 1817 iocosis:
1618 1784 1760 1814 eiusdem
1783 1792 1929 1824 namque,
1945 1781 2061 1825 speciei
2083 1788 2157 1812 sunt
2178 1780 2362 1818 semndum,
2378 1789 2414 1812 se
2430 1780 2529 1828 vestm

1461 1829 1568 1860 iocosa
1591 1827 1698 1859 minus
1722 1834 1835 1863 amata,
1859 1834 1895 1858 ut
1913 1833 1988 1857 sunt
2011 1824 2172 1857 obiectum
2190 1819 2311 1866 peccati
2332 1819 2491 1873 venialis'j,

1461 1873 1597 1907 maxime
1617 1878 1729 1908 amata,
1750 1878 1786 1902 ut
1809 1877 1883 1902 sunt
1906 1870 2067 1906 oblectum
2090 1869 2210 1912 peccati
2225 1866 2368 1900 mortalis
2382 1867 2421 1899 'e'x'
2431 1830 2530 1943 pax}

1461 1917 1591 1957 agentis.
1615 1915 1737 1947 Dicitur
1759 1922 1867 1946 autem
1890 1912 2058 1956 dispositio
2077 1923 2143 1945 esse
2159 1923 2216 1955 per
2229 1910 2395 1954 quandam
2408 1910 2476 1949 'coit
2493 1915 2528 1942 e:

1461 1961 1625 2002 quentiam
1648 1961 1687 1990 ad
1706 1960 1840 1990 mortale
1863 1969 1899 1990 ex
1922 1966 2009 2000 parte
2024 1958 2158 1999 agentis,
2183 1957 2259 2000 quia
2272 1967 2338 1989 non
2354 1963 2401 1988 est
2416 1956 2524 1997 dispo-

1461 2006 1533 2037 sitio
1558 2005 1750 2036 necessitans
1778 2004 1817 2034 ad
1841 2003 1936 2034 talem
1967 2002 2144 2044 appetitum
2167 2011 2245 2044 curn
2265 2001 2431 2033 aversione
2449 2000 2524 2041 sitn-

1461 2049 1592 2090 pliciter,
1618 2049 1698 2080 sicut
1722 2047 1887 2079 necessitat
1910 2048 1954 2078 ad*
1972 2046 2110 2078 similem
2132 2039 2310 2087 appelitutri
2327 2039 2523 2076 &medilab-

1461 2094 1581 2129 solute:
1605 2094 1661 2124 sed
1684 2093 1816 2134 quando
1838 2099 1884 2123 ffit
1906 2092 2029 2123 intensa
2051 2091 2151 2128 valde,
2172 2097 2284 2122 natum
2303 2097 2349 2120 est
2371 2088 2525 2131 consequi

1461 2146 1497 2170 ut
1520 2138 1677 2179 appetitus
1700 2137 1733 2167 in
1756 2137 1816 2167 tale
1840 2136 1973 2167 mortale
1989 2136 2138 2167 trahatur.
2164 2134 2214 2171 Sic
2230 2141 2337 2166 autern
2353 2133 2526 2174 disponere

1462 2192 1527 2214 non
1551 2189 1597 2213 est
1621 2181 1754 2212 omnino
1775 2187 1858 2211 extra
1876 2184 1933 2221 'per
1949 2190 1981 2211 se
1997 2179 2165 2220 disponere
2174 2176 2273 2225 {fq'tiia
2289 2174 2529 2252 actibnsfahffl

1461 2227 1628 2268 disponere
1652 2227 1691 2256 ad
1714 2225 1831 2256 similes
1855 2224 2002 2256 convenit
2024 2233 2080 2265 per
2102 2223 2145 2260 se,
2158 2233 2228 2264 ,per
2247 2223 2339 2253 suam
2361 2220 2488 2263 propri,

1461 2279 1607 2303 naturam
1631 2277 1661 2301 et
1683 2270 1845 2301 virtutem:
1871 2268 2018 2309 quamvis
2045 2266 2165 2309 aliquid
2193 2265 2370 2308 imperfecti
2392 2254 2531 2302 habea&

1461 2315 1536 2357 quia
1554 2324 1620 2345 non
1644 2321 1718 2345 sunt
1740 2313 1859 2344 similes
1882 2312 1915 2343 in
1938 2313 2100 2345 aversione
2119 2311 2170 2343 isti
2186 2311 2275 2343 actii«
2289 2310 2426 2341 veniales
2440 2308 2532 2347 aeffi

1461 2359 1603 2395 mortali,
1628 2359 1667 2389 ad
1683 2368 1789 2399 quern,
1813 2363 1942 2398 propter
1960 2356 2158 2388 aversionem
2183 2351 2311 2392 dictam,
2334 2357 2395 2395 per
2411 2352 2533 2385 conse-'³

1461 2403 1625 2445 quentiam
1653 2403 1814 2444 quandam
1843 2401 1991 2432 dicuntur
2017 2401 2194 2441 disponere.
2225 2400 2269 2430 Ita
2292 2399 2381 2440 quod
2402 2398 2526 2436 veniale

1461 2449 1652 2489 inquantum
1680 2447 1782 2477 simile
1806 2456 1842 2476 ex
1865 2453 1952 2486 parte
1977 2444 2206 2480 conversionis,
2232 2443 2372 2484 disponit
2395 2452 2451 2483 per
2473 2449 2522 2472 se:

1460 2493 1651 2534 inquantum
1674 2501 1749 2521 vero
1774 2490 1924 2520 dissimile
1949 2500 1985 2520 ex
2008 2496 2095 2530 parte
2119 2487 2300 2523 aversionis,
2320 2485 2460 2527 disponit
2476 2495 2523 2516 se-

1462 2538 1603 2570 cundum
1622 2535 1784 2577 quandam
1800 2533 2060 2576 consequentiam
2076 2533 2116 2564 ad
2130 2533 2217 2563 idem
2235 2531 2369 2562 mortale
2384 2540 2421 2562 ex
2436 2536 2525 2570 parte

1461 2592 1478 2613 a
1501 2581 1589 2612 entis.

1478 2592 1499 2622 g
1516 2624 1680 2656 Secundus
1707 2630 1813 2654 autern
1843 2621 1960 2652 modus
1987 2621 2059 2653 li'cet
2089 2618 2273 2662 possit'dici
2291 2628 2354 2659 per
2376 2627 2424 2654 se,
2447 2616 2524 2658 quia

1461 2668 1689 2710 quasi-aversio
1714 2667 1825 2698 similis
1848 2666 1991 2706 generice
2014 2673 2060 2697 est
2083 2663 2249 2700 aversioni,
2266 2673 2302 2694 ac
2317 2672 2373 2702 per
2388 2661 2451 2692 hoc
2466 2670 2523 2702 per

1461 2724 1494 2744 se
1517 2714 1613 2744 etiam
1635 2711 1775 2752 disponit
1790 2711 1834 2747 ,ad
1847 2710 1954 2747 ’ωαψς
1973 2712 2100 2746 ‚Auctor
2118 2716 2235 2745 maten.
2254 2717 2326 2744 non
2367 2720 2424 2745 ,f
2440 2719 2505 2747 -νς

1461 2757 1587 2789 formali
1602 2766 1748 2789 sermone
1764 2762 1795 2789 et
1809 2755 2044 2799 fundamento„
2061 2753 2071 2796 J
2084 2753 2117 2794 ft
2131 2751 2221 2796 quod
2234 2758 2286 2796 eat
2297 2748 2384 2794 pes·
2398 2736 2502 2804 ,ἰξζῖζ

1460 2802 1535 2847 quia
1559 2811 1633 2832 cum
1657 2799 1822 2831 stabilisset
1845 2798 1941 2842 quod
1957 2804 2123 2841 peccatum
2146 2805 2253 2837 genus
2270 2802 2301 2829 et
2317 2804 2322 2831 L
2337 2793 2501 2850 “355¹ss

1460 2856 1515 2887 per
1534 2846 1596 2876 hoc
1612 2851 1757 2876 naturam
1772 2851 1873 2880 suam,
1890 2842 1921 2873 in
1942 2840 2053 2876 ordine
2068 2840 2108 2872 a'd
2123 2839 2364 2882 obiectumst>
2385 2852 2388 2855 ⁴
2410 2837 2467 2863 -2⁰
2507 2840 2514 2850 ’

1461 2891 1550 2931 quod
1574 2895 1680 2921 causat
1702 2895 1868 2929 peccatum
1895 2897 1932 2917 ex
1959 2893 2054 2927 parte·
2070 2882 2258 2918 aversionis,
2281 2878 2447 2925 pornffl·
2460 2868 2509 2907 ὦ*

1460 2935 1540 2965 iuud
1562 2941 1598 2965 ut
1620 2940 1788 2964 removens
1810 2931 2001 2972 prohibens,
2024 2929 2101 2970 quia
2129 2933 2274 2960 removet
2294 2919 2523 2959 subiacentium

1461 2980 1530 3016 Deo
1557 2977 1789 3018 prohibentem
1805 2975 1952 3007 numm
1979 2974 2051 3005 ferri
2080 2973 2114 3005 in
2141 2972 2304 3007 obiectum
2329 2969 2536 3014 emerium

1461 3024 1543 3069 Deo.
1567 3023 1619 3063 Tu
1643 3028 1750 3057 tamen
1773 3026 1864 3060 potes
1887 3018 2087 3062 distinguere,
2112 3024 2143 3048 et
2164 3016 2273 3060 dicere,
2289 3012 2525 3060 quoquen'iale
2582 3031 2586 3037 ι
2619 3003 2637 3014 “”
2662 3004 2665 3006 ’

2836 2987 2840 2996 ,

2450 3054 2454 3059 ,
2835 3046 2840 3053 .

2459 3065 2536 3134 Ἷι
2564 3089 2613 3111 exa
2838 3105 2840 3114 ε

2565 3115 2645 3131 Σ1,4’“ε
2674 3127 2682 3130 ,,
2724 3114 2745 3129 γλ
2765 3122 2772 3124 *
2834 3119 2835 3122 ¹

2513 3168 2522 3181 ⁹
2836 3169 2840 3191 ¹.

1462 3077 1498 3098 ex
1518 3063 1632 3108 ⁴genere
1656 3059 1715 3104 ads'¹
1719 3060 1854 3097 mortale
1871 3073 1922 3107 9¹·
1935 3068 2045 3105 agente
2069 3054 2213 3104 disponit
2230 3069 2295 3102 per
2310 3057 2414 3110 ⁵⁶25!
2431 3069 2458 3111 ,p

1462 3107 1677 3142 conversionis
1691 3109 1740 3140 ‘ad
1763 3106 1988 3139 commutabile
2011 3097 2467 3148 bonumf.ad‘mo·rta1e'ven6
2542 3141 2545 3144 ι

1462 3148 1574 3195 genere
1587 3152 1728 3194 disponit
1738 3147 1935 3183 removendo
1950 3147 2137 3191 pfohtbens,
2148 3146 2258 3191 qhoa'd
2271 3139 2538 3195 &avernen-3³

1462 3205 1493 3230 et
1516 3207 1572 3239 per
1594 3206 1626 3228 se
1649 3197 1759 3238 quoad
1779 3194 2187 3227 aversionem‘secundum*
2200 3190 2534 3234 consequendffi.ffit¹

1461 3243 1495 3273 in
1517 3242 1622 3283 primo
1646 3241 1746 3277 modo
1761 3240 1957 3274 declaratum.
1970 3247 2038 3273 eet...
2061 3262 2074 3270 η
2110 3267 2117 3273 ,
2208 3269 2218 3271 ,γ
2272 3262 2275 3272 ,
2298 3252 2340 3284 ῳ]
2363 3234 2533 3273 mov->liis

1515 3287 1556 3317 Et
1572 3286 1646 3320 hinc
1663 3285 1820 3317 habemus
1833 3291 2025 3325 quantumva
2038 3282 2230 3326 venialium,

1464 3330 1602 3361 vendum
1627 3329 1675 3366 sit,
1700 3339 1774 3360 cum
1789 3326 1966 3366 totmodis,
1991 3334 2022 3366 et
2044 3323 2090 3367 illi
2129 3320 2214 3368 peric
2289 3322 2297 3331 ⁶

1463 3375 1503 3405 ad
1526 3372 1669 3404 mortale.
1694 3373 1827 3413 Propter
1842 3370 1992 3415 qu’odTre
2016 3361 2170 3405 uentibus?
2188 3373 2218 3412 ev
2257 3408 2265 3410 ζ
2337 3410 2339 3413 ι
2376 3403 2380 3411 ,
2403 3406 2411 3412 Γ
2430 3389 2459 3414 ’,Η
2515 3402 2520 3409 ⁸

1462 3417 1729 3459 superficietenus,
1750 3415 1985 3457 singuluse'eun
2032 3407 2287 3454 1113ώῆὲῶ
2351 3406 2526 3450 tinguendo

1463 3470 1552 3494 sunt:
1581 3472 1620 3493 ne
1648 3461 1817 3492 habitantis
1840 3459 1932 3491 nobis
1960 3459 1997 3490 in
2013 3458 2084 3490 ,inis
2100 3457 2306 3488 lectitatum
2331 3456 2529 3486 tentationes

1463 3507 1586 3538 animos
1610 3505 1782 3546 dispositos
1803 3504 1987 3544 propinque
2005 3503 2046 3537 ad
2062 3498 2391 3537 mttdtinvenian't.

2548 630 2559 641 ⁸
2573 631 2624 652 Art.
2641 635 2659 656 ι,
2674 629 2703 651 ad
2718 635 2734 651 r.

2551 1047 2560 1056 '
2574 1045 2626 1068 Art.
2640 1050 2657 1074 r,
2671 1050 2695 1067 a.

2550 1313 2560 1324 ⁸
2574 1313 2602 1335 ln
2615 1317 2726 1342 corpote.
