2840 4010
1005 174 1269 220 QUAESTIO
1299 174 1403 221 ClX·,
1431 174 1727 215 ARTICULUS
1755 174 1805 210 V1

321 252 372 289 tia
399 251 448 288 ad
475 250 629 299 aliquod
659 251 804 288 bonum
830 252 977 288 homini
1007 252 1260 297 connaturale,
1287 251 1382 288 sicut
1429 253 1640 300 pertinent.-
1669 265 1758 289 cum
1783 252 1896 289 etiam
1915 252 2064 301 supra*
2083 252 2224 290 dictum
2245 253 2290 289 sit
2317 254 2422 302 quod
2442 255 2494 291 ad
2520 263 2596 285 ’Art-
2614 265 2718 292 praeced-

320 304 498 342 laborare
524 303 561 340 in
590 315 708 353 agr0‚
737 305 881 350 hibere,
894 320 897 322 “
911 305 1152 350 manducare,
1182 310 1225 340 et.
1241 305 1380 340 habere

321 355 498 402 amicum,
519 364 556 393 et
574 356 645 393 alia
663 357 900 403 huiusmodi;
916 365 958 394 ut
970 357 1203 405 Augustinus
1223 356 1325 403 dicit,
1340 356 1379 393 in

83 417 295 471 fflogufffflss
321 408 429 446 tertia
457 409 706 458 responsione
734 418 864 456 contra
892 409 1115 457 Pelagianos
1129 410 1160 445 *.

83 458 295 497 ter'supp'oslAus-
375 464 434 498 AD
454 462 590 499 PRIMUM
609 474 708 499 ERGO
727 474 911 500 mcaNDUM
938 462 1043 509 quod
1071 462 1191 497 homo
1219 472 1287 496 sua
1312 473 1381 497 vo-

322 515 462 552 luntate
486 515 573 552 facit
592 527 709 563 opera
737 514 929 562 meritoria
945 513 1047 550 vitae
1075 520 1269 549 aeternae:
1299 513 1378 559 sed,

323 567 418 605 sicut
444 568 678 616 Augustinus
705 567 743 605 in
772 567 910 603 eodem
937 565 1033 602 libro
1053 565 1073 587 '¹‘
1102 564 1200 612 dicit,
1230 565 1277 602 ad
1305 566 1380 601 hoc

324 620 482 668 exigitur
496 620 602 668 quod
617 621 795 665 voluntas
812 617 977 656 hominis
991 625 1237 666 praeparetur
1255 630 1277 654 a
1295 618 1380 654 Deo

321 685 392 721 per
422 673 592 721 gratiam.

375 727 435 763 AD
454 737 644 763 szcuunuu
661 735 847 762 mmmmm
865 723 982 771 quod,
998 723 1093 760 sicut
1106 723 1243 760 Glossa
1257 722 1277 744 '⁸
1291 722 1380 759 dicit

321 780 433 816 Rom.
449 790 500 825 vi,
521 790 635 826 super
653 775 743 813 illud
757 775 788 822 ³¹⁸,
809 791 828 809 «x
844 775 972 812 Gratia
992 776 1063 813 Dei
1081 775 1160 813 vita
1179 783 1377 822 aeterna»,

322 836 464 868 certum
492 836 547 868 est
569 830 685 867 vitam
713 834 906 866 aeternam
929 829 1035 866 bonis
1057 829 1230 877 operibus
1254 828 1379 864 reddi:

320 884 386 921 sed
412 884 491 932 ipsa
519 894 634 931 opera
662 882 795 930 quibus
822 882 1008 928 redditur,
1036 883 1088 918 ad
1112 882 1185 918 Dei
1211 881 1379 930 gratiam

86 574 95 584 “
108 573 167 595 lbid.

84 729 96 740 ⁸
109 729 167 750 Ord.
177 735 205 750 α
218 730 280 756 Aug.

84 782 94 792 ⁶
107 781 177 803 Vera.
190 787 224 809 23.

373 997 399 1029 γ)
421 997 508 1025 Collo.
526 1009 544 1015 -
563 999 589 1020 et
606 995 710 1020 Mundo
729 995 827 1020 addunt
845 995 921 1020 EFK.

350 1165 370 1185 N
386 1155 516 1185 articulo
532 1154 645 1195 quinto
661 1165 881 1195 quaecumque
898 1155 1030 1185 dicenda
1049 1160 1161 1189 essent,
1177 1161 1301 1183 reservo
1317 1162 1375 1192 pro

324 1166 535 1240 Iquaestione
551 1198 671 1235 ultima,
690 1199 721 1229 in
741 1199 871 1230 articulo
885 1199 999 1239 primo,
1011 1199 1049 1228 de
1062 1197 1188 1234 merito;
1202 1203 1232 1227 et
1243 1196 1374 1227 articulo

320 1266 393 1280 ‚de
401 1268 414 1270 ἡ

320 1703 324 1705 “
351 1714 417 1748 t-„Jr
437 1723 506 1761 ἐξ(
529 1711 552 1736 D
581 1710 722 1736 81⁴:wa
749 1710 802 1735 stc
830 1709 1069 1735 PROCEDITUR.
1093 1697 1251 1736 Videtur
1269 1697 1375 1746 quod

350 1735 505 1799 5⁸:225&
529 1752 649 1789 homo
676 1751 797 1800 possit
824 1751 991 1800 seipsum
1016 1751 1065 1788 ad
1083 1750 1240 1799 gratiam
1267 1762 1375 1800 prae-

335 1794 383 1850 ’,ᾖ
396 1802 456 1851 ἓξ
467 1791 497 1849 ’ᾗ
529 1816 664 1853 parare
683 1817 752 1853 per
767 1804 947 1853 seipsum,
963 1805 1108 1852 absque
1123 1802 1295 1840 exteriori
1310 1816 1376 1840 au-

373 1833 470 1890 ᾇῦ5
486 1849 616 1894 &xiiio
640 1857 797 1905 gratiae:
827 1857 916 1894 nihil
946 1857 1045 1893 enim
1074 1855 1281 1904 imponitur
1305 1857 1376 1892 ho-

78 1918 289 1946 ·An-mrsa-
318 1909 412 1947 mini
440 1911 544 1958 quod
572 1910 619 1947 sit
647 1910 680 1946 ei
708 1909 955 1959 impossibile,
983 1916 1026 1946 ut
1052 1920 1166 1958 supra
1182 1909 1205 1932 ¹⁸⁸
1231 1909 1373 1946 dictum

23 1972 25 1978 ·
79 1965 205 1994 ‘Vm-ff
320 1969 386 2000 est.
417 1962 495 1999 Sed
522 1963 637 2000 Zach.
659 1975 669 1999 1
688 1962 709 1984 '¹‘
737 1962 890 1999 dicitur:
925 1961 1194 2007 Convertimini
1218 1962 1270 1998 ad
1295 1974 1374 2008 me,

319 2020 355 2052 et
380 2027 451 2065 ego
480 2021 681 2053 convertar
697 2016 749 2065 ad
764 2027 848 2053 vos.-
877 2014 967 2053 nihil
990 2022 1119 2052 autern
1139 2017 1195 2052 est
1213 2014 1315 2052 aliud
1334 2027 1375 2052 se

319 2068 368 2106 ad
396 2068 554 2116 gratiam
581 2080 807 2117 praeparare
836 2080 952 2116 quam
975 2069 1023 2105 ad
1042 2069 1171 2105 Deum
1190 2068 1372 2106 converti.

319 2122 421 2169 Ergo
449 2121 600 2159 videtur
626 2122 732 2170 quod
759 2122 878 2158 homo
905 2132 974 2170 per
1001 2120 1168 2169 seipsum
1196 2120 1315 2169 possit
1333 2133 1374 2157 se

319 2174 367 2211 ad
395 2174 552 2221 gratiam
580 2186 806 2223 praeparare
835 2174 978 2222 absque
1007 2173 1145 2210 auxilio
1168 2173 1318 2221 gratiae.

373 2238 408 2263 2.
434 2228 666 2274 PRAETEREA,
699 2227 819 2264 homo
848 2239 889 2263 se
917 2226 966 2263 ad
993 2226 1150 2274 gratiam
1177 2233 1376 2275 praeparat

317 2279 492 2317 faciendo
513 2281 621 2329 quod
640 2280 679 2317 in
698 2292 739 2317 se
768 2287 841 2317 est:
871 2279 959 2328 quia
978 2278 1007 2316 si
1025 2279 1144 2316 homo
1163 2276 1250 2316 facit
1269 2279 1374 2328 quod

318 2333 358 2371 in
384 2345 426 2371 se
455 2340 521 2380 est,
550 2334 656 2370 Deus
685 2333 719 2370 ei
747 2345 826 2370 non
854 2332 1015 2380 denegat
1036 2331 1210 2379 gratiam3
1240 2331 1375 2370 dicitur

78 2391 287 2441 ang-'g-
319 2385 422 2422 enim
441 2386 575 2422 Matth.
591 2397 639 2422 vn
658 2385 689 2433 *,
717 2386 819 2433 quod
839 2386 945 2421 Deus
963 2385 1027 2421 dat
1046 2384 1216 2432 spiritum
1233 2385 1374 2422 bonum

78 2450 108 2474 ¹³·
129 2423 190 2447 ἐφ’
219 2435 227 2446 ’
281 2434 287 2439 ’
311 2438 520 2488 petentibus
541 2450 591 2475 se.
622 2438 700 2475 Sed
718 2438 808 2475 illud
828 2438 867 2474 in
886 2437 996 2474 nobis
1016 2448 1098 2474 esse
1118 2436 1252 2474 dicitur
1269 2438 1374 2486 quod

318 2498 375 2539 est
402 2491 439 2528 in
463 2498 592 2528 nostra
610 2498 807 2540 potestate.
839 2491 939 2538 Ergo
959 2487 1108 2527 videtur
1127 2490 1230 2539 quod
1248 2490 1286 2527 in
1307 2488 1374 2527 no-

318 2551 392 2582 stra
421 2551 606 2593 potestate
635 2544 680 2581 sit
709 2543 952 2580 constitutum
981 2550 1022 2579 ut
1050 2555 1120 2579 nos
1149 2543 1196 2580 ad
1215 2543 1373 2591 gratiam

317 2609 599 2646 praeparemus.

373 2651 407 2686 3.
432 2651 671 2698 PRAETEREA,
702 2650 731 2686 si
759 2651 879 2686 homo
911 2648 1053 2695 indiget
1079 2648 1196 2695 gratia
1222 2649 1271 2686 ad
1298 2650 1373 2686 hoc

317 2703 422 2750 quod
449 2709 650 2750 praeparet
673 2714 714 2738 se
733 2702 781 2739 ad
801 2702 971 2749 gratiam,
999 2700 1080 2749 pari
1107 2701 1251 2739 ratione
1278 2701 1373 2739 indi-

316 2754 418 2802 gebit
445 2753 561 2802 gratia
589 2753 638 2791 ad
665 2755 740 2791 hoc
767 2754 872 2803 quod
899 2761 1099 2803 praeparet
1126 2765 1166 2790 se
1194 2754 1243 2791 ad
1269 2754 1372 2792 illam

316 2806 486 2855 gratiam,
503 2814 540 2843 et
558 2806 612 2844 sic
628 2807 900 2856 procederetur
917 2806 956 2843 in
973 2805 1179 2844 infinitum:
1195 2807 1300 2856 quod
1319 2815 1375 2845 est

317 2859 602 2897 inconveniens.
631 2859 734 2907 Ergo
754 2859 903 2897 videtur
921 2859 1098 2896 standum
1118 2859 1155 2896 in
1174 2860 1313 2908 primo,
1332 2868 1374 2898 ut

317 2911 456 2949 scilicet
491 2913 610 2949 homo
647 2912 727 2949 sine
763 2912 879 2960 gratia
915 2911 1034 2961 possit
1065 2924 1106 2949 se
1139 2912 1188 2949 ad
1215 2913 1372 2960 gratiam

315 2976 555 3014 praeparare.

368 3029 406 3064 4.
426 3018 659 3064 PRAETEREA,
679 3018 791 3054 Prov.
812 3029 872 3054 xV1
890 3016 910 3039 ²¹⁸
938 3016 1086 3054 dicitur:
1114 3018 1294 3055 Hominis·
1321 3024 1374 3055 est

312 3082 548 3119 praeparare
574 3071 756 3107 animum.
791 3070 869 3107 Sed
900 3069 992 3107 illud
1019 3069 1154 3106 dicitur
1185 3077 1268 3108 esse
1300 3071 1369 3108 ho-

315 3124 429 3162 minis
464 3123 571 3172 quod
606 3135 674 3172 per
708 3123 877 3171 seipsum
913 3129 1049 3170 potest.
1087 3122 1188 3170 Ergo
1223 3122 1373 3161 videtur

316 3177 420 3226 quod
447 3177 568 3213 homo
606 3188 675 3224 per
711 3175 878 3224 seipsum
914 3187 956 3211 se
986 3174 1106 3223 possit
1138 3174 1186 3212 ad
1213 3176 1371 3223 gratiam

314 3241 552 3279 praeparare.

369 3283 443 3320 Sat>
472 3293 617 3319 CONTRA
642 3292 708 3318 Esr
727 3281 831 3330 quod
851 3280 983 3318 dicitur
1004 3281 1106 3316 Ioan.
1126 3291 1162 3316 v1
1180 3278 1218 3316 *τ
1246 3280 1371 3317 Nemo

307 3341 432 3384 potest
455 3335 584 3372 venire
611 3334 662 3372 ad
683 3346 755 3380 me,
775 3333 848 3377 nisi
862 3334 986 3378 Pater,
1007 3332 1073 3381 qui
1089 3331 1188 3368 misit
1204 3344 1276 3379 me,
1296 3338 1372 3369 tra-

312 3389 414 3425 xerit
439 3401 538 3426 eum.
569 3388 607 3424 Si
636 3395 765 3424 autem
798 3387 918 3424 homo
946 3385 1114 3434 seipsum
1145 3396 1370 3434 praeparare

40 2479 59 2496 Ι

75 3027 86 3038 '
101 3027 170 3050 Vera.
186 3033 202 3049 ι.

75 3291 85 3300 “
99 3289 167 3312 Vm.
181 3297 220 3317 44.

367 3501 395 3535 α)
414 3508 450 3540 se.
469 3515 487 3522 ·-
505 3501 592 3526 homo.
611 3501 708 3526 addunt
726 3500 774 3525 Pa.

2418 186 2493 222 299

1435 305 1672 353 implendum
1686 306 1868 343 mandata
1883 305 1974 353 legis
1993 305 2205 342 secundum
2221 305 2391 344 debitum
2411 319 2493 344 mo-

1436 357 1540 404 dum,
1558 369 1627 406 per
1648 369 1765 406 quem
1790 369 1926 395 eorum
1946 357 2114 407 impletio
2135 366 2192 395 est
2210 358 2413 406 meritoria,
2435 373 2492 397 re-

1436 409 1592 457 quiritur
1619 410 1748 458 gratia.

1488 463 1547 498 An
1561 474 1719 500 TER'HUM
1739 474 1922 500 DICENDUM
1938 463 2042 512 quod
2061 463 2224 501 obiectio
2242 464 2304 501 illa
2321 465 2494 513 procedit

1436 513 1483 550 de
1515 515 1593 550 fine
1625 515 1769 552 homini
1804 516 2048 553 connaturali.
2083 517 2230 554 Natura
2263 525 2390 554 autem
2422 519 2492 555 hu-

1436 577 1562 613 mana,
1584 579 1628 603 ex
1656 568 1730 604 hoc
1757 568 1841 616 ipso
1870 569 1974 617 quod
1998 569 2160 606 nobilior
2188 577 2261 617 est,
2290 578 2414 618 potest
2441 571 2490 608 ad

1435 618 1605 655 altiorem
1634 620 1751 657 finem
1771 621 1939 669 perduci,
1960 622 2092 658 saltem
2113 622 2249 659 auxilio
2269 623 2420 670 gratiae,
2442 624 2490 661 ad

1436 683 1551 719 quem
1579 671 1773 709 inferiores
1805 681 1959 710 naturae
1993 675 2095 711 nullo
2129 676 2246 712 modo
2279 676 2490 724 pertingere

1434 731 1604 771 possunt.
1632 724 1736 761 Sicut
1758 726 1877 762 homo
1907 734 1963 763 est
1989 727 2123 764 melius
2143 727 2346 776 dispositus
2365 729 2414 766 ad
2431 741 2490 766 sa-

1436 775 1589 813 nitatem
1625 777 1689 825 qui
1727 778 1914 827 aliquibus
1951 780 2095 816 auxiliis
2123 780 2333 818 medicinae
2366 789 2490 830 potest

1435 829 1631 866 sanitatem
1651 830 1846 877 consequi,
1867 843 1983 878 quam
2002 832 2062 868 ille
2082 833 2146 881 qui
2166 834 2269 869 nullo
2289 835 2424 880 modo;
2449 842 2489 871 ut

1435 882 1689 930 Philosophus
1717 882 1918 920 introducit
1943 884 1981 921 in
2010 886 2039 921 II
2070 886 2115 921 de
2146 886 2258 922 Caelo
2274 891 2288 914 Υ
2307 886 2337 923 *.
2518 848 2728 921 {ffittfffiztsftfiz

993 1065 1323 1109 commentar-ia
1344 1064 1593 1097 cardinalis
1615 1066 1813 1098 Caietam

1432 1154 1582 1189 secundo,
1601 1155 1638 1183 de
1656 1153 1837 1184 necessitate
1854 1154 1967 1193 gratiae
1985 1162 2125 1194 respectu
2143 1156 2244 1187 meriti
2268 1157 2307 1186 ad
2322 1157 2418 1187 vitam
2440 1167 2489 1188 ae-

1431 1204 1560 1227 ternam.
1578 1197 1741 1237 Incognito
1755 1208 1892 1238 namque
1908 1198 2030 1235 merito,
2044 1209 2108 1229 non
2124 1200 2215 1239 plene
2228 1201 2370 1241 quaestio
2383 1201 2487 1232 scitur.

1065 1319 1068 1323 ⁴
1131 1349 1447 1392 ARTICULUS
1478 1351 1685 1392 SEXTUS

603 1453 756 1484 UTRUM
781 1452 909 1483 HOMO
933 1452 1079 1484 POSSIT
1102 1451 1278 1483 SEIPSUM
1301 1451 1359 1481 AD
1384 1451 1579 1482 GRATIAM
1603 1452 1884 1482 PRAEPARARE
1908 1453 1989 1483 PER
2012 1453 2203 1491 SEIPSUM,

982 1494 1150 1539 ABSQUE
1172 1494 1406 1526 EXTERIORI
1430 1495 1607 1526 AUXILIO
1632 1495 1822 1526 GRATIAE

376 1577 443 1601 Part.
456 1577 472 1605 Ι,
488 1584 531 1608 qu.
546 1583 606 1606 un,
620 1581 666 1600 art.
681 1583 708 1605 23
723 1575 742 1600 11
757 1575 839 1604 Sent„
855 1575 913 1599 dist.
928 1582 952 1604 ν,
966 1583 1010 1607 qu.
1025 1582 1052 1603 u,
1067 1579 1113 1599 art.
1131 1581 1156 1604 13
1170 1574 1228 1609 dist.
1242 1581 1327 1602 xxvu1‚
1342 1578 1386 1598 art.
1400 1581 1430 1605 4;
1446 1574 1486 1603 IV,
1501 1574 1561 1598 dist.
1575 1581 1634 1604 xvu,
1651 1582 1695 1606 qu.
1710 1581 1727 1604 1,
1741 1579 1787 1598 art.
1803 1581 1826 1604 2,
1841 1575 1890 1606 qua
1906 1581 1928 1606 2,
1944 1575 1975 1599 ad
1992 1582 2019 1606 2;
2034 1576 2063 1599 111
2082 1576 2156 1601 Cont.
2173 1578 2259 1607 Geni„
2274 1585 2329 1610 cap.
2343 1586 2428 1608 cxi-1x;

571 1611 613 1636 De
635 1611 725 1639 Ver-it„
748 1614 874 1642 qu.·xx1V,
894 1615 939 1634 art.
963 1610 1006 1640 15:
1029 1609 1125 1640 Quodl.
1143 1609 1224 1641 1,-qu.
1242 1616 1276 1638 iv,
1296 1613 1342 1633 art.
1363 1615 1391 1639 2;
1412 1609 1441 1633 In
1462 1609 1544 1638 Ioan„
1565 1617 1620 1640 cap.

1644 1617 1664 1638 ι,
1684 1609 1741 1633 lect.
1760 1617 1798 1640 νη
1817 1610 1860 1633 Ad
1881 1610 1969 1639 Hebr„
1990 1618 2044 1642 cap.
2063 1619 2106 1641 xu,
2127 1613 2183 1636 lect.
2201 1620 2238 1636 111.

1428 1705 1577 1746 posset,
1608 1709 1686 1734 non
1720 1705 1912 1746 oporteret
1945 1699 2050 1746 quod
2082 1699 2130 1736 ab
2164 1699 2236 1736 alio
2266 1701 2484 1739 traheretur.

1429 1751 1530 1798 Ergo
1559 1750 1679 1787 homo
1708 1762 1787 1788 non
1810 1758 1935 1799 potest
1953 1763 1994 1788 se
2013 1764 2240 1801 praeparare
2260 1753 2309 1790 ad
2327 1754 2485 1801 gratiam

1430 1803 1573 1850 absque
1602 1802 1740 1840 auxilio
1768 1803 1919 1851 gratiae.

1483 1857 1707 1892 RESPONDEO
1735 1867 1919 1893 mcENDUM
1947 1857 2052 1905 quod
2080 1857 2218 1905 duplex
2245 1866 2302 1895 est
2328 1871 2498 1908 praepa--

1430 1908 1522 1945 ratio
1542 1908 1746 1945 voluntatis
1766 1909 1958 1945 humanae
1979 1909 2027 1946 ad
2046 1910 2204 1947 bonum.
2226 1911 2310 1948 Una
2329 1911 2484 1959 quidem

1429 1973 1506 2009 qua
1532 1968 1778 2010 praeparatur
1805 1962 1852 1998 ad
1882 1962 1979 1998 bene
2009 1964 2247 2011 operandum
2278 1971 2313 2000 et
2333 1965 2380 2002 ad
2400 1966 2484 2002 Deo

1429 2014 1640 2051 fruendum.
1670 2014 1719 2051 Et
1737 2014 1819 2051 talis
1837 2015 2076 2064 praeparatio
2094 2015 2300 2053 voluntatis
2319 2029 2398 2054 non
2415 2030 2485 2066 po-

1429 2074 1499 2103 test
1517 2067 1597 2103 fieri
1619 2067 1698 2103 sine
1713 2067 1892 2103 habituali
1906 2067 2044 2115 gratiae
2065 2068 2181 2115 dono,
2197 2069 2302 2117 quod
2321 2069 2367 2106 sit
2384 2070 2485 2118 prin-

1431 2119 1569 2168 cipium
1599 2119 1725 2168 operis
1753 2119 1950 2167 meritorii,
1979 2128 2020 2157 ut
2047 2121 2191 2158 dictum
2221 2129 2276 2158 est
2299 2121 2330 2159 *.
2351 2143 2375 2150 -
2399 2123 2484 2159 Alio
2514 2132 2587 2153 ‘Art-
2604 2132 2708 2159 praeced-

1429 2172 1547 2209 modo
1577 2179 1700 2220 potest
1732 2172 1884 2220 intelligi
1912 2174 2151 2221 praeparatio
2180 2175 2382 2212 voluntatis
2415 2177 2485 2212 hu-

1429 2237 1565 2262 manae
1585 2225 1633 2262 ad
1654 2225 1966 2274 consequendum
1982 2225 2107 2274 ipsum
2128 2226 2267 2274 gratiae
2286 2227 2485 2265 habitualis

1430 2278 1587 2315 donum.
1617 2278 1678 2316 Ad
1705 2277 1780 2314 hoc
1808 2285 1937 2315 autem
1965 2278 2070 2327 quod
2098 2287 2299 2328 praeparet
2327 2292 2366 2316 se
2393 2286 2409 2302 ‘²
2437 2281 2484 2318 ad
2612 2290 2627 2306 α

1430 2330 1710 2379 susceptionem
1729 2330 1842 2368 huius
1862 2330 1964 2378 doni,
1984 2343 2063 2369 non
2082 2339 2231 2380 oportet
2251 2345 2485 2382 praesuppo-

1428 2396 1517 2421 nere
1546 2383 1700 2432 aliquod
1734 2383 1834 2420 aliud
1869 2383 2015 2420 donum
2052 2382 2243 2422 habituale
2270 2385 2309 2422 in
2337 2386 2483 2433 anima,

1430 2437 1516 2485 quia
1545 2436 1596 2473 sic
1623 2436 1893 2484 procederetur
1919 2437 1959 2473 in
1991 2437 2200 2474 infinitum:
2235 2438 2302 2474 sed
2336 2446 2485 2487 oportet

1427 2488 1683 2538 praesupponi
1711 2489 1868 2537 aliquod
1895 2489 2075 2526 auxilium
2103 2490 2303 2538 gratuitum
2332 2491 2404 2528 Dei
2430 2491 2485 2528 in-

1428 2542 1541 2579 terius
1570 2541 1736 2578 animam
1765 2542 1968 2590 moventis,
1998 2541 2077 2579 sive
2097 2542 2310 2591 inspirantis
2338 2544 2483 2580 bonum

1428 2594 1666 2644 propositum
1685 2593 1716 2631 ³¹².
1748 2594 1816 2631 His
1837 2594 1938 2632 enim
1957 2595 2108 2632 duobus
2127 2595 2252 2632 modis
2271 2595 2483 2644 indigemus
2511 2604 2522 2615 ⁸
2538 2604 2565 2625 D·
2581 2603 2630 2631 ⁶85-

1428 2647 1564 2700 auxilio
1594 2647 1736 2694 divino,
1765 2654 1806 2683 ut
1834 2659 1947 2696 supra
1965 2647 1986 2669 *
2013 2647 2154 2684 dictum
2183 2655 2250 2684 est.
2513 2657 2521 2665 ·
2536 2657 2586 2677 Art·
2601 2662 2620 2683 2,
2635 2662 2656 2684 3-

1481 2700 1597 2747 Quod
1612 2707 1740 2736 autem
1755 2700 1802 2737 ad
1817 2700 1892 2736 hoc
1906 2700 2142 2747 indigeamus
2161 2700 2298 2737 auxilio
2314 2701 2386 2737 Dei
2401 2713 2484 2738 mo-

1427 2753 1561 2800 ventis,
1583 2752 1826 2789 manifestum
1847 2759 1912 2789 est.
1933 2753 2101 2789 Necesse
2121 2760 2176 2789 est
2195 2753 2307 2800 enim,
2335 2765 2422 2790 curn
2443 2765 2483 2790 o-

1428 2818 1517 2843 mne
1537 2817 1652 2853 agens
1672 2812 1756 2852 agat
1773 2802 1929 2854 propter
1951 2805 2080 2852 finem,
2101 2805 2207 2853 quod
2226 2805 2350 2843 omnis
2370 2818 2483 2843 causa

1429 2866 1637 2904 convertat,
1651 2870 1740 2894 suos
1769 2857 1924 2894 effectus
1944 2858 1993 2895 ad
2013 2870 2125 2895 suum
2144 2858 2274 2895 finem.
2304 2859 2353 2896 Et
2380 2859 2482 2906 ideo,

1428 2924 1515 2948 cum
1531 2910 1742 2948 secundum
1753 2910 1927 2947 ordinem
1942 2910 2132 2958 agentium
2147 2910 2229 2948 sive
2243 2911 2482 2948 moventium

1428 2964 1474 3001 sit
1487 2964 1582 3001 ordo
1597 2963 1744 3010 finium,
1757 2975 1912 3000 necesse
1923 2971 1979 3000 est
1992 2963 2096 3011 quod
2112 2963 2160 2999 ad
2174 2963 2348 3000 ultimum
2362 2964 2482 3001 finem

1429 3023 1670 3054 convertatur
1692 3017 1811 3052 homo
1831 3027 1899 3064 per
1916 3015 2126 3052 motionem
2145 3015 2259 3064 primi
2277 3016 2480 3064 moventis,

1428 3070 1476 3107 ad
1503 3070 1622 3106 finem
1651 3076 1778 3105 autem
1810 3068 2028 3117 proximum
2062 3080 2132 3116 per
2167 3068 2379 3105 motionem
2417 3069 2482 3106 ali-

1428 3122 1533 3159 cuius
1552 3121 1771 3158 inferiorum
1790 3120 2049 3157 moventium:
2078 3121 2173 3158 sicut
2187 3121 2335 3159 animus
2355 3121 2481 3159 militis

1428 3173 1660 3211 convertitur
1678 3173 1724 3209 ad
1745 3173 2007 3221 quaerendum
2026 3173 2223 3210 victoriam
2245 3186 2290 3210 ex
2311 3174 2482 3212 motione

1428 3226 1533 3264 ducis
1563 3225 1763 3272 exercitus,
1792 3225 1841 3262 ad
1869 3227 2108 3273 sequendum
2142 3233 2271 3263 autem
2299 3227 2484 3264 vexillum

1427 3278 1582 3316 alicuius
1601 3277 1694 3314 aciei
1714 3290 1759 3314 ex
1787 3278 1957 3315 motione
1976 3278 2128 3316 tribuni.
2158 3279 2220 3316 Sic
2240 3278 2361 3327 igitur,
2392 3291 2480 3316 cum

1426 3333 1532 3368 Deus
1552 3331 1597 3367 sit
1615 3330 1783 3380 primum
1805 3342 1968 3368 movens
1988 3331 2214 3380 simpliciter,
2236 3343 2280 3369 ex
2299 3331 2380 3370 eius
2398 3345 2480 3369 mo-

1426 3383 1528 3420 tione
1558 3391 1613 3420 est
1635 3383 1740 3432 quod
1769 3383 1899 3421 omnia
1922 3383 1960 3421 in
1985 3384 2111 3433 ipsum
2137 3392 2405 3422 convertantur
2423 3397 2480 3423 se-
