2840 4010
29 746 40 757 *⁹
49 745 100 767 Art.
111 750 131 771 ις
141 749 182 772 qu.
192 749 240 767 xxi,

29 775 72 794 nrt.
87 777 104 793 ι.

32 853 242 877 ·S.Th.lect.xxn.

23 1054 47 1071 ’”
71 1059 128 1082 Loe.
155 1057 196 1079 eit.
220 1057 243 1078 in

23 1090 112 1124 7⁸¹⁸·ss-

0 1188 7 1238 ξ’
33 1218 154 1246 ‚aaa

34 1271 47 1284 ⁸
61 1271 110 1300 Qu.
124 1277 144 1298 ι,
158 1273 201 1293 m.
214 1277 231 1293 1.

42 3198 51 3208 ·
63 3197 156 3227 nycte.
172 3198 211 3221 ub.
222 3199 251 3226 ιι,

41 3229 192 3274 &mitet
205 3226 251 3274 Ξῖ.

0 3712 26 3954 ..mv-mmer-

930 186 1194 231 QUAESTIO
1225 186 1365 232 LXXI,
1394 185 1689 222 ARTICULUS
1717 185 1767 221 Vl
2411 196 2434 231 9

263 266 406 304 mentio
437 265 484 303 de
512 264 711 302 aversione
741 276 763 300 a
791 263 918 300 debito
938 264 1026 301 fine.
1058 266 1159 312 Ergo
1180 264 1323 301 insuffi-

265 320 405 356 cienter
433 317 610 355 definitur
638 322 655 338 α
683 325 893 366 peccatum.
1202 328 1206 331 ·

315 383 353 418 4.
381 371 614 418 PRAETER-EA,
645 381 690 406 ex
717 370 792 406 hoc
820 369 953 406 dicitur
977 369 1117 417 aliquid
1137 380 1217 405 esse
1238 380 1323 416 pro-

264 423 447 470 hibitum,
477 423 567 471 quia
595 423 667 470 legi
696 422 952 460 contrariatur.
982 422 1058 458 Sed
1086 433 1164 458 non
1193 420 1323 456 omnia

264 483 420 526 peccata
448 484 534 513 sunt
562 477 662 513 mala
691 476 780 524 quia
807 474 1007 524 prohibita,
1036 474 1103 510 sed
1132 472 1321 520 quaedam

266 537 354 566 sunt
379 529 569 578 prohibita
591 529 681 578 quia
704 529 816 565 mala.
845 527 938 563 Non
961 538 1050 573 ergo
1069 525 1108 561 in
1127 524 1323 561 communi

267 582 486 620 definitione
519 582 663 630 peccati
696 579 825 618 debuit
851 578 942 627 poni
981 577 1084 626 quod
1117 577 1163 614 sit
1195 585 1325 614 contra

267 636 390 683 legem
419 635 503 672 Dei.

326 689 358 725 5.
387 689 620 732 Pmram,
648 691 849 733 peccatum
877 682 1059 730 significat
1087 683 1231 719 malurn
1259 683 1326 719 ho-

270 741 381 778 minis
402 748 538 786 actum,
560 746 600 775 ut
619 749 663 773 ex
684 736 790 773 dictis
807 735 827 757 '¹‘
854 743 967 784 patet.
998 736 1075 772 Sed
1098 735 1241 772 malum
1263 736 1326 772 ho-

223 798 228 804 ’
269 794 380 831 minis
403 799 457 830 est
473 796 603 828 contra
630 789 814 825 rationem
833 800 921 834 esse,
941 796 982 824 ut
1001 788 1207 837 Dionysius
1228 787 1326 834 dicit,

271 858 306 883 1v
335 857 415 894 cap.
445 845 491 880 de
516 843 603 879 Div.
624 842 741 878 Nom.
761 841 782 862 ‘¹‘
809 841 911 889 Ergo
939 841 1064 889 potius
1098 841 1226 878 debuit
1255 840 1326 878 dici

271 897 375 948 quod
401 903 600 945 peccatum
629 894 675 931 sit
703 901 833 931 contra
861 894 1057 942 rationem,
1086 906 1203 943 quarn
1223 894 1327 942 quod

269 955 469 999 peccatum
497 947 544 984 sit
572 955 703 984 contra
730 947 853 995 legem
882 954 1087 984 aeternam.

324 1002 364 1038 IN
393 1012 626 1038 CONTRARmM
654 1000 792 1037 sufficit
824 1000 1024 1036 auctoritas
1052 999 1260 1047 Augustini.

325 1054 549 1091 RESPONDEO
573 1065 757 1090 DICENDUM
785 1053 901 1100 quod,
923 1053 1018 1089 sicut
1040 1063 1084 1088 ex
1105 1051 1211 1089 dictis
1226 1051 1246 1073 '¹‘
1264 1064 1329 1100 pa-

271 1113 335 1155 tet,
355 1113 554 1156 peccatum
574 1106 664 1142 nihil
689 1106 789 1142 aliud
809 1114 865 1142 est
884 1117 999 1154 quam
1019 1111 1124 1141 actus
1137 1105 1329 1141 humanus

271 1159 405 1197 malus.
444 1159 560 1206 Quod
594 1166 720 1196 autem
753 1158 886 1208 aliquis
914 1165 1018 1195 actus
1046 1157 1091 1195 sit
1118 1158 1328 1204 humanus,

272 1212 388 1250 habet
420 1225 465 1248 ex
497 1213 571 1251 hoc
609 1211 713 1261 quod
748 1219 803 1248 est
833 1210 1068 1249 voluntarius
1092 1209 1132 1258 ³¹⁵,
1163 1211 1257 1247 sicut
1285 1223 1330 1247 ex

252 1265 495 1314 ,supradictis
513 1265 533 1286 ’¹‘
560 1272 682 1313 patet:
720 1264 800 1302 sive
833 1265 878 1301 sit
908 1263 1142 1301 voluntarius
1174 1263 1280 1312 quasi
1309 1276 1330 1300 a

271 1318 465 1355 voluntate
495 1318 649 1364 elicitus,
670 1325 712 1354 ut
738 1317 864 1365 ipsum
892 1317 989 1354 velle
1009 1323 1046 1353 et
1065 1316 1220 1364 eligere3
1250 1316 1330 1353 sive

273 1371 381 1420 quasi
410 1383 432 1407 a
458 1371 652 1408 voluntate
682 1370 900 1418 imperatus,
929 1377 970 1406 ut
997 1369 1199 1406 exteriores
1227 1376 1332 1406 actus

273 1424 335 1460 vel
362 1424 561 1460 locutionis
578 1423 640 1459 vel
663 1423 904 1471 operationis.
935 1422 1061 1459 Habet
1079 1429 1207 1459 autem
1228 1429 1332 1459 actus

273 1476 465 1514 humanus
493 1476 597 1524 quod
625 1476 672 1512 sit
699 1477 833 1522 malus,
864 1488 908 1512 ex
937 1488 983 1512 eo
1011 1475 1116 1523 quod
1145 1482 1246 1511 caret
1267 1475 1332 1512 de-

274 1528 351 1566 bita
370 1529 755 1566 commensuratione.
787 1529 924 1565 Omnis
943 1535 1071 1565 autem
1091 1540 1332 1564 commensu-

273 1581 368 1618 ratio
406 1582 678 1629 cuiuscumque
708 1582 760 1618 rei
793 1581 995 1619 attenditur
1030 1593 1100 1629 per
1136 1593 1333 1629 compara-

273 1633 418 1671 tionem
446 1635 495 1671 ad
523 1635 690 1682 aliquam
725 1635 910 1682 regulam,
940 1647 962 1671 a
990 1646 1065 1683 qua
1093 1634 1123 1670 si
1153 1634 1332 1681 divertat,

273 1685 622 1724 incommensurata
659 1687 738 1724 erit.
778 1689 923 1736 Regula
964 1694 1092 1724 autem
1129 1687 1333 1724 voluntatis

273 1739 466 1777 humanae
496 1748 551 1778 est
579 1741 736 1789 duplex:
767 1753 843 1777 una
862 1740 1076 1790 propinqua
1096 1747 1132 1776 et
1151 1740 1333 1788 homoge-

273 1804 368 1840 nea‚
398 1793 536 1830 seilicet
571 1794 653 1842 ipsa
688 1795 858 1830 humana
892 1793 1006 1839 ratio;
1041 1793 1112 1829 alia
1147 1805 1242 1830 vero
1280 1801 1334 1830 est

273 1845 398 1895 prima
426 1847 565 1894 regula,
596 1846 735 1884 scilicet
761 1847 819 1883 lex
849 1854 1012 1894 aeterna,
1032 1858 1130 1895 quae
1151 1853 1206 1882 est
1225 1846 1333 1895 quasi

275 1899 368 1936 ratio
396 1899 480 1936 Dei.
502 1900 551 1936 Et
578 1899 665 1937 ideo
686 1900 918 1947 Augustinus
950 1900 989 1936 in
1009 1898 1227 1936 definitione
1247 1911 1333 1948 pec-

275 1952 347 1989 cati
365 1952 492 2001 posuit
519 1953 617 1990 duo:
647 1965 768 1989 unum
794 1953 897 2001 quod
917 1952 1076 2001 pertinet
1095 1952 1142 1988 ad
1163 1953 1334 1989 substan-

274 2004 366 2042 tiam
391 2013 495 2042 actus
523 2006 694 2052 humani,
723 2006 829 2053 quod
858 2014 914 2042 est
941 2005 1047 2054 quasi
1076 2005 1266 2041 materiale
1296 2005 1333 2041 in

274 2065 445 2106 peccato,
476 2070 564 2095 cum
595 2059 703 2105 dixit,
733 2059 870 2095 dictum
898 2060 958 2095 vel
977 2060 1129 2107 factum
1157 2058 1217 2094 vel
1248 2070 1333 2094 con-

275 2111 462 2158 cupitum,·
491 2111 593 2148 aliud
621 2119 748 2148 autem
778 2112 881 2160 quod
900 2111 1061 2160 pertinet
1080 2111 1128 2148 ad
1149 2110 1334 2147 rationem

274 2163 385 2210 mali,
415 2165 519 2212 quod
553 2171 608 2201 est
642 2164 748 2213 quasi
781 2165 937 2201 formale
971 2164 1008 2201 in
1041 2171 1215 2213 peccato,
1246 2176 1334 2200 cum

277 2215 387 2262 dixit,
417 2222 548 2253 contra
577 2217 698 2267 legem
726 2223 930 2254 aeternam.

327 2270 386 2305 AD
415 2281 551 2307 PRIMUM
579 2282 677 2307 ERGO
706 2282 889 2307 DICENDUM
923 2270 1027 2318 quod
1061 2269 1263 2307 affirmatio
1299 2276 1335 2305 et

1379 264 1527 312 negatio
1556 264 1788 301 reducuntur
1815 264 1864 301 ad
1894 263 1995 300 idern
2024 275 2164 311 genus:
2194 263 2289 299 sicut
2316 262 2353 299 in
2383 262 2436 299 di-

1377 317 1475 354 vinis
1494 317 1662 367 genitum
1687 323 1723 353 et
1747 316 1952 366 ingenitum
1978 316 2026 353 ad
2046 316 2279 363 relationem,
2300 323 2341 352 ut
2359 317 2435 351 Au-

1378 370 1545 417 gustinus
1570 369 1668 416 dicit,
1693 369 1731 406 in
1750 370 1784 406 V
1803 369 1849 406 de
1871 370 1907 406 T
1902 370 1974 406 rin.
1994 368 2014 390 '¹‘
2033 369 2082 405 Et
2099 368 2186 405 ideo
2205 381 2276 417 pro
2297 368 2435 405 eodem

1379 430 1434 458 est
1470 422 1732 470 accipiendum
1765 422 1902 458 dictum
1938 429 1974 458 et
2001 434 2075 458 non
2107 422 2265 467 dictum,
2281 423 2434 469 factum

1380 481 1415 509 et
1443 486 1516 510 non
1532 476 1697 521 factum.

1432 528 1490 561 AD
1519 538 1707 563 SECUNDUM
1735 539 1917 564 DlCENDUM
1941 526 2045 576 quod
2072 526 2196 575 prima
2217 539 2329 563 causa
2350 539 2435 575 pec—

1381 578 1451 614 cati
1482 585 1536 614 est
1564 578 1603 614 in
1629 580 1835 626 voluntate,
1864 592 1963 628 quae
1992 579 2152 627 imperat
2177 591 2312 616 omnes
2331 586 2436 615 actus

1380 630 1627 677 voluntarios,
1648 630 1686 667 in
1705 631 1842 679 quibus
1865 633 1988 669 solum
2008 632 2197 669 invenitur
2215 640 2434 681 peccatum:

1382 691 1417 719 et
1446 682 1533 719 ideo
1561 683 1792 730 Augustinus
1821 685 2051 733 quandoque
2072 697 2140 733 per
2160 686 2280 722 solam
2300 686 2436 722 volun-

1381 743 1495 772 tatem
1525 735 1657 772 definit
1682 743 1893 784 peccatum.
1925 738 2000 774 Sed
2029 738 2117 785 quia
2142 738 2253 774 etiam
2277 738 2346 786 ipsi
2375 749 2435 774 ex-

1382 788 1536 825 teriores
1571 796 1674 825 actus
1707 788 1894 837 pertinent
1922 789 1970 825 ad
1998 790 2242 827 substantiam
2271 790 2436 839 peccati,

1384 853 1469 878 curn
1489 841 1561 877 sint
1589 841 1799 878 secundum
1821 853 1860 877 se
1885 841 1985 889 mali,
2005 850 2046 878 ut
2067 842 2206 879 dictum
2235 850 2289 879 est
2307 843 2342 889 *;
2372 855 2436 880 ne—

1384 906 1487 930 cesse
1516 893 1584 930 fuit
1615 894 1720 942 quod
1748 893 1786 930 in
1819 894 2037 931 definitione
2066 895 2208 943 peccati
2233 903 2438 943 poneretur

1384 946 1496 983 etiam
1525 946 1666 994 aliquid
1694 946 1884 995 pertinens
1913 947 1960 983 ad
1990 947 2191 984 exteriores
2215 955 2329 984 actus.

1435 1001 1494 1035 AD
1522 1011 1680 1036 TERTIUM
1708 1011 1890 1036 DmENDuM
1919 1000 2024 1048 quod
2052 1001 2109 1036 lex
2137 1008 2288 1036 aeterna
2312 1001 2436 1048 primo

1385 1059 1420 1088 et
1447 1051 1698 1100 principaliter
1726 1052 1875 1088 ordinat
1901 1052 2099 1089 hominem
2128 1054 2176 1090 ad
2200 1053 2330 1100 finem,
2351 1066 2438 1089 con-

1384 1112 1585 1153 sequenter
1608 1112 1735 1141 autem
1756 1105 1840 1141 facit
1863 1105 2060 1142 hominem
2080 1104 2094 1134 β
2113 1106 2211 1142 bene
2240 1118 2280 1142 se
2298 1106 2438 1142 habere

1385 1158 1482 1194 circa
1501 1170 1546 1194 ea
1561 1170 1659 1206 quae
1675 1165 1761 1194 sunt
1779 1158 1828 1194 ad
1842 1158 1971 1194 finem.
1988 1159 2036 1194 Et
2054 1156 2141 1194 ideo
2161 1158 2199 1194 in
2216 1158 2291 1194 hoc
2305 1164 2320 1186 Υ
2336 1159 2438 1207 quod

1384 1211 1472 1248 dicit
1499 1216 1630 1247 contra
1659 1210 1779 1260 legem
1798 1216 2003 1256 aeternam,
2023 1211 2136 1258 tangit
2160 1211 2397 1248 aversionem
2418 1223 2439 1248 a

1385 1264 1474 1310 fine,
1504 1271 1540 1300 et
1568 1275 1702 1300 omnes
1730 1263 1820 1300 alias
1847 1263 2156 1300 inordinationes.

1438 1318 1496 1352 AD
1525 1328 1697 1358 QUARTUM
1725 1328 1907 1353 DICENDUM
1936 1317 2052 1364 quod,
2075 1329 2161 1353 cum
2183 1316 2317 1353 dicitur
2335 1317 2440 1364 quod

1386 1381 1464 1405 non
1497 1381 1612 1406 omne
1645 1376 1844 1417 peccatum
1882 1369 1970 1405 ideo
2009 1377 2064 1406 est
2095 1370 2239 1406 malum
2268 1369 2356 1417 quia
2385 1377 2440 1405 est

1385 1422 1630 1470 prohibitum,
1660 1421 1870 1469 intelligitur
1899 1421 1945 1458 de
1974 1421 2225 1470 prohibitione
2254 1422 2350 1458 facta
2372 1434 2441 1469 per

1386 1474 1443 1511 ius
1462 1475 1681 1523 positivum.
1712 1474 1752 1511 Si
1771 1482 1898 1510 autem
1918 1474 2100 1511 referatur
2116 1475 2163 1511 ad
2183 1475 2240 1511 ius
2260 1475 2439 1522 naturale,

1386 1528 1492 1575 quod
1521 1527 1730 1564 continetur
1756 1527 1881 1575 primo
1915 1527 2069 1575 quidem
2098 1527 2135 1563 in
2163 1528 2244 1574 lege
2273 1534 2440 1574 aeterna,

1387 1581 1612 1618 secundario
1645 1592 1738 1617 vero
1772 1580 1810 1616 in
1844 1580 2001 1616 naturali
2035 1579 2255 1616 iudicatorio
2289 1579 2442 1616 rationis

1387 1634 1589 1681 humanae,
1617 1641 1706 1670 tunc
1735 1645 1850 1669 omne
1877 1640 2076 1681 peccatum
2107 1640 2162 1669 est
2184 1633 2328 1669 malum
2353 1632 2442 1680 quia

1386 1687 1639 1734 prohibitum:
1670 1698 1715 1722 ex
1742 1686 1816 1722 hoc
1849 1685 1949 1722 enim
1977 1685 2060 1734 ipso
2089 1685 2194 1733 quod
2222 1693 2277 1722 est
2305 1684 2442 1722 inordi-

1387 1747 1530 1786 natum,
1559 1739 1630 1776 iuri
1658 1738 1815 1776 naturali
1844 1746 2038 1787 repugnat.

1440 1795 1498 1829 AD
1527 1804 1688 1834 Qumrum
1707 1803 1889 1828 morannum
1913 1791 2017 1839 quod
2042 1803 2063 1827 a
2082 1791 2266 1838 theologis
2286 1788 2299 1811 δ
2320 1790 2441 1826 consi—

1388 1845 1539 1882 deratur
1564 1852 1764 1894 peccatum
1793 1844 1995 1892 praecipue
2024 1843 2234 1880 secundum
2263 1843 2368 1890 quod
2388 1850 2443 1879 est

1388 1898 1534 1934 offensa
1562 1905 1693 1934 contra
1721 1898 1868 1934 Deum:
1899 1909 1920 1933 a
1947 1897 2177 1945 philosopho
2207 1903 2333 1932 autem
2361 1907 2442 1931 mo—

1388 1951 1466 1997 rali,
1487 1951 1697 1988 secundum
1721 1951 1826 1998 quod
1850 1949 2095 1986 contrariatur
2114 1949 2258 1985 rationi.
2289 1949 2338 1985 Et
2355 1948 2441 1985 ideo

1388 2004 1619 2051 Augustinus
1634 2002 1918 2040 convenientius
1939 2002 2068 2039 definit
2087 2010 2285 2050 peccatum
2306 2013 2350 2037 ex
2369 2002 2443 2037 hoc

1389 2057 1494 2104 quod
1523 2064 1578 2093 est
1605 2063 1735 2092 contra
1763 2056 1885 2103 legem
1912 2063 2123 2102 aeternam,
2153 2066 2268 2102 quarn
2295 2066 2340 2090 ex
2368 2054 2442 2090 hoc

1389 2109 1494 2158 quod
1514 2117 1569 2146 est
1597 2117 1726 2146 contra
1751 2108 1952 2145 rationem:
1974 2108 2176 2156 praecipue
2197 2119 2284 2143 cum
2305 2119 2372 2155 per
2391 2107 2443 2142 le-

1389 2174 1476 2210 gem
1506 2170 1697 2199 aeternam
1731 2161 1946 2209 regulemur
1973 2161 2011 2197 in
2039 2161 2166 2197 multis
2201 2172 2298 2208 quae
2337 2171 2444 2195 exce-

1390 2216 1484 2252 dunt
1512 2215 1696 2252 rationem
1725 2215 1946 2260 humanam,
1976 2214 2070 2250 sicut
2097 2213 2134 2250 in
2163 2213 2219 2249 his
2241 2224 2338 2261 quae
2359 2219 2444 2248 sunt

1390 2268 1491 2305 fidei.

327 2383 356 2453 a}
376 2384 510 2417 definitur.
527 2398 546 2402 -
565 2384 658 2416 definit
676 2384 727 2408 EF.

328 2419 342 2452 β
374 2420 514 2444 hominem.
531 2433 551 2438 -
569 2419 630 2444 Om.
651 2420 695 2443 Ρα.

1442 2382 1468 2415 γ)
1489 2383 1514 2406 in
1535 2383 1590 2407 hoc.
1609 2396 1627 2400 -
1645 2382 1693 2406 hoc
1712 2381 1762 2406 EF.

1442 2418 1467 2451 δ)
1488 2417 1623 2450 theologis.
1642 2431 1660 2435 -
1677 2416 1812 2442 catholicis
1832 2416 1882 2440 EF.

949 2497 1282 2531 Commentario.
1304 2496 1554 2530 Cardjnalis
1576 2495 1776 2528 Caietam

279 2588 326 2652 IN
347 2577 478 2609 articulo
495 2585 581 2608 sexto
598 2577 732 2607 dubium
749 2577 884 2607 occurrit
900 2587 936 2606 ex
954 2577 1106 2616 Gregorio
1123 2577 1162 2607 de
1177 2570 1333 2612 Arimino,

211 2629 216 2634 ·
242 2645 249 2651 .
305 2622 340 2653 in
356 2622 382 2652 11
398 2622 497 2659 Sem„
520 2622 589 2652 dist.
605 2631 695 2652 xxx1v
710 2621 736 2657 *‚
757 2622 882 2651 volente
906 2621 993 2661 quod
1017 2628 1181 2660 peccatum
1197 2621 1334 2661 proprie,

177 2671 184 2682 ⁷
241 2671 248 2677 ⁰
275 2676 342 2708 quo
358 2666 430 2707 quis
447 2665 560 2696 dicitur
583 2665 756 2696 formaliter
771 2675 913 2706 peccam,
939 2675 1004 2695 non
1028 2672 1074 2696 est
1095 2672 1192 2701 actus,
1217 2675 1274 2695 nec
1290 2671 1336 2695 est

276 2710 396 2750 aliquid
410 2710 609 2751 incomplexe
625 2708 835 2749 significabile.
857 2710 897 2739 Et
912 2709 974 2739 hoc
989 2710 1140 2748 probatur
1159 2709 1333 2749 dupliciter.

277 2753 402 2790 Primo,
426 2754 501 2794 quia
519 2760 685 2794 peccatum
709 2754 850 2784 consistit
873 2753 905 2783 in
929 2753 990 2783 hoc
1022 2753 1111 2793 quod
1138 2753 1250 2794 aliquis
1274 2753 1337 2792 agit

278 2805 386 2828 contra
409 2804 525 2828 rectam
541 2798 709 2828 rationem:
735 2798 790 2828 sed
805 2798 866 2828 hoc
890 2807 956 2827 non
971 2804 1017 2827 est
1032 2797 1092 2827 nisi
1116 2798 1278 2837 complexe
1295 2797 1335 2827 si-

276 2840 471 2882 gnificabile:
493 2851 578 2882 ergo.
593 2859 613 2864 -
628 2842 669 2872 Et
691 2842 766 2882 quia
781 2842 813 2871 in
829 2841 1001 2881 praeceptis
1024 2840 1216 2872 affirmativis
1237 2848 1268 2872 et
1283 2851 1336 2871 ne-

276 2885 387 2926 gativis
410 2885 618 2925 prohibentur
632 2892 767 2926 peccata,
785 2893 815 2916 et
830 2885 1024 2916 affirmantur
1047 2895 1159 2915 eorum
1176 2885 1333 2926 opposita,

277 2935 314 2960 ut
335 2936 430 2970 patet.
460 2929 522 2959 Sed
544 2929 577 2959 in
599 2929 647 2959 his
670 2930 738 2960 sola
769 2930 933 2970 complexe
963 2929 1166 2960 enuntiabilia
1189 2930 1336 2960 iubentur

278 2979 333 3004 aut
355 2973 579 3013 prohibentur:
605 2973 679 3013 quia
703 2983 776 3004 cum
796 2974 997 3014 praecipitur,
1014 2974 1086 3004 Non
1111 2974 1335 3010 moechaberis,

277 3026 336 3046 nec
359 3016 406 3046 vir
421 3027 479 3047 nec
500 3017 613 3047 mulier
638 3027 694 3048 nec
713 3024 800 3048 actus
820 3018 1013 3058 prohibetur,
1037 3018 1092 3048 sed
1115 3017 1215 3048 facere
1231 3024 1336 3048 actum

279 3060 536 3097 commixtionis;
560 3061 648 3101 quod
671 3062 740 3092 sola
763 3062 905 3092 oratione
928 3068 974 3092 est
997 3061 1196 3098 enuntiabile,
1221 3061 1336 3091 forma-

277 3103 359 3142 liter¹
370 3103 419 3134 vel
441 3104 681 3144 aequivalenter.

335 3147 372 3178 11.
396 3148 456 3178 Sed
487 3148 564 3177 haec
594 3147 738 3187 Gregorii
770 3149 932 3189 phantasia
955 3160 974 3179 a
996 3149 1071 3179 divo
1095 3148 1239 3186 Thoma,
1264 3155 1337 3189 post

278 3191 494 3231 Augustinum
518 3198 549 3222 et
571 3191 772 3222 Aristotelem
787 3191 815 3228 ὓ,
832 3193 1014 3229 excluditur,
1031 3193 1152 3224 dicente
1174 3193 1225 3223 hic
1247 3193 1337 3234 quod

278 3242 443 3276 peccatum
468 3235 512 3265 nil
536 3235 622 3265 aliud
637 3242 683 3266 est
699 3245 796 3276 quam
818 3242 906 3266 actus
929 3236 1088 3267 humanus
1113 3237 1225 3267 malus.
1250 3236 1336 3267 Con-

279 3286 339 3310 stat
362 3289 501 3320 namque
524 3279 611 3320 quod
635 3286 722 3310 actus
745 3279 905 3309 humanus
928 3279 1032 3310 malus
1055 3287 1102 3310 est
1115 3280 1192 3320 quid
1215 3280 1336 3311 incom-

279 3323 369 3363 plexe
392 3323 611 3363 significabile:
637 3322 828 3362 significatur
846 3333 984 3363 namque
1007 3322 1136 3353 infinitis
1153 3323 1336 3354 nominibus

278 3367 499 3407 incomplexis,
525 3374 560 3398 ut
583 3367 811 3403 fornicationis,
837 3366 1058 3406 blasphemiae,
1083 3373 1113 3397 et
1135 3366 1203 3396 aliis
1226 3367 1335 3397 huius-

278 3411 367 3441 modi
391 3412 583 3442 nominibus.
601 3412 767 3441 Peccatum
791 3421 939 3451 namque,
963 3421 1037 3441 cum
1060 3410 1273 3441 voluntarium
1298 3410 1337 3440 sit

278 3454 311 3485 in
335 3461 407 3494 actu
431 3456 570 3486 secundo
595 3455 766 3493 consistens
790 3455 964 3486 secundum
983 3454 1154 3490 veritatem,
1171 3460 1225 3484 aut
1240 3453 1336 3484 sumi-

279 3504 330 3529 tur
352 3499 561 3535 materialiter,
587 3506 640 3530 aut
657 3499 836 3535 formaliter,
854 3506 908 3529 aut
923 3509 982 3539 pro
998 3505 1066 3529 toto
1082 3497 1271 3538 composito.
1296 3497 1336 3527 Et

421 3562 530 3586 Sumam:
549 3561 649 3586 Taaor..
669 3561 699 3585 D.
714 3561 828 3585 Taomna
847 3560 878 3584 T.
899 3560 940 3584 IV.

1390 2577 1415 2606 si
1439 2576 1568 2616 quidem
1592 2575 1727 2605 sumitur
1750 2573 1958 2609 materialiter,
1984 2579 2106 2603 constat
2129 2572 2217 2612 quod
2233 2578 2319 2602 actus
2336 2581 2443 2602 secun-

1390 2621 1449 2650 dus
1473 2627 1527 2655 est,
1552 2619 1708 2659 quidquid
1724 2618 1763 2648 sit
1778 2618 1871 2648 illud:
1897 2624 1927 2647 et
1942 2623 2046 2656 potest
2062 2625 2091 2646 et
2113 2615 2313 2646 nominaliter
2334 2623 2363 2646 et
2379 2625 2443 2645 ver-

1390 2664 1497 2694 baliter
1512 2662 1693 2702 significari;
1719 2661 1882 2696 verbaliter
1901 2661 2031 2701 quidem
2047 2670 2102 2700 per
2117 2660 2250 2690 modum
2267 2666 2362 2694 actus,
2388 2669 2443 2688 no-

1389 2708 1545 2738 minaliter
1568 2714 1674 2737 autem
1698 2716 1754 2746 per
1776 2706 1911 2735 modum
1934 2704 2133 2735 substantiae.
2159 2704 2190 2734 Si
2214 2714 2287 2734 vero
2311 2703 2444 2733 sumitur

1389 2752 1577 2787 formaliter,
1603 2757 1725 2781 constat
1748 2750 1836 2790 quod
1860 2756 1906 2779 est
1929 2749 2075 2788 privatio,
2100 2758 2181 2788 quae
2209 2749 2321 2778 eodem
2344 2747 2442 2776 modo

1390 2803 1436 2826 est
1451 2795 1669 2835 significabilis.
1682 2795 1722 2824 Et
1737 2793 1878 2824 similiter
1894 2800 1999 2823 totum
2015 2792 2238 2831 compositum.
2250 2809 2269 2813 —
2282 2791 2341 2821 Sed
2356 2791 2443 2830 quod

1389 2840 1469 2870 forte
1498 2839 1624 2879 decipit,
1649 2846 1695 2869 est
1722 2838 1797 2878 quia
1819 2847 1885 2867 non
1909 2837 2092 2867 discernitur
2114 2836 2193 2866 inter
2222 2842 2385 2874 peccatum
2412 2834 2444 2863 in

1390 2891 1460 2915 actu
1485 2883 1618 2914 exercito
1642 2889 1672 2912 et
1694 2882 1727 2912 in
1750 2888 1822 2912 actu
1845 2881 1978 2921 signato,
2003 2887 2033 2911 et
2055 2887 2217 2920 peccatum
2240 2879 2272 2908 in
2296 2888 2340 2914 re,
2365 2878 2445 2908 idest

1391 2928 1567 2958 secundum
1590 2937 1632 2963 se,
1657 2933 1692 2957 ut
1715 2925 1874 2966 praevenit
1897 2924 2187 2964 significabilitatem
2209 2929 2384 2962 utramque.
2410 2922 2444 2951 ln

1390 2979 1462 3002 actu
1487 2981 1624 3011 namque
1648 2970 1781 3000 exercito
1806 2979 1871 2999 non
1895 2969 1954 2999 nisi
1977 2969 2072 2998 verbo
2090 2966 2296 3006 significatur;
2321 2966 2352 2995 in
2373 2972 2444 2996 actu

1390 3026 1465 3046 vero
1489 3016 1621 3055 signato,
1638 3013 1783 3045 nomine:
1809 3014 1863 3044 sed
1882 3012 2025 3053 quaestio
2044 3011 2268 3050 theologorum
2291 3017 2320 3040 et
2343 3009 2445 3049 philo-

1391 3061 1566 3100 sophorum
1591 3059 1630 3089 de
1653 3068 1686 3088 re
1709 3064 1764 3094 est,
1789 3064 1824 3087 ut
1839 3056 1987 3087 abstrahit
2002 3056 2040 3085 ab
2056 3055 2103 3084 his
2120 3053 2313 3094 significandi
2328 3053 2444 3084 modis.

1402 3095 1408 3101 ’
1446 3105 1487 3134 Et
1502 3114 1557 3144 per
1572 3103 1648 3133 haec
1671 3109 1756 3142 patet
1771 3100 1935 3140 responsio
1951 3100 1990 3129 ad
2006 3098 2135 3128 obiecta.
2161 3098 2290 3128 Falsum
2306 3106 2444 3138 namque

1392 3148 1560 3188 utrobique
1575 3146 1754 3181 assumitur,
1772 3145 1828 3175 nisi
1848 3145 1879 3174 in
1896 3150 1966 3174 actu
1983 3142 2126 3177 exercito,
2140 3151 2213 3172 cum
2230 3141 2343 3172 dicitur
2357 3141 2445 3181 quod

1390 3202 1480 3232 agere
1504 3198 1612 3222 contra
1634 3190 1802 3223 rationem,
1827 3188 1915 3228 quod
1938 3186 2106 3221 moechari,
2131 3192 2199 3222 etc„
2223 3195 2290 3215 non
2313 3185 2374 3215 sint
2396 3185 2444 3215 in-

1391 3236 1553 3276 complexe
1573 3233 1794 3273 significabilia.
1812 3249 1831 3254 —
1847 3231 1928 3261 Male
1951 3240 2081 3270 quoque
2105 3229 2272 3269 exponitur
2294 3228 2444 3268 Augusti·-

1390 3290 1450 3310 nus
1473 3280 1506 3309 in
1521 3277 1702 3308 definitione
1724 3276 1792 3311 ista,
1807 3275 1974 3305 Peccatum
1997 3279 2043 3304 est
2060 3274 2190 3310 dictum,
2197 3273 2326 3314 sactum
2343 3273 2369 3308 *,
2386 3272 2444 3303 nisi

1389 3322 1564 3353 verificetur
1583 3321 1671 3361 quod
1692 3326 1857 3359 peccatum
1877 3325 1922 3349 est
1938 3317 2042 3354 dictio,
2059 3317 2165 3355 factio,
2182 3317 2444 3357 concupiscentia,

1389 3366 1500 3396 volitio
1525 3371 1632 3395 contra
1656 3364 1757 3403 legem
1780 3363 1848 3393 Dei.

1446 3409 1497 3439 111.
1516 3409 1550 3438 ln
1570 3409 1683 3438 eodem
1706 3407 1847 3443 articulo,
1867 3416 1925 3446 pro
1942 3412 2061 3446 quanto
2078 3405 2128 3435 hic
2143 3411 2290 3436 tractatur
2305 3405 2382 3445 quid
2399 3412 2444 3435 est

1389 3459 1554 3493 peccatum
1577 3452 1608 3482 in
1633 3451 1815 3487 moralibus,
1834 3457 1863 3480 et
1879 3449 1992 3480 dicitur
2010 3449 2099 3490 quod
2121 3456 2168 3480 est
2191 3456 2277 3480 actus
2299 3449 2444 3479 volunta-

1390 3497 1454 3527 rius
1482 3496 1601 3532 malus,
1627 3495 1714 3531 scito,
1739 3495 1785 3525 vir
1809 3495 1909 3530 docte,
1934 3494 2036 3534 quod,
2063 3500 2098 3524 ut
2122 3503 2158 3523 ex
2182 3503 2276 3533 supra
2299 3493 2388 3524 dictis
2412 3492 2442 3522 in

2463 376 2471 384 ⁶
2486 376 2542 404 Cap.
2558 383 2590 403 vt,
2605 382 2644 398 vn.

2465 847 2473 855 ·
2487 846 2535 873 Qu.
2550 851 2588 872 xx,
2603 848 2645 866 art.
2657 850 2673 870 1,

2563 1104 2578 1138 ’W

2565 1782 2579 1806 01

2473 3277 2480 3284 ·
2497 3275 2532 3297 ef.
2548 3275 2616 3303 Greg.
2636 3276 2680 3297 loc.
