2840 4010
908 198 1172 245 QUAESTIO
1201 199 1376 245 LXXIX,
1405 197 1699 235 ARTICULUS
1729 196 1779 234 IV
2386 196 2430 232 81

272 283 308 313 et
329 287 496 325 poenam
526 275 793 314 damnatorum
822 276 971 314 ordinat
990 277 1027 313 in
1053 277 1210 324 gloriam
1239 289 1328 313 suae
1385 273 1686 313 misericordiae⁶
1702 282 1774 312 est:
1787 276 1891 324 quod
1905 282 2033 312 autem
2049 274 2260 312 excaecatio
2276 274 2436 311 aliorum
2560 279 2574 304 ὅ

271 327 444 365 iustitiae.
1385 328 1578 365 ordinetur
1605 328 1653 365 ad
1682 338 1815 365 eorum
1843 328 2144 375 damnationem,
2164 327 2322 364 iustitiae
2342 335 2397 364 est
2410 332 2434 363 ².
2561 330 2572 346 ε

324 382 383 417 AD
412 392 600 418 SECUNDUM
619 393 802 419 mCENDUM
822 381 928 429 quod
946 382 1052 418 Deus
1070 392 1150 418 non
1169 380 1330 417 delecta-
1386 380 1502 426 Quod
1530 387 1656 417 autern
1685 379 1981 418 misericordiam
2001 380 2228 430 quibusdam
2254 379 2437 428 impendit

273 441 333 470 mr
365 433 403 470 in
429 433 640 482 perditione
673 434 875 471 hominum
909 440 1093 482 quantum
1126 431 1174 468 ad
1206 431 1329 480 ipsam
1387 440 1422 468 et
1450 445 1527 468 non
1556 433 1744 480 omnibus,
1773 445 1852 470 non
1873 433 1963 483 facit
1981 445 2231 482 personarum
2251 432 2436 481 acceptio—

271 485 547 535 perditionem:
577 487 645 523 sed
673 487 818 524 ratione
847 498 937 523 suae
965 484 1138 531 iustitiae,
1156 484 1219 520 vel
1242 495 1332 532 pro-
1386 495 1475 520 nem
1503 484 1542 521 in
1567 486 1665 532 Deo,
1694 485 1789 522 sicut
1816 485 1853 522 in
1880 485 2010 523 Primo
2028 487 2049 508 *
2077 486 2218 523 dictum
2246 492 2312 522 est.
2463 487 2673 541 {fig-{¹¹¹¹rffl·

273 545 356 587 pter
384 539 532 575 bonum
561 539 666 588 quod
693 539 780 576 inde
808 537 996 587 provenit.
1440 537 1497 572 AD
1527 548 1698 578 QUARTUM
1715 537 1736 559 *
1754 550 1937 576 olcENDuM
1966 539 2069 587 quod
2089 539 2189 576 mala
2209 539 2339 587 eulpae
2359 549 2436 574 non
2463 543 2674 592 {rga-Sedena-

327 593 386 628 An
405 603 565 628 ‘mimum
591 602 775 628 memnon
794 590 900 639 quod
926 590 1002 626 hoc
1021 587 1127 636 quod
1145 589 1251 625 Deus
1270 587 1333 623 ali·
1388 595 1474 624 sunt
1492 589 1663 626 facienda
1681 597 1723 626 ut
1739 590 1892 628 veniant
1919 592 2039 628 bona:
2069 592 2136 628 sed
2163 591 2262 628 mala
2288 602 2436 639 poenae

276 655 440 692 quorum
461 644 766 681 excaecationem
786 642 934 680 ordinat
951 641 989 678 in
1009 652 1142 677 eorum
1161 640 1331 686 salutem,
1389 647 1475 676 sunt
1502 640 1696 678 inferenda
1723 650 1876 691 propter
1903 644 2061 680 bonum.

328 789 354 822 ὃ)
373 790 579 816 misericordiae.
596 803 615 808 —-
633 788 816 814 misericordia
838 787 1053 813 ABCDEFGHL.
1071 801 1089 807 ·-
1106 789 1157 813 Pro
1180 787 1333 813 excaecatio
1442 787 1463 820 ε)
1483 792 1529 812 cst.
1547 802 1567 807 -
1585 788 1646 814 Om.
1665 789 1864 821 ABCGHleD.
1882 803 1900 808 -
1915 790 1964 814 Pro
1984 791 2119 822 impendit,
2139 791 2274 823 impendat
2291 790 2342 816 EF.

275 825 392 851 aliorum
409 825 558 855 ordinetur,
576 824 790 850 excaecationem
809 823 924 849 aliorum
943 823 1053 848 ordinat
1068 823 1122 848 EF.

0 1150 11 1225 ἓ

0 1227 14 1253 ξς

425 3568 534 3592 Sinum:
553 3567 653 3591 ΤΗΙ-τοι.
673 3566 703 3590 D.
718 3565 831 3590 TnoMAE
851 3564 882 3588 T.
902 3564 943 3588 IV.
2278 3567 2302 3583 11
