2840 4010
122 701 129 708 ²
145 699 211 720 Vcrs.
228 699 249 719 δ’.

116 2083 123 2091 ”
151 2082 186 2104 Cf.
207 2083 268 2109 Aug.
293 2082 326 2103 De

119 2109 210 2135 Trinit„
224 2109 263 2130 lib.
274 2108 324 2136 XV,

115 2141 165 2162 cap.
181 2141 246 2156 xviii.

114 2566 122 2574 ·
140 2565 175 2587 Ct‘.
191 2571 254 2587 num.
270 2573 285 2588 1.

120 3440 197 3461 Lib.
217 3440 260 3466 111,
281 3445 332 3466 cap.

120 3473 153 3488 xi.
160 3467 333 3494 -In-tersuppo

121 3494 158 3515 sit.
173 3493 234 3520 Aug.

361 187 436 232 314

358 272 473 303 sortes
501 272 669 303 naturae.
697 268 744 302 Et
772 265 983 301 secundum
1013 262 1275 310 acceptionem
1304 261 1416 297 huius

359 327 536 365 naturae,
568 319 727 356 dicimur
746 317 758 341 ζ
787 316 997 364 regenerari
1027 315 1064 351 in
1093 315 1191 351 filios
1224 314 1307 350 Dei.

414 372 519 408 Sicut
536 371 643 419 igitur
670 372 799 407 lumen
828 370 995 405 naturale
1017 367 1168 404 rationis
1198 374 1253 403 est
1273 365 1413 414 aliquid

359 431 508 473 praeter
534 424 689 460 virtutes
718 422 929 469 acquisitas,
961 433 1057 468 quae
1087 420 1263 456 dicuntur
1291 419 1328 455 in
1358 431 1417 455 or-

362 477 447 514 dine
477 477 523 513 ad
552 476 675 524 ipsum
705 476 833 510 lumen
863 474 1048 517 naturale;
1079 473 1128 509 ita
1158 472 1270 508 etiam
1291 471 1415 520 ipsum

360 531 489 566 lumen
517 529 667 575 gratiae,
689 527 792 574 quod
823 534 877 563 est
905 525 1139 574 participatio
1171 524 1322 561 divinae
1350 537 1415 561 na-

359 590 476 627 turae,
498 589 553 617 est
581 580 720 628 aliquid
747 587 895 628 praeter
921 579 1078 615 virtutes
1106 578 1246 614 infusas
1267 583 1297 624 ⁷¹,
1319 589 1416 626 quae

360 647 381 670 a
405 633 552 670 lumine
572 633 634 669 illo
664 632 892 677 derivantur,
915 639 950 668 et
969 631 1017 668 ad
1047 631 1138 667 illud
1166 631 1297 667 lumen
1317 630 1416 667 ordi-

359 694 505 722 nantur.
533 685 643 722 Unde
673 693 708 721 et
732 685 939 733 Apostolus
969 684 1066 730 dicit,
1087 684 1139 720 ad
1163 684 1297 731 Ephes.
1323 695 1347 719 v
1374 682 1413 719 *ε

357 740 483 776 Eratis
501 738 703 785 aliquando
723 738 907 783 tenebrae,
928 749 1028 774 nunc
1046 742 1169 773 autem
1193 737 1262 772 lux
1279 736 1316 772 in
1337 737 1414 772 Do-

358 792 480 828 mino:
511 797 550 827 ut
565 792 644 838 filii
669 791 761 827 lucis
783 790 982 827 ambulate.
1005 790 1109 826 Sicut
1130 789 1231 826 enim
1260 788 1416 825 virtutes

358 844 560 892 acquisitae
588 843 788 892 perficiunt
822 843 1020 880 hominem
1049 842 1099 879 ad
1137 841 1414 879 ambulandum

358 904 606 945 congruenter
625 895 636 917 ⁰
666 896 798 933 lumini
818 896 975 933 naturali
995 895 1168 939 rationis;
1189 895 1239 931 ita
1257 894 1414 931 virtutes

356 950 499 987 infusae
518 949 718 998 perficiunt
738 949 936 986 hominem
957 950 1005 986 ad
1031 948 1305 993 ambulandum
1327 959 1415 983 con-

355 1010 531 1050 gruenter
559 1002 690 1039 lumini
719 1002 870 1050 gratiae.

407 1117 432 1149 ζ)
452 1117 575 1142 dicimur.
592 1130 610 1134 -
629 1117 754 1150 aictmtur
773 1115 1017 1148 ACDEFGHILpB.

408 1154 433 1183 η)
455 1153 564 1185 infusas.
577 1165 595 1170 —
615 1151 675 1175 Om.
690 1152 740 1175 EF.

1051 183 1316 230 QUAESTIO
1347 183 1431 229 cx,
1459 181 1755 218 ARTicULUS
1785 182 1836 218 1v

1525 263 1583 297 AD
1602 271 1740 296 PRIMUM
1765 271 1863 296 ERGO
1883 271 2067 297 Diei-:nuum
2087 262 2192 308 quod
2210 262 2443 310 Augustinus
2464 273 2531 297 no-

1472 313 1590 350 minat
1609 313 1727 349 fidem
1747 324 1816 360 per
1839 311 2080 348 dilectionem
2104 322 2327 361 operantem
2350 315 2529 364 gratiam,

1472 366 1560 414 quia
1580 373 1684 402 actus
1704 365 1793 401 fidei
1814 377 1881 413 per
1901 364 2143 402 dilectionem
2164 367 2354 414 operantis
2383 375 2438 403 est
2457 366 2530 414 pri-

1472 431 1559 455 mus
1570 426 1674 455 actus
1685 418 1722 455 in
1733 430 1810 465 quo
1821 417 1938 465 gratia
1952 425 2098 465 gratum
2110 418 2250 455 faciens
2261 419 2527 456 manifestatur.

1524 474 1583 508 AD
1612 483 1800 508 SECUNDUM
1839 482 2022 507 DICENDUM
2055 471 2159 518 quod
2195 471 2334 507 bonum
2361 471 2528 519 positum

1471 524 1509 561 in
1538 524 1758 561 definitione
1785 523 1948 570 virtutis,
1979 522 2113 560 dicitur
2140 523 2351 560 secundum
2389 522 2529 559 conve-

1471 577 1649 614 nientiam
1669 577 1718 613 ad
1737 577 1904 624 aliquam
1925 584 2099 612 naturam
2123 576 2451 624 praeexistentem,
2467 576 2528 612 vel

1472 629 1707 666 essentialem
1737 630 1798 666 vel
1826 629 2100 678 participatam.
2133 628 2195 665 Sic
2223 637 2352 665 autem
2381 629 2528 665 bonum

1471 695 1549 719 non
1578 681 1787 718 attribuitur
1815 682 1971 729 gratiae:
1998 682 2065 719 sed
2093 682 2187 718 sicut
2217 681 2332 718 radici
2353 680 2528 719 bonitatis

1471 736 1509 772 in
1537 734 1705 780 homine,
1725 741 1766 770 ut
1795 734 1937 771 dictum
1965 743 2022 771 est
2049 734 2079 772 ²¹⁶.

1524 790 1582 824 AD
1610 798 1769 823 TERTmM
1798 798 1982 824 morannum
2001 788 2104 836 quod
2133 787 2250 835 gratia
2271 786 2462 824 reducitur
2479 786 2528 823 ad

1469 841 1634 890 primam
1663 839 1828 888 speciem
1857 840 2054 887 qualitatis.
2077 842 2160 877 Nec
2187 848 2317 877 tamen
2346 847 2401 876 est
2428 839 2528 876 idem

1469 894 1575 942 quod
1602 893 1742 929 virtus:
1768 892 1835 929 sed
1863 892 2047 929 habitudo
2076 893 2267 942 quaedam
2294 905 2392 941 quae
2421 903 2527 940 prae-

1469 946 1694 995 supponitur
1721 945 1921 981 virtutibus
1949 945 2091 993 infusis,
2114 947 2210 983 sicut
2233 959 2365 982 earum
2393 945 2529 994 princi-

1470 1000 1573 1048 pium
1604 1006 1638 1035 et
1667 997 1782 1034 radix.

1522 1111 1546 1145 θ)
1565 1114 1751 1145 congruenter.
1765 1124 1783 1130 -
1801 1110 1944 1135 secundum
1964 1111 2035 1142 quod
2052 1112 2178 1144 congruit
2198 1112 2235 1136 Ρα
2254 1112 2293 1136 hic
2313 1117 2338 1137 et
2357 1119 2424 1137 mox.

1026 1210 1357 1242 Commentaria
1380 1209 1629 1241 Cardjnalis
1652 1208 1851 1241 Caietam·

385 1296 404 1315 N
428 1284 558 1315 articulo
579 1283 669 1314 tertio
689 1283 827 1312 eiusdem
851 1281 1045 1321 quaestionis
1069 1281 1203 1311 dubium
1223 1280 1358 1310 occurrit
1381 1290 1417 1310 ex

358 1298 491 1364 IScoto,
505 1329 536 1358 in
551 1328 575 1357 11
590 1328 688 1363 Sent„
703 1326 773 1356 dist.
787 1336 879 1363 xxvn,
898 1332 927 1355 et
940 1331 1051 1356 contra
1067 1325 1222 1355 rationem
1236 1324 1368 1360 litterae,
1387 1331 1417 1355 et

355 1380 462 1404 contra
479 1371 725 1403 conclusionem.
748 1370 848 1400 Solvit
871 1369 1027 1410 siquidem
1052 1369 1207 1399 rationem
1229 1368 1314 1398 illam
1335 1378 1416 1408 quae

355 1418 484 1458 ponitur
511 1416 543 1446 in
575 1416 656 1446 calce
685 1414 825 1454 corporis
858 1414 995 1444 articuli:
1023 1413 1112 1443 Sicut
1135 1413 1242 1443 lumen
1267 1413 1418 1443 naturale

355 1463 488 1492 rationis
507 1468 564 1491 etc.
588 1460 628 1490 Et
644 1459 716 1489 dicit
732 1459 819 1499 quod
841 1458 1014 1488 similitudo
1036 1457 1195 1487 salvatur'
1187 1467 1220 1486 m
1239 1457 1310 1492 hoc,
1328 1457 1417 1497 quod

355 1507 435 1537 sicut
450 1506 578 1535 virtutes
598 1502 768 1544 acquisitae
788 1501 979 1542 perficiunt'
972 1512 1004 1531 in
1020 1501 1129 1531 ordine
1145 1501 1184 1531 ad
1202 1501 1313 1531 lumen
1327 1501 1416 1541 quod

357 1558 401 1581 est
425 1548 603 1590 prudentia,
622 1555 652 1577 et
674 1547 727 1576 illa
749 1547 789 1576 ad
811 1547 920 1576 lumen
944 1545 1119 1576 intellectus
1143 1545 1280 1584 agentis;
1304 1544 1347 1574 ita
1371 1544 1416 1574 in-

355 1595 442 1625 fusae
465 1594 496 1623 in
522 1592 631 1622 ordine
651 1592 689 1621 ad
712 1591 820 1620 lumen
846 1590 988 1626 caritatis,
1009 1596 1039 1619 et
1062 1589 1114 1619 illa
1129 1590 1168 1619 ad
1187 1588 1284 1619 finem
1308 1598 1416 1655 super—

355 1638 539 1669 naturalem.

409 1681 521 1721 Arguit
545 1680 638 1710 etiam
667 1685 775 1709 contra
799 1688 878 1708 eam.
905 1677 988 1714 Quia
1017 1658 1199 1718 sequeretur
1226 1677 1315 1717 quod
1338 1651 1415 1707 fides

355 1737 419 1757 non
435 1732 541 1766 posset
565 1733 690 1753 manere
713 1722 872 1752 informis:
889 1722 965 1769 quia
981 1731 1046 1752 non
1066 1727 1173 1761 posset
1189 1720 1346 1761 perficere,
1356 1721 1415 1751 de—

354 1771 476 1801 ficiente
493 1768 614 1799 lumine
633 1767 665 1797 in
685 1766 794 1796 ordine
816 1766 854 1796 ad
872 1766 960 1807 quod
982 1764 1111 1805 perficit.
1130 1765 1217 1796 Sicut
1238 1774 1295 1795 nec
1317 1765 1416 1795 virtus

354 1813 505 1855 acquisita
521 1819 624 1853 potest
639 1821 764 1841 manere
781 1810 896 1846 virtus,
904 1820 967 1840 non
985 1816 1131 1840 manente
1148 1809 1331 1840 habitudine
1348 1809 1415 1839 eius

354 1857 486 1889 naturali
510 1857 549 1887 ad
572 1856 650 1886 illud
674 1855 762 1895 quod
785 1854 919 1894 respicit.

409 1903 445 1933 ΙΙ.
462 1901 582 1934 Contra
602 1899 840 1930 conclusionem
863 1898 974 1938 triplex
997 1897 1156 1928 motivum
1177 1897 1273 1928 affert.
1297 1896 1414 1934 Primo,

353 1947 428 1988 quia
442 1954 662 1986 quaecumque
686 1942 866 1973 excellentia
889 1942 1069 1972 attribuitur
1090 1941 1215 1981 gratiae,
1238 1941 1417 1972 attribuitur

354 1990 485 2026 caritati,
505 1997 535 2020 et
555 1999 572 2018 e
588 1994 705 2018 contra.
726 1987 810 2027 Ergo
831 1986 929 2026 gratia
950 1993 980 2016 et
996 1986 1106 2016 caritas
1122 1992 1196 2016 sunt
1211 1985 1340 2016 idem.-
1356 1987 1415 2015 Α5-

353 2041 519 2074 sumptum
540 2039 625 2073 patet
649 2031 818 2071 tripliciter.
837 2030 954 2066 Primo,
975 2030 1007 2060 in
1022 2030 1084 2060 hoc
1104 2030 1192 2081 quod
1212 2036 1345 2070 utraque
1368 2029 1415 2060 di-

354 2079 429 2110 vidit
446 2076 617 2108 formaliter
633 2075 803 2116 aequaliter
819 2076 902 2105 mter
906 2074 1000 2115 filzos
1025 2075 1119 2115 regni
1140 2079 1170 2104 et
1184 2073 1376 2114 perditionis
1387 2073 1413 2104 *.

353 2122 510 2158 Secundo,
527 2121 560 2151 in
583 2121 643 2150 hoc
660 2119 748 2160 quod
777 2125 909 2159 utraque
925 2125 971 2149 est
993 2118 1096 2148 forma
1118 2118 1281 2154 virtutum,
1299 2125 1330 2148 et
1351 2127 1415 2148 non

353 2173 457 2218 potest
486 2175 551 2196 esse
581 2163 734 2195 informis.
760 2163 884 2199 Tertio,
913 2163 945 2192 in
972 2163 1035 2192 hoc
1062 2163 1150 2202 quod
1177 2169 1311 2203 utraque
1339 2171 1415 2192 con-

352 2211 454 2261 iungit
477 2210 591 2240 ultimo
614 2208 669 2238 fini
694 2207 830 2247 perfecta
850 2206 1084 2242 coniunctione,
1103 2206 1204 2247 qualis
1220 2213 1325 2246 potest
1348 2216 1414 2237 esse

352 2255 384 2285 in
407 2255 466 2284 via.

408 2297 565 2333 Secundo,
591 2295 664 2336 quia
688 2295 713 2324 si
736 2302 896 2335 ponantur
920 2295 1091 2330 distinctae,
1119 2295 1213 2325 altera
1237 2293 1411 2334 superfluit.

351 2361 371 2365 -
386 2343 553 2373 Probatur:
579 2340 654 2381 quia
677 2339 796 2379 reliqua
820 2338 942 2369 sufficit.

407 2386 535 2421 Tertio,
554 2384 630 2425 quia
653 2384 767 2413 eodem
790 2383 899 2414 habitu
923 2393 989 2423 quo
1013 2382 1147 2422 Spiritus
1171 2382 1303 2413 Sanctus
1326 2382 1415 2412 inha-

351 2431 428 2461 bitat
451 2430 607 2465 animam,
630 2428 777 2458 voluntas
808 2427 976 2457 inclinatur
999 2427 1031 2456 in
1060 2437 1155 2457 suum
1188 2433 1294 2457 actum
1324 2426 1415 2457 meri-

351 2475 480 2510 torium,
505 2480 535 2504 et
559 2483 575 2503 e
595 2482 757 2502 converso.
782 2471 856 2501 Non
880 2471 923 2501 sic
947 2477 1054 2501 autem
1078 2478 1123 2501 est
1147 2471 1186 2501 de
1209 2470 1317 2502 habitu
1341 2469 1415 2501 fidei

352 2526 381 2550 et
405 2518 485 2558 spei,
511 2523 638 2557 propter
661 2526 774 2546 eorum
797 2514 1080 2565 imperfectionem.

406 2562 457 2593 111.
471 2562 521 2592 Ad
534 2561 655 2591 obiecta
669 2567 777 2591 contra
789 2559 943 2590 rationem
957 2559 982 2595 *‚
1000 2558 1088 2589 facile
1102 2558 1214 2589 dicitur
1226 2559 1315 2599 quod
1327 2557 1412 2588 solu-

351 2607 395 2638 tio
419 2606 487 2646 ipsa
510 2615 542 2635 se
570 2611 709 2635 accusat:
741 2613 814 2633 nam
841 2603 953 2633 lumini
979 2603 1111 2633 naturali
1134 2612 1200 2633 non
1223 2601 1414 2643 respondere

351 2651 424 2682 facit
439 2651 547 2681 lumen
571 2647 818 2688 supernaturale,
836 2647 916 2677 sicut
933 2646 1116 2687 prudentiae
1133 2647 1303 2677 caritatem.
1321 2646 1413 2677 Unde

351 2694 524 2725 similitudo
541 2693 660 2723 litterae
677 2699 738 2722 stat
753 2692 785 2721 in
802 2691 873 2727 hoc,
887 2691 975 2741 quod
991 2691 1072 2721 sicut
1085 2691 1194 2721 lumen
1212 2690 1352 2722 naturale
1367 2697 1415 2721 est

351 2739 514 2780 quoddam
530 2736 810 2777 praesuppositum
833 2735 1026 2775 principium
1051 2742 1081 2765 et
1095 2735 1185 2775 origo
1205 2735 1373 2766 virtutum
1379 2735 1411 2764 in

352 2783 443 2813 nobis
459 2781 640 2812 naturaliter
651 2780 873 2820 praeexistens;
890 2779 933 2809 ita
949 2779 981 2809 in
995 2789 1061 2809 esse
1076 2778 1305 2819 supernaturali
1320 2788 1413 2819 opor-

352 2834 394 2858 tet
425 2836 541 2867 ponere
570 2826 678 2855 lumen
707 2823 958 2864 supernaturale,
984 2823 1175 2863 principium
1200 2830 1230 2854 et
1257 2822 1412 2863 originem

1470 1279 1616 1309 omnium
1641 1278 1815 1308 infusarum
1835 1277 1997 1308 virtutum.
2020 1278 2060 1308 Et
2082 1277 2153 1307 vide
2176 1277 2264 1318 quod
2283 1277 2363 1307 hanc
2386 1277 2530 1308 similitu-

1470 1323 1576 1353 dinem
1598 1326 1717 1353 Auctor
1741 1328 1814 1362 post
1836 1322 2003 1361 probatam
2019 1321 2257 1352 conclusionem
2281 1321 2404 1351 induxit
2426 1331 2463 1351 ex
2481 1328 2529 1351 ra-

1469 1367 1556 1398 tione
1572 1366 1703 1402 virtutis,
1720 1373 1754 1396 ut
1771 1365 1948 1396 ostenderet
1967 1366 2064 1406 quod,
2081 1372 2191 1396 natura
2212 1365 2264 1395 illa
2281 1365 2530 1405 praesupposita,

1470 1418 1550 1442 esset
1574 1418 1604 1441 et
1626 1418 1735 1441 natura
1756 1417 1786 1440 et
1808 1410 1932 1446 lumen,
1958 1410 1998 1440 ad
2021 1410 2109 1450 quod
2133 1409 2316 1450 perficerent
2342 1409 2472 1440 virtutes
2495 1415 2532 1439 ut

1470 1455 1508 1485 ad
1533 1461 1677 1485 naturam
1701 1461 1730 1484 et
1754 1454 1872 1489 lumen,
1891 1453 1971 1484 sicut
1994 1453 2026 1483 in
2047 1454 2205 1494 acquisitis
2224 1453 2392 1484 virtutibus
2408 1460 2530 1484 utrum-

1470 1509 1532 1540 que
1555 1498 1721 1534 invenitur,
1739 1505 1774 1528 ut
1797 1498 1829 1528 in
1852 1498 1954 1528 littera
1977 1498 2148 1528 inducitur.

1525 1543 1575 1573 Ad
1599 1549 1821 1582 argumentum
1845 1549 1951 1572 autern
1967 1549 2075 1572 contra
2098 1542 2199 1582 ipsam
2223 1542 2394 1577 rationem,
2419 1541 2532 1572 dicitur

1470 1588 1559 1627 quod
1582 1586 1657 1617 fides
1680 1586 1825 1616 informis
1849 1595 1914 1616 non
1935 1593 1980 1616 est
2008 1586 2107 1616 virtus
2130 1585 2322 1626 simpliciter,
2341 1586 2394 1616 sed
2418 1595 2528 1616 secun-

1470 1632 1548 1661 dum
1579 1631 1673 1671 quid;
1699 1637 1733 1660 ut
1761 1629 1891 1660 inferius
1914 1630 1946 1659 in
1972 1630 2116 1660 Secunda
2146 1629 2308 1660 Secundae
2331 1630 2348 1649 *
2372 1636 2466 1670 patet.
2490 1630 2567 1665 Et:

1470 1682 1635 1715 propterea
1659 1674 1839 1704 conceditur
1862 1674 1969 1714 quod,
1994 1684 2059 1704 non
2083 1680 2230 1704 manente
2253 1674 2374 1720 lumine
2395 1674 2529 1726 gratiae,

1469 1718 1547 1749 fides
1570 1729 1635 1749 non
1658 1725 1798 1748 remanet
1819 1718 1852 1748 in
1877 1728 1943 1748 esse
1966 1718 2088 1748 virtutis
2111 1717 2302 1758 simpliciter.

1526 1763 1576 1793 IV.
1595 1763 1643 1794 Ad
1659 1762 1798 1803 primum
1822 1772 1935 1792 eorum
1958 1772 2039 1803 quae
2063 1768 2171 1792 contra
2197 1747 2531 1799 conclusionemofflfi»

1469 1807 1595 1837 ciuntur
1609 1807 1635 1842 *,
1653 1807 1765 1837 dicitur
1788 1807 1887 1847 quod,
1903 1806 1976 1836 licet
1998 1806 2117 1836 multae
2141 1805 2339 1837 excellentiae
2357 1805 2422 1837 sint
2440 1800 2567 1840 coine·

1469 1861 1582 1881 munes
1605 1831 1720 1891 giatiae
1744 1858 1774 1881 et
1790 1850 1909 1881 caritati
1932 1857 2061 1890 propter
2077 1859 2185 1880 earum
2207 1849 2447 1887 connexionem,
2463 1843 2533 1881 non'

1469 1902 1575 1926 tamen
1600 1895 1642 1925 eis
1666 1895 1859 1925 conveniunt
1888 1895 2003 1925 eodem
2026 1895 2142 1925 modo.
2167 1894 2243 1935 quia
2272 1894 2388 1934 gratiae
2411 1900 2448 1925 ut
2469 1891 2532 1935 pri-¹

1470 1950 1540 1970 mae
1560 1939 1664 1975 radici,
1681 1938 1799 1970 caritati
1814 1946 1848 1969 ut
1863 1938 1979 1969 fructui
1994 1938 2090 1969 illius.
2103 1938 2175 1969 —Et
2185 1948 2294 1970 rursus
2307 1938 2414 1979 aliqua
2433 1938 2531 1970 excel-v

1469 1984 1563 2014 lentia
1587 1991 1632 2013 est
1655 1983 1769 2023 gratiae
1796 1993 1877 2024 quae
1902 1993 1967 2013 non
1999 1982 2146 2013 convenit
2174 1982 2305 2014 caritati:
2330 1982 2447 2014 seilicet
2468 1981 2531 2023 pri·

1470 2038 1561 2058 mum
1574 2027 1762 2068 principium
1780 2027 1911 2057 formale
1925 2037 1991 2057 esse
2007 2026 2295 2067 supernaturalisoe
2276 2027 2439 2058 —Falsum
2450 2035 2531 2068 quo-

1469 2082 1533 2113 que
1557 2078 1602 2102 est
1625 2072 1713 2112 quod
1737 2071 1873 2102 dividere
1895 2071 1976 2101 inter
2004 2069 2087 2101 filios
2110 2071 2196 2111 regni
2221 2077 2251 2101 et
2273 2070 2460 2121 perditionis
2481 2080 2531 2102 ae·

1469 2127 1532 2157 que
1556 2115 1727 2146 formaliter
1751 2115 1916 2146 conveniat
1940 2115 2082 2156 utrique:
2107 2125 2182 2145 nam
2212 2115 2310 2155 gratia
2332 2114 2406 2145 facit
2428 2112 2531 2150 filium

1469 2161 1528 2191 Dei
1551 2160 1733 2195 formaliter,
1750 2160 1860 2190 caritas
1883 2166 1990 2190 autern
2005 2160 2174 2199 operative.
2193 2159 2248 2190 Illa
2270 2159 2356 2190 enirn
2380 2165 2427 2189 est
2449 2158 2532 2200 pfl*

1469 2205 1589 2245 cipium
1613 2204 1734 2234 essendi
1757 2204 1790 2234 in
1813 2210 1924 2234 natura
1941 2203 2046 2234 divina
2069 2203 2269 2244 participata:
2295 2203 2354 2235 ista
2376 2210 2422 2234 est
2443 2202 2530 2243 prim

1469 2249 1589 2290 cipium
1605 2248 1756 2288 operandi
1773 2248 1950 2278 secundum
1961 2254 2107 2279 naturam
2119 2247 2260 2278 divinam
2273 2247 2530 2288 participatam—

1469 2293 1509 2324 Et
1532 2292 1674 2322 similiter
1704 2291 1913 2322 diversimode
1947 2298 2080 2333 utraque
2104 2298 2150 2322 est
2173 2290 2277 2323 forma
2306 2290 2474 2328 virtutum,
2499 2297 2530 2325 et

1469 2337 1633 2376 coniungit
1656 2336 1710 2366 fini
1734 2336 1864 2366 ultimo:
1888 2336 1963 2376 quia
1987 2336 2096 2366 caritas
2120 2342 2156 2366 ut
2170 2336 2353 2376 proximum
2377 2334 2529 2375 operandi

1469 2381 1669 2422 principium,
1687 2381 1740 2410 illa
1763 2387 1798 2410 ut
1822 2380 1972 2420 primum.

1528 2425 1568 2455 Et
1595 2435 1631 2455 ex
1661 2425 1722 2455 hoc
1750 2431 1835 2464 patet
1862 2423 2027 2474 responsio
2057 2424 2096 2454 ad
2120 2424 2310 2454 secundum:
2338 2423 2428 2464 quod
2449 2432 2528 2454 neu-

1468 2476 1515 2500 tra
1538 2469 1715 2508 superfluit,
1745 2475 1775 2499 et
1799 2468 1893 2499 altera
1917 2468 1984 2499 sine
2011 2467 2131 2508 reliqua
2154 2477 2221 2499 non
2244 2466 2368 2498 sufficit.
2393 2467 2529 2507 Oportet

1468 2513 1552 2543 enim
1577 2520 1606 2543 et
1630 2513 1770 2553 primum
1792 2519 1822 2543 et
1845 2512 2028 2552 proximum
2051 2511 2242 2552 principium
2273 2511 2403 2548 habere,
2435 2517 2527 2542 natu-

1467 2567 1534 2587 ram
1562 2564 1591 2587 et
1614 2557 1798 2597 potentiam,
1819 2556 1928 2587 lumen
1949 2563 1979 2586 et
2001 2555 2141 2586 virtutes.

1523 2601 1563 2632 Et
1587 2611 1642 2641 per
1660 2601 1744 2631 idem
1768 2600 1901 2631 solvitur
1927 2600 2055 2631 tertium
2082 2599 2251 2630 motivum.
2270 2599 2354 2630 Nam
2378 2599 2451 2630 licet
2474 2599 2528 2629 ha-

1467 2645 1551 2675 bitus
1575 2655 1640 2685 quo
1664 2645 1798 2685 Spiritus
1821 2644 1975 2675 inhabitat
1998 2644 2154 2679 animam,
2178 2643 2307 2674 inclinet
2329 2644 2527 2674 voluntatem

1467 2690 1507 2719 ad
1523 2690 1708 2719 merendum
1725 2696 1760 2719 ut
1784 2689 1886 2729 prima
1900 2688 1987 2719 radix
2005 2688 2125 2724 meriti;
2146 2698 2213 2718 non
2235 2694 2341 2718 tamen
2365 2687 2530 2728 exequitur

1467 2734 1528 2764 hoc
1552 2744 1607 2773 per
1630 2733 1769 2773 seipsum
1785 2732 1976 2769 immediate,
1994 2733 2048 2762 sed
2072 2732 2230 2763 mediante
2250 2731 2360 2763 habitu
2385 2730 2529 2768 caritatis,

1467 2787 1533 2818 quo
1550 2777 1721 2808 formaliter
1745 2777 1891 2808 voluntas
1916 2776 2093 2812 inclinatur,
2111 2776 2208 2816 gratia
2231 2783 2338 2807 autern
2357 2775 2530 2807 radicaliter

1466 2828 1600 2852 tantum.

1131 2967 1446 3018 ARTicULu's
1477 2974 1748 3027 QUARTUS

746 3070 901 3100 UTRUM
925 3069 1088 3100 GRATIA
1112 3069 1178 3100 SIT
1203 3069 1245 3099 lN
1270 3068 1476 3099 ESSENTIA
1499 3068 1664 3098 ANIMAE
1688 3067 1814 3098 SICUT
1840 3068 1882 3098 IN
1906 3068 2129 3104 SUBIECTO,

1112 3114 1170 3143 AN
1195 3113 1237 3143 ΙΝ
1261 3113 1423 3150 ALIQUA
1447 3112 1765 3143 POTENTIARUM

704 3192 722 3215 ll
744 3191 826 3221 Sem.y
847 3191 904 3215 dist.
924 3198 990 3220 xxvr,
1011 3196 1057 3216 art.
1079 3190 1107 3221 3;
1127 3191 1169 3219 lv,
1190 3191 1247 3215 dist.
1267 3198 1301 3220 xv,
1321 3198 1366 3223 qu.
1390 3198 1410 3220 1,
1429 3195 1476 3215 art.
1498 3189 1520 3219 3,
1541 3190 1589 3222 qu³
1612 3189 1633 3219 3,
1654 3190 1684 3214 ad
1710 3197 1735 3219 1;
1758 3190 1798 3214 De
1822 3190 1911 3218 Verit„
1931 3198 1976 3222 qu.
1995 3198 2069 3219 xxvu,
2089 3195 2136 3215 art.
2155 3189 2179 3215 6.

421 3299 447 3313 2
474 3320 509 3360 ,Q
503 3303 521 3315 f
568 3293 589 3316 D
611 3292 781 3322 QUARTUM
801 3292 853 3316 515
873 3291 1111 3317 PROCEDlTUR.
1133 3280 1291 3317 Videtur
1310 3279 1414 3328 quod

549 3382 607 3420 in
635 3385 815 3430 subiecto,
837 3385 903 3421 sed
933 3385 968 3421 in
995 3385 1119 3433 aliqua
1147 3386 1413 3433 potentiarum.

546 3437 667 3472 Dicit
688 3437 787 3473 enirn
809 3437 1052 3484 Augustinus,
1073 3437 1110 3474 in
1131 3438 1413 3488 Hypognost.*,

360 3430 507 3539 quod
493 3489 607 3536 gratia
637 3497 877 3536 comparatur
906 3490 953 3525 ad
982 3491 1229 3536 voluntatem,
1260 3490 1339 3527 sive
1367 3491 1416 3528 ad

537 3360 541 3371 ,
514 3331 682 3379 gratia
711 3345 788 3368 non
817 3332 862 3369 sit
891 3333 928 3369 in
958 3333 1117 3369 essentia
1142 3332 1291 3369 animae
1321 3333 1416 3369 sicut

1471 3279 1629 3316 liberum
1650 3279 1857 3326 arbitrium,
1877 3280 1972 3316 sicut
1987 3282 2109 3316 ses‘sor
2126 3279 2178 3316 ad
2195 3290 2343 3327 equum.
2365 3277 2441 3314 Sed
2459 3288 2528 3313 vo-

1471 3333 1605 3378 luntas,
1627 3332 1705 3368 sive
1732 3332 1892 3368 liberum
1918 3331 2126 3378 arbitrium,
2148 3339 2203 3368 est
2226 3329 2393 3380 potentia
2412 3340 2526 3377 quae-

1472 3386 1574 3431 dam,
1594 3394 1635 3422 ut
1655 3385 1692 3421 in
1712 3385 1839 3421 Primo
1856 3385 1876 3405 *⁸
1903 3385 2044 3421 dictum
2065 3361 2131 3421 esf·
2154 3385 2255 3431 Ergo
2275 3382 2392 3446 gratia
2417 3389 2471 3418 est
2490 3382 2526 3418 in

1471 3438 1639 3486 potentia
1667 3437 1814 3474 animae
1845 3437 1939 3474 sicut
1967 3438 2003 3474 in
2032 3437 2213 3474 subiecto.

1527 3503 1560 3528 2.
1582 3492 1814 3536 Pam—mm,
1831 3502 1880 3541 ex
1898 3490 2024 3539 gratia
2053 3489 2231 3536 incipmnt
2251 3487 2383 3524 merita
2410 3488 2526 3524 homi-

2555 738 2566 748 ·
2581 737 2605 758 ln
2621 743 2726 765 corpore.

2582 1635 2631 1664 Qu.
2646 1642 2678 1663 tv,
2693 1639 2734 1658 nn.
2749 1641 2771 1664 5.

2576 1802 2618 1835 α’-
2633 1816 2698 1834 nn·
2711 1817 2739 1834 n.

2628 2149 2631 2166 l

2555 3395 2637 3423 Qu.
2663 3401 2751 3418 uxxm
2759 3411 2766 3423 ‚

2555 3425 2597 3444 art.
2612 3428 2632 3444 2.
