2840 4010
919 160 1184 207 QUAESTIO
1213 159 1425 206 LXXXIX,
1454 159 1750 197 ARTICULUS
1777 159 1830 196 VI

357 241 408 272 m.
424 240 475 271 Ad
498 239 576 270 haec
595 240 690 270 dubia
706 240 819 270 dicitur
838 240 935 280 quod,
959 240 1079 270 cumin
1098 239 1199 270 littera
1220 238 1362 278 explicite

302 285 437 316 dicatur:
462 284 569 314 Multo
592 285 699 325 magis
722 290 855 315 excusat
877 294 898 314 a
918 285 1046 321 veniali,
1065 284 1094 314 si
1114 283 1288 314 committat
1303 282 1362 312 ali-

301 329 379 369 quid
399 328 484 369 quod
506 329 547 358 sit
570 338 612 359 ex
633 338 754 369 genere
775 338 834 359 suo
857 329 931 365 tale,
957 327 1092 358 dubium
1115 335 1180 357 non
1204 331 1252 356 est
1274 325 1362 365 quod

302 373 342 403 de
363 372 477 402 veniali
505 382 542 402 ex
569 381 682 412 genere
711 372 744 402 in
771 372 833 402 illis
855 372 958 402 verbis
986 371 1138 411 loquitur.
1167 369 1208 399 Et
1229 368 1364 399 intendit

302 416 411 457 quod,
440 426 540 456 puero
570 416 787 447 committente
815 415 935 456 aliquid
965 414 1098 444 mortale
1121 423 1158 443 ex
1180 421 1309 451 genere,
1334 418 1364 442 et

303 459 423 501 aliquid
442 460 563 490 veniale
587 470 624 490 ex
646 470 769 500 genere,
786 460 812 490 si
828 459 968 490 defectus
984 457 1092 488 aetatis
1108 462 1234 486 excusat
1257 465 1331 486 eum
1347 466 1365 485 a

303 503 439 540 mortali,
465 510 591 535 excusat
609 504 704 535 etiam
719 514 738 534 a
751 503 876 539 veniali,
898 508 930 532 et
953 501 1055 532 multo
1079 499 1189 539 magis.
1214 499 1255 529 Et
1277 499 1366 538 quod

304 555 429 579 excuset
453 548 548 581 etiam
562 558 580 578 a
594 547 718 584 veniali,
742 547 775 577 in
798 552 951 587 promptu
968 551 1014 575 est
1028 543 1119 574 ratio.
1143 542 1227 580 Quia
1241 549 1365 573 utrum-

304 602 368 632 que
394 592 571 623 libertatem
597 592 706 632 exigit,
730 597 762 621 et
783 589 932 621 convenit
957 588 991 618 in
1018 588 1081 618 hoc
1108 587 1197 627 quod
1226 593 1273 617 est
1299 585 1366 616 fieri

305 646 399 676 posse
423 636 590 666 deliberate
618 642 649 666 et
676 634 894 665 indeliberate:
919 638 1024 672 potest
1047 631 1133 662 enim
1155 630 1226 671 quis
1251 630 1366 660 delibe-

306 687 370 711 rate
393 680 526 711 verbum
549 680 691 710 otiosum
713 678 824 714 dicere,
849 683 880 707 et
897 676 1012 706 habere
1028 675 1168 716 primum
1183 681 1312 705 motum
1327 674 1367 704 ad

307 723 478 755 dicendum
499 723 579 754 illud
601 729 633 753 et
654 722 812 752 desistere.
836 721 930 751 Unde
949 720 975 750 si
990 719 1142 760 impedita
1164 718 1290 749 libertas
1316 728 1367 748 ex-

307 774 396 799 cusat
418 769 456 798 ab
479 774 551 798 actu
574 765 710 802 mortali,
734 765 810 806 quia
833 764 996 795 constituit
1014 764 1122 804 ipsum
1141 769 1224 793 extra
1247 762 1368 792 morale

306 820 420 852 genus:
438 817 563 842 excusat
578 819 719 851 quoque,
736 809 847 840 eadem
861 808 991 844 ratione,
1009 809 1048 838 ab
1064 814 1136 838 actu
1151 806 1276 843 veniali,
1293 805 1367 847 quia

308 862 391 886 extra
413 855 532 886 morale
555 863 687 894 quoque
709 863 810 893 genus
834 853 997 883 constituit
1018 852 1135 892 ipsum.

363 899 460 936 Quod
484 905 590 928 autem
618 897 722 928 multo
750 897 850 937 magis
879 903 1003 927 excuset
1025 906 1043 926 a
1065 894 1196 934 veniali,
1218 893 1298 924 ratio
1322 899 1369 924 est

308 942 383 983 quia
405 942 439 972 in
461 942 575 972 maiori
598 941 769 972 includitur
788 941 904 972 minus.
929 941 1064 972 Constat
1079 946 1187 970 autem
1205 938 1303 979 quod,
1320 947 1367 968 ce-

306 986 379 1017 teris
401 985 530 1025 paribus
547 995 583 1016 ex
598 992 686 1025 parte
709 986 840 1026 agentis,
864 991 1031 1025 peccatum
1050 983 1171 1014 veniale
1190 989 1220 1013 et
1235 982 1368 1012 mortale

307 1039 345 1061 ex
364 1039 478 1069 genere
498 1039 532 1060 se
559 1030 677 1060 habent
701 1029 782 1060 sicut
802 1029 904 1060 maius
929 1035 961 1059 et
982 1028 1099 1058 minus.
1121 1027 1255 1066 Propter
1269 1026 1367 1069 quod,

307 1073 334 1104 si
350 1073 618 1114 impedimentum
632 1073 782 1105 libertatis
798 1080 846 1104 sat
860 1080 906 1104 est
922 1073 961 1103 ad
977 1071 1158 1103 faciendum
1173 1071 1263 1111 quod
1281 1076 1369 1100 actus

306 1123 374 1148 tam
395 1117 509 1154 malus,
526 1118 644 1148 scilicet
658 1127 695 1148 ex
709 1128 823 1158 genere
842 1116 994 1153 mortalis,
1011 1115 1200 1147 commissus
1219 1125 1237 1144 a
1255 1123 1366 1154 puero,

307 1161 366 1192 sibi
389 1171 456 1192 non
479 1161 672 1202 imputatur;
692 1172 710 1192 a
733 1162 856 1193 fortiori
880 1160 995 1192 sufficit
1017 1160 1057 1190 ad
1079 1159 1258 1190 faciendum
1281 1158 1370 1199 quod

307 1212 395 1236 actus
418 1206 524 1236 minus
548 1206 651 1236 malus
670 1206 698 1236 ei
715 1216 782 1236 non
797 1206 988 1246 imputetur:
1013 1204 1094 1235 sicut
1109 1203 1134 1234 si
1151 1203 1222 1246 quis
1237 1202 1271 1232 in
1285 1202 1368 1232 bello

308 1249 484 1281 occidendo
508 1256 672 1280 excusatur
695 1251 734 1280 ab
757 1249 941 1286 homicidio,
966 1247 1186 1289 depraedando
1206 1253 1371 1277 excusatur

247 1294 257 1296 ’
308 1303 327 1324 a
349 1294 468 1334 rapina,
493 1294 604 1324 eadem
627 1294 759 1325 ratione.

68 1339 239 1364 'amn

73 2133 84 2144 ·
97 2132 136 2156 Cf.
147 2138 215 2156 nan.
229 2139 256 2155 u.

364 1338 418 1369 lv.
434 1338 476 1368 Et
491 1348 566 1368 cum
585 1344 694 1368 contra
718 1338 798 1368 hanc
821 1336 1062 1377 responsionem
1085 1335 1232 1366 obiicitur
1244 1334 1271 1370 *,
1296 1334 1371 1375 quia

308 1391 376 1412 non
397 1382 532 1413 habetur
559 1382 719 1412 intentum
741 1381 957 1412 universaliter
979 1381 1018 1410 de
1041 1379 1130 1410 omni
1160 1385 1290 1420 peccato
1318 1388 1370 1408 ve-

308 1425 401 1456 niali:
424 1427 633 1467 respondetur
655 1426 744 1466 quod
768 1435 805 1456 ex
826 1425 888 1456 hoc
911 1425 1044 1455 habetur
1066 1424 1224 1454 intentum
1247 1422 1370 1453 univer-

309 1469 423 1501 saliter.
447 1469 532 1507 Quia
547 1476 714 1510 peccatum
728 1469 851 1500 veniale
866 1479 904 1499 ex
917 1467 1155 1509 imperfectione
1170 1473 1268 1503 actus,
1285 1476 1372 1506 prae-

309 1513 464 1554 supponit
476 1514 654 1544 libertatem
669 1513 878 1544 sufficientem
893 1513 932 1543 ad
948 1519 1114 1553 peccatum
1128 1511 1278 1542 mortale:
1296 1510 1372 1551 quia

309 1558 539 1598 praesupponit
560 1558 649 1598 quod
673 1558 774 1598 possit
796 1568 813 1588 a
834 1557 933 1588 libera
955 1557 1078 1588 ratione
1098 1555 1255 1596 impediri.
1278 1555 1372 1586 Unde

308 1611 410 1642 puero
434 1601 490 1642 qui
505 1612 523 1632 a
539 1601 712 1632 commisso
737 1608 808 1632 actu
832 1601 958 1632 mortali
981 1607 1146 1631 excusatur
1165 1606 1295 1640 propter
1319 1599 1372 1629 de-

309 1645 428 1676 fectum
451 1645 615 1682 libertatis,
639 1655 706 1676 non
729 1645 905 1686 imputatur
927 1645 1023 1676 etiam
1045 1645 1239 1686 quicumque
1262 1650 1372 1673 motus

307 1689 342 1720 in
365 1696 472 1720 actum
495 1690 615 1730 peccati
645 1690 787 1720 mortalis
810 1690 860 1720 vel
889 1689 1036 1725 venialis,
1061 1696 1190 1729 propter
1212 1687 1371 1718 defectum

308 1733 459 1764 libertatis
483 1741 606 1765 exactae
629 1734 667 1764 ad
692 1734 973 1774 praeveniendum,
997 1733 1238 1773 impediendum
1261 1739 1291 1762 et
1315 1732 1371 1762 do-

309 1777 499 1808 minandum
521 1778 571 1808 his
594 1778 745 1808 motibus.
771 1778 812 1808 Et
834 1777 936 1808 simile
960 1783 1040 1807 esset
1059 1777 1098 1807 de
1114 1776 1327 1811 somnolento,
1345 1776 1373 1806 si

309 1822 398 1852 nulla
410 1822 628 1862 praecessisset
641 1822 807 1862 culpabilis
819 1821 944 1852 occasio
957 1821 1008 1852 vel
1019 1821 1242 1861 superfluitatis
1255 1820 1370 1856 somni,

308 1866 360 1897 vel
379 1866 571 1897 occurrentis
595 1866 804 1906 cogitationis.
830 1867 921 1903 Quae
943 1866 976 1895 in
992 1865 1158 1906 proposito
1175 1875 1241 1895 non
1257 1865 1373 1894 habent

308 1910 437 1941 locum:
462 1910 536 1950 quia
560 1909 700 1941 defectus
723 1910 831 1940 aetatis
859 1909 1030 1950 prohibens
1056 1909 1248 1945 libertatem,
1273 1908 1372 1938 incul-

309 1954 422 1995 pabilis
452 1954 586 1984 omnino
615 1961 671 1985 est.
700 1953 896 1985 Sufficienter
923 1954 1018 1993 igitur
1040 1955 1161 1984 Auctor
1184 1953 1309 1989 docuit,
1334 1953 1372 1982 de

309 1997 455 2038 perfectis
483 1999 603 2029 actibus
634 1998 807 2028 moralibus
830 1998 863 2028 in
886 2007 999 2038 genere
1027 1997 1168 2028 mortalis
1192 2003 1222 2028 et
1243 1997 1373 2027 venialis

310 2049 455 2078 tractans,
482 2049 516 2073 ut
539 2053 575 2073 ex
597 2042 659 2072 illis
681 2042 884 2082 imperfectos
908 2042 1003 2072 etiam
1027 2041 1188 2078 sciremus,
1212 2048 1248 2073 ut
1271 2041 1373 2071 decla-

312 2093 417 2117 ratum
440 2093 495 2117 est.

367 2131 407 2161 V.
431 2131 483 2161 Ad
506 2130 700 2161 obiectiones
723 2136 831 2160 autem
855 2136 964 2160 contra
992 2130 1168 2160 secundum
1191 2129 1326 2159 dubium
1341 2128 1372 2165 *‚

313 2174 428 2205 dicitur
445 2174 543 2215 quod,
559 2174 632 2205 licet
653 2174 692 2204 ad
708 2174 906 2214 peccandum
921 2173 1083 2204 venialiter
1102 2174 1208 2204 minus
1223 2173 1374 2204 libertatis

313 2217 449 2249 sufficiat
463 2218 496 2248 in
513 2218 658 2249 exercitio
682 2228 780 2259 quam
803 2218 835 2248 in
859 2217 995 2254 mortali,
1020 2218 1095 2259 quia
1117 2219 1236 2258 absque
1259 2217 1374 2247 delibe-

313 2262 435 2293 ratione
458 2268 606 2302 peccatur
623 2262 797 2298 venialiter3
822 2272 888 2292 non
907 2268 1014 2292 tamen
1030 2262 1136 2293 minus
1152 2261 1266 2292 sufficit
1281 2261 1314 2291 in
1330 2261 1374 2291 fa-

313 2306 439 2337 cultate.
460 2306 544 2343 Quia
559 2316 626 2336 non
642 2313 789 2347 peccatur
803 2306 965 2336 venialiter
979 2306 1098 2347 absque
1113 2306 1210 2336 libera
1229 2305 1376 2336 facultate

314 2350 500 2381 dominandi
515 2360 610 2390 super
625 2350 767 2390 singulos
782 2357 900 2386 motus,
914 2360 996 2390 quae
1007 2350 1139 2381 facultas
1151 2350 1270 2391 absque
1282 2349 1376 2390 plena

313 2394 454 2425 libertate
470 2404 537 2425 non
554 2400 609 2425 est.
622 2412 643 2417 —
659 2395 725 2424 Nec
741 2401 822 2424 recte
846 2394 980 2425 instatur
995 2401 1104 2425 contra
1119 2394 1208 2424 illam
1221 2393 1374 2434 regulam,

312 2438 485 2470 Excusans
495 2449 516 2469 a
528 2439 660 2476 maiore,
674 2443 807 2469 excusat
822 2448 842 2468 a
858 2439 990 2469 minore.
1004 2437 1167 2476 Quoniam
1180 2438 1375 2478 intelligitur,

314 2482 422 2514 ceteris
446 2482 583 2523 paribus.
609 2481 744 2513 Constat
766 2490 873 2513 autem
896 2483 986 2523 quod
1000 2492 1067 2512 non
1081 2489 1156 2513 sunt
1171 2489 1272 2513 cetera
1290 2482 1376 2522 paria

313 2526 346 2557 in
361 2526 522 2557 instantia:
543 2526 618 2566 quia
632 2526 741 2556 lumen
757 2527 887 2557 rationis
907 2533 953 2557 est
967 2526 999 2556 in
1014 2525 1193 2557 infidelibus
1209 2526 1376 2557 ostendens

313 2570 375 2601 illis
398 2571 484 2601 bona
506 2570 648 2607 moralia,
669 2580 750 2611 quae
767 2580 834 2601 non
853 2577 1038 2611 sequuntur.
1062 2571 1155 2601 Unde
1178 2570 1224 2600 illi
1248 2570 1304 2610 qui
1327 2580 1376 2600 ex-

315 2621 465 2646 cusantur
480 2624 499 2644 a
512 2621 642 2654 peccato
658 2614 859 2651 infidelitatis,
883 2615 972 2655 quod
995 2621 1042 2645 est
1060 2615 1173 2651 maius,
1190 2621 1378 2645 excusantur

315 2667 446 2699 quoque
474 2668 492 2688 a
514 2665 644 2699 peccato
673 2658 854 2688 omissionis
883 2665 1076 2689 sacramenta
1105 2658 1179 2689 fidei
1206 2668 1273 2689 non
1301 2658 1376 2689 reci-

314 2701 442 2742 piendo,
458 2703 546 2742 quod
563 2708 608 2732 est
624 2702 740 2738 minus,
757 2702 832 2742 quia
846 2702 897 2732 hic
913 2709 1012 2733 cetera
1028 2709 1102 2732 sunt
1118 2702 1214 2742 paria,
1227 2709 1377 2733 neutrum

316 2745 402 2776 enim
421 2752 467 2775 est
485 2745 560 2775 alias
581 2745 755 2785 cognitum,
773 2752 847 2776 etc.:
873 2753 903 2776 et
925 2756 992 2776 non
1008 2756 1026 2776 a
1042 2753 1171 2786 peccato
1196 2746 1375 2777 fornicatio-

316 2789 374 2825 nis,
399 2789 488 2829 quod
512 2795 558 2819 est
580 2789 702 2819 ratione
725 2789 859 2820 naturali
881 2790 1088 2830 prohibitum.

370 2833 424 2864 VI.
441 2833 476 2863 In
494 2833 608 2863 eodem
631 2839 719 2864 sexto
742 2834 874 2864 articulo
897 2834 1091 2875 quaestionis
1107 2834 1377 2874 octogesimaeno-

317 2886 386 2913 nae,
399 2876 480 2907 circa
494 2876 548 2907 illa
563 2877 673 2907 verba:
689 2878 832 2908 Primum
847 2878 933 2918 quod
946 2883 1022 2909 tunc
1036 2879 1156 2909 homini
1171 2879 1376 2919 cogitandum

316 2922 474 2958 occurrit,
500 2926 547 2952 est
568 2921 747 2952 deliberare
773 2922 813 2952 de
838 2923 960 2962 seipso,
986 2922 1083 2953 dubia
1106 2922 1172 2953 duo
1196 2930 1377 2954 occurrunt.

316 2965 461 2995 Primum
484 2971 546 3001 est,
571 2975 611 2995 an
634 2964 696 2995 hoc
723 2965 915 3006 intelligatur
938 2967 976 2997 de
999 2966 1100 3002 facto,
1125 2976 1166 2996 an
1189 2967 1227 2997 de
1252 2967 1376 2997 debito:

316 3009 406 3045 idest,
428 3018 469 3039 an
489 3008 532 3039 ita
547 3008 587 3039 sit
604 3009 693 3050 quod
716 3009 839 3040 homini
861 3010 1023 3050 incipienti
1046 3010 1160 3040 habere
1176 3020 1271 3041 usum
1288 3010 1379 3041 liberi

318 3052 443 3089 arbitrii,
468 3059 611 3083 occurrat
629 3053 668 3083 de
684 3052 766 3084 facto
790 3053 867 3084 haec
886 3054 1052 3094 cogitatio;
1077 3064 1117 3084 an
1141 3064 1303 3085 occurrere
1327 3055 1379 3085 de-

317 3097 397 3133 beat,
422 3097 497 3138 quia
520 3096 638 3127 scilicet
658 3103 782 3127 tenetur
797 3098 836 3127 ad
850 3097 912 3128 hoc
935 3097 1152 3137 cogitandum.
1177 3098 1208 3128 Si
1229 3098 1315 3128 enim
1330 3098 1379 3128 in-

317 3141 467 3181 telligitur
485 3141 575 3182 quod
593 3141 632 3171 de
646 3140 729 3171 facto
745 3140 788 3172 ita
807 3148 862 3177 est,
877 3141 910 3171 in
926 3142 1036 3182 primis
1055 3141 1171 3172 falsum
1190 3142 1377 3173 assumitur:

317 3195 393 3215 nam
415 3185 557 3225 primum
580 3194 748 3215 occurrens
776 3191 822 3215 est
845 3186 982 3221 bonum,
1007 3186 1097 3226 quod
1119 3186 1301 3217 naturaliter
1324 3196 1379 3226 ap-

317 3229 444 3269 petitur.
460 3247 481 3252 -
499 3229 620 3259 Deinde
635 3229 698 3259 hoc
714 3235 769 3260 aut
783 3229 960 3260 voluntarie
976 3228 1102 3260 dicitur:
1119 3236 1174 3261 aut
1189 3236 1318 3270 propter
1332 3240 1379 3260 ra-

317 3273 439 3303 tionem
462 3273 494 3303 in
511 3273 716 3313 responsione
732 3273 772 3303 ad
787 3273 915 3303 tertium
931 3272 1067 3309 allatam,
1083 3273 1160 3313 quia
1175 3273 1291 3304 scilicet
1308 3273 1380 3304 finis

318 3323 365 3348 est
386 3317 472 3358 prior
494 3317 527 3347 in
550 3317 735 3353 intentione,
759 3316 827 3357 ipse
849 3323 956 3347 autem
979 3323 1045 3347 met
1064 3324 1109 3348 est
1123 3316 1205 3353 finis,
1223 3318 1262 3347 ad
1282 3327 1379 3358 quem

318 3361 378 3391 alia
400 3361 533 3392 ordinat.
559 3361 620 3392 Sed
643 3361 720 3391 haec
738 3361 903 3401 responsio
921 3370 986 3391 non
1007 3361 1167 3392 concludit
1185 3361 1274 3393 illud.
1291 3362 1380 3392 Tum

317 3405 392 3446 quia
415 3405 532 3436 falsum
556 3412 602 3435 est
632 3405 721 3445 quod
743 3405 877 3445 ipsemet
900 3405 939 3435 sit
964 3404 1048 3435 finis:
1079 3415 1153 3435 cum
1183 3405 1223 3436 sit
1250 3412 1380 3445 propter

318 3449 413 3480 aliud.
430 3450 519 3480 Tum
535 3449 610 3490 quia
625 3459 661 3480 ex
678 3449 739 3480 hoc
758 3449 847 3490 quod
862 3449 996 3489 ipsemet
1011 3449 1147 3480 occurrit
1162 3456 1196 3480 ut
1210 3448 1292 3485 finis,
1312 3459 1379 3479 non

319 3492 460 3534 sequitur
482 3494 571 3534 quod
595 3493 633 3523 de
656 3493 726 3533 ipso
751 3493 790 3524 sit
817 3493 1010 3524 deliberatio.
1025 3511 1045 3516 -
1062 3493 1202 3524 Demum
1223 3493 1297 3534 quia
1311 3503 1377 3524 non

2403 171 2472 208 147

1416 239 1594 279 experimur
1616 239 1649 269 in
1672 239 1764 270 nobis
1796 238 1885 280 quod
1909 237 2001 268 nobis
2024 237 2128 278 primo
2151 237 2228 268 haec
2251 238 2399 278 cogitatio
2423 248 2475 268 oc-

1416 290 1528 314 currat.

1472 326 1504 357 Si
1523 334 1630 357 autem
1645 326 1831 366 intelligitur
1847 326 1886 357 de
1901 325 2018 362 debito,
2034 325 2238 366 probandum
2253 332 2334 356 esset
2347 325 2419 356 hoc.
2437 325 2477 356 Et

1417 370 1443 399 si
1466 370 1545 400 ratio
1568 370 1601 400 in
1623 371 1726 401 littera
1740 370 1758 388 *
1773 370 1878 411 posita
1900 369 2035 406 affertur,
2059 376 2135 401 tunc
2149 370 2283 410 insurgit
2301 370 2478 400 secundum

1418 414 1564 444 dubium.
1584 414 1669 451 Quia
1683 422 1738 445 aut
1753 414 1888 445 intendit
1906 414 1996 454 quod
2013 413 2148 454 ipsemet
2166 414 2270 454 primo
2287 413 2423 444 occurrit
2442 421 2477 444 ut

1418 456 1505 487 finis:
1523 465 1578 488 aut
1595 465 1631 488 ut
1647 459 1686 488 ad
1705 458 1813 489 finem.
1837 458 1870 489 Si
1894 465 1930 488 ut
1943 457 2031 494 finis,
2056 467 2122 488 non
2147 465 2273 498 oportet
2293 458 2382 498 quod
2401 458 2477 488 deli-

1419 501 1505 531 beret
1528 502 1566 531 de
1589 502 1709 542 seipso:
1734 503 1788 532 sed
1812 502 1927 533 sufficit
1949 502 2037 542 quod
2053 511 2119 532 non
2143 509 2227 533 amet
2241 512 2274 532 se
2292 502 2365 542 plus
2380 511 2478 542 quam

1419 544 1535 575 Deum.
1552 545 1592 575 Et
1608 546 1651 575 sic
1667 546 1756 576 nullo
1772 552 1940 586 praecepto
1957 545 2144 576 affirmativo
2157 546 2314 577 tenebitur
2327 556 2386 586 pro
2402 551 2479 576 tunc

1420 588 1459 617 ad
1482 589 1696 619 ordinandum
1720 599 1768 626 se,
1794 590 1847 619 sed
1871 589 2033 629 negativo,
2063 589 2179 621 scilicet
2205 600 2272 620 non
2301 590 2478 620 inordinate

1420 632 1595 662 amandum
1610 641 1658 662 se:
1684 633 1773 663 cuius
1790 633 1967 664 observatio
1991 640 2050 664 stat
2065 643 2139 664 cum
2154 641 2284 674 peccato
2299 633 2425 670 veniali,
2449 640 2480 664 et

1419 675 1582 706 voluntate
1602 677 1748 706 studendi
1762 677 1795 706 in
1811 677 2023 716 grammatica.
2033 695 2054 699 -
2068 677 2099 708 Si
2116 677 2197 708 sicut
2212 679 2252 708 ad
2265 677 2372 714 finem,
2384 678 2479 708 verba

1422 720 1563 759 corporis
1579 720 1701 750 articuli
1714 727 1900 756 consonant,
1914 721 2030 751 scilicet
2044 721 2222 755 deliberare
2236 722 2276 752 de
2290 723 2409 762 seipso:
2425 721 2480 752 sed

1420 763 1500 793 ratio
1517 763 1608 794 allata
1622 764 1655 793 in
1669 764 1780 800 littera,
1796 764 1830 794 in
1845 764 2051 804 responsione
2065 765 2105 794 ad
2121 765 2258 802 tertium,
2272 765 2316 796 nil
2329 766 2422 796 valet.
2439 765 2480 795 Et

1421 817 1496 837 cum
1515 808 1582 837 sola
1598 807 1637 838 sit
1656 808 1759 843 allata,
1776 807 1886 838 omnia
1900 807 1966 837 sine
1986 808 2114 838 rationis
2129 809 2336 840 fundamento
2352 816 2478 840 restant.

1471 851 1540 882 VII.
1552 852 1603 882 Ad
1617 851 1672 881 has
1685 851 1896 882 dubitationes
1911 852 2006 882 simul
2022 853 2252 892 respondendo,
2268 853 2381 884 dicitur
2392 853 2481 893 quod

1421 896 1515 925 verba
1541 895 1660 926 litterae
1690 895 1910 935 intelliguntur
1937 905 2003 925 non
2026 896 2132 926 solum
2155 897 2193 926 de
2217 897 2340 933 debito,
2364 898 2419 927 sed
2442 897 2481 926 de

1421 938 1519 969 facto:
1545 946 1575 970 et
1594 940 1632 969 de
1649 939 1754 979 seipso
1777 939 2020 979 quodammodo
2044 946 2080 970 ut
2102 939 2174 975 fine,
2194 947 2225 970 et
2239 941 2481 981 quodammodo

1422 990 1458 1013 ut
1473 983 1513 1012 ad
1528 982 1634 1014 finem.
1659 984 1710 1013 Ad
1733 983 1823 1013 cuius
1847 983 2050 1019 evidentiam,
2075 984 2301 1014 advertendum
2325 991 2371 1015 est
2393 984 2482 1025 quod

1421 1027 1455 1057 in
1478 1034 1661 1058 occurrente
1690 1027 1795 1067 primo
1825 1026 1888 1057 fine
1915 1027 2119 1057 inveniuntur
2146 1028 2226 1058 duo:
2251 1028 2367 1058 scilicet
2394 1028 2483 1068 quod

1422 1071 1596 1111 appetitur,
1627 1078 1658 1101 et
1685 1071 1735 1101 cui
1765 1071 1932 1111 appetitur.
1960 1071 2104 1101 Primum
2133 1078 2178 1102 est
2205 1078 2348 1102 amatum
2375 1081 2483 1102 amore

1423 1115 1710 1155 concupiscentiae:
1735 1115 1921 1151 secundum,
1938 1124 2045 1145 amore
2060 1115 2224 1146 amicitiae.
2249 1115 2290 1146 Et
2305 1115 2380 1156 quia
2394 1125 2483 1146 ama-

1423 1159 1483 1189 bile
1505 1159 1630 1199 quidem
1655 1159 1786 1196 bonum,
1812 1160 1981 1199 unicuique
2003 1164 2109 1190 autem
2125 1160 2296 1199 proprium
2310 1159 2337 1196 *,
2355 1167 2386 1190 et
2403 1161 2482 1190 ami-

1423 1204 1537 1234 cabilia
1560 1213 1642 1244 quae
1664 1208 1739 1234 sunt
1761 1203 1803 1233 ad
1826 1203 1918 1240 alios,
1943 1204 2073 1234 veniunt
2091 1213 2133 1233 ex
2155 1204 2316 1234 amicabili
2338 1203 2381 1234 ad
2402 1203 2482 1239 se*;

1422 1247 1563 1287 primum
1579 1247 1630 1278 cui
1647 1246 1813 1287 appetitur,
1839 1254 1885 1278 est
1907 1247 2042 1287 ipsemet
2064 1254 2225 1287 appetens.
2248 1248 2290 1278 Et
2312 1247 2387 1288 quia
2409 1257 2483 1278 con-

1424 1291 1569 1332 cupitum
1592 1292 1755 1322 ordinatur
1773 1291 1813 1321 ad
1828 1298 1971 1322 amatum
1989 1291 2137 1327 amicitia,
2153 1297 2184 1321 et
2198 1301 2264 1321 non
2281 1301 2298 1322 e
2314 1300 2482 1328 converso;

1422 1335 1495 1366 ideo
1519 1335 1640 1376 primus
1664 1335 1847 1375 simpliciter
1868 1334 1940 1365 finis
1963 1345 2131 1365 occurrens
2154 1335 2314 1375 appetenti
2334 1342 2380 1366 est
2402 1335 2483 1375 ipse-

1423 1387 1498 1416 met,
1509 1380 1565 1420 qui
1578 1386 1624 1410 est
1638 1379 1709 1410 finis
1725 1379 1873 1409 omnium
1889 1378 2195 1418 concupiscibilium,
2207 1380 2248 1409 ad
2262 1389 2360 1420 quem
2376 1380 2485 1410 omnia

1424 1423 1681 1464 concupiscibilia
1703 1423 1885 1454 naturaliter
1912 1423 2107 1454 ordinantur.
2139 1423 2224 1459 Quia
2246 1433 2321 1463 ergo
2344 1423 2415 1453 finis
2439 1431 2485 1454 est

1423 1468 1509 1508 prior
1531 1468 1564 1498 in
1587 1467 1776 1503 intentione;
1797 1473 1827 1497 et
1845 1467 1979 1507 ipsemet
1994 1477 2073 1506 puer
2089 1473 2136 1496 est
2151 1466 2222 1497 finis
2238 1467 2342 1507 primo
2357 1474 2481 1498 amatus

1425 1512 1572 1548 amicitia,
1598 1512 1649 1543 cui
1671 1511 1777 1552 primo
1802 1510 2036 1551 concupiscitur
2059 1511 2097 1541 de
2121 1510 2217 1547 facto;
2243 1517 2368 1551 oportet
2396 1512 2485 1552 quod

1424 1557 1564 1597 primum
1588 1557 1627 1587 de
1650 1555 1733 1586 facto
1757 1564 1924 1586 occurrens
1940 1555 2030 1595 pueri
2052 1554 2208 1586 voluntati
2228 1555 2268 1586 sit
2285 1555 2428 1595 ipsemet,
2446 1555 2486 1586 ad

1425 1611 1522 1641 quem
1545 1600 1606 1630 alia
1629 1598 1887 1639 concupiscibilia
1910 1599 2043 1630 ordinet.

1481 1645 1652 1684 Completo
1676 1650 1783 1674 autem
1806 1643 1868 1673 hoc
1891 1643 2025 1673 naturali
2049 1653 2197 1679 occursu,
2222 1652 2288 1683 quo
2316 1653 2395 1683 puer
2417 1643 2486 1674 vult

1425 1689 1607 1719 naturaliter
1630 1687 1688 1718 sibi
1711 1689 1834 1718 bonum
1849 1697 1885 1717 ac
1908 1687 2144 1723 beatitudinem,
2169 1697 2366 1726 consequens
2390 1693 2436 1717 est
2451 1694 2486 1718 ut

1425 1733 1530 1764 statim
1554 1733 1593 1762 de
1616 1731 1785 1772 praecipue
1815 1737 1938 1767 amato,
1963 1731 2051 1772 quod
2080 1731 2143 1761 iam
2168 1731 2320 1767 occurrit,
2344 1731 2424 1761 idest
2447 1732 2486 1761 de

1425 1777 1540 1817 seipso,
1565 1776 1717 1806 sollicitus
1740 1775 1780 1806 sit
1802 1775 1879 1816 quid
1903 1775 1930 1805 ei
1955 1775 2170 1815 appetendum
2194 1775 2248 1805 sit:
2274 1785 2310 1805 ex
2324 1774 2385 1805 hoc
2400 1775 2485 1805 enirn

1425 1821 1541 1861 pendet
1563 1820 1641 1861 quid
1664 1820 1872 1860 operandum,
1897 1819 1975 1859 quid
1998 1819 2241 1854 sollicitandum,
2266 1818 2344 1859 quid
2367 1819 2486 1859 patien-

1426 1866 1513 1901 dum,
1534 1871 1564 1895 et
1587 1863 1743 1905 quidquid
1766 1863 1854 1894 aliud
1876 1864 1984 1894 subest
2008 1863 2074 1893 eius
2093 1863 2252 1903 potestati.
2276 1863 2316 1893 Et
2331 1863 2485 1903 quoniam

1426 1910 1492 1949 ipse
1516 1908 1692 1939 secundum
1721 1907 1863 1947 seipsum
1890 1914 1936 1938 est
1964 1907 2063 1947 magis
2087 1914 2210 1938 amatus
2233 1917 2331 1947 quam
2353 1907 2488 1946 ipsemet

1427 1953 1602 1984 secundum
1618 1958 1730 1992 partes,
1742 1961 1797 1982 seu
1813 1951 1957 1992 partiales
1973 1951 2110 1982 rationes
2125 1960 2212 1987 suas;
2229 1960 2426 1991 consequens
2441 1958 2487 1982 est

1427 1998 1515 2038 quod
1539 1997 1680 2037 primum
1708 1995 1879 2026 sollicitans
1902 2005 2039 2035 puerum
2068 2002 2114 2026 est
2137 1995 2306 2025 deliberare
2329 1995 2407 2035 quid
2430 1995 2487 2024 sibi

1427 2041 1604 2072 secundum
1627 2040 1768 2080 seipsum
1792 2046 1908 2075 toturn,
1933 2049 1998 2069 non
2022 2040 2197 2070 secundum
2221 2039 2307 2069 hunc
2321 2039 2372 2068 vel
2394 2038 2487 2069 illum

1427 2092 1619 2126 respectum,
1645 2084 1860 2124 appetendum
1884 2090 1939 2114 est.
1963 2084 2035 2114 Hoc
2059 2090 2166 2114 autem
2190 2089 2236 2113 est
2258 2082 2426 2113 deliberare
2449 2082 2487 2112 de

1413 2125 1542 2170 seipso,
1559 2136 1589 2160 et
1604 2129 1749 2159 ordinare
1765 2138 1798 2158 se
1814 2128 1854 2158 ad
1872 2127 1985 2158 finem:
2008 2128 2083 2168 quia
2098 2128 2131 2158 id
2147 2127 2235 2167 quod
2250 2126 2308 2156 sibi
2323 2127 2383 2166 ipsi
2400 2137 2487 2166 prae-

1428 2175 1519 2214 cipue
1542 2179 1648 2203 amato
1672 2172 1848 2203 secundum
1867 2182 1901 2202 se
1916 2178 2033 2208 totum,
2050 2179 2096 2202 est
2114 2171 2341 2213 appetendum,
2357 2177 2404 2201 est
2417 2170 2488 2200 finis

1428 2219 1467 2248 ad
1483 2228 1578 2259 quern
1594 2217 1662 2257 ipse
1678 2216 1851 2247 ordinatur.
1876 2216 1969 2246 Unde
1985 2215 2010 2245 si
2027 2216 2085 2246 sibi
2101 2215 2315 2256 appetendum
2335 2215 2490 2245 censuerit

1427 2264 1551 2293 bonum
1574 2261 1745 2292 honestum
1766 2260 1799 2290 in
1823 2259 1969 2296 confuso,
1994 2266 2030 2290 ut
2053 2267 2136 2290 aetas
2152 2259 2205 2289 ina
2221 2258 2393 2294 consuevit,
2410 2259 2490 2288 bene

1429 2305 1609 2337 deliberavit
1633 2305 1671 2335 de
1694 2304 1810 2344 seipso,
1834 2303 1932 2334 finem
1955 2304 2099 2334 suumin
2114 2313 2187 2334 vera
2210 2302 2402 2333 beatitudine
2426 2303 2490 2333 col-

1427 2351 1550 2386 locans,
1575 2349 1720 2390 quamvis
1742 2347 1925 2389 imperfecte
1948 2354 1979 2378 et
2000 2348 2195 2382 inchoativez,
2219 2357 2284 2377 non
2308 2347 2381 2386 plus
2405 2347 2490 2376 enim

1429 2395 1560 2434 exigitur
1583 2404 1602 2424 a
1624 2403 1735 2434 puero.
1759 2392 1792 2423 Si
1815 2402 1892 2428 non,
1917 2385 2099 2422 omissioni‘s
2118 2402 2190 2422 reus
2208 2391 2274 2427 erit,
2291 2397 2326 2421 ut
2341 2391 2375 2420 in
2390 2390 2491 2422 littera

1429 2439 1551 2474 dicitur,
1574 2438 1608 2468 in
1630 2436 1838 2476 responsione
1862 2436 1901 2466 ad
1923 2436 2063 2466 tertium.

1484 2482 1566 2513 VIII.
1587 2482 1635 2512 Ex
1656 2481 1705 2511 his
1729 2487 1834 2511 autem
1855 2480 1968 2511 dicitur
1983 2480 2023 2510 ad
2039 2479 2161 2510 obiecta
2184 2486 2291 2509 contra
2307 2479 2447 2518 primurn
2462 2477 2489 2514 ᾗ,

1429 2527 1519 2568 quod
1542 2526 1580 2556 de
1608 2525 1691 2556 facto
1715 2525 1876 2555 Occurrere
1900 2524 2038 2564 seipsum
2068 2530 2103 2554 ut
2125 2523 2222 2553 finem
2246 2530 2389 2553 amatum
2412 2523 2490 2552 ami-

1431 2571 1514 2607 citia,
1540 2571 1618 2600 dum
1641 2569 1746 2609 primo
1770 2568 2003 2608 concupiscitur
2025 2569 2163 2603 bonum,
2188 2567 2309 2598 ratione
2333 2566 2492 2597 convinci-

1430 2623 1490 2646 tur.
1515 2614 1599 2652 Quia
1623 2623 1719 2643 omne
1743 2613 1951 2652 concupitum
1975 2611 2067 2642 alicui
2091 2611 2338 2651 concupiscitur:
2364 2617 2394 2641 et
2417 2620 2491 2640 cum

1428 2665 1552 2691 constet
1574 2658 1663 2698 quod
1686 2666 1752 2687 non
1769 2656 1866 2692 alteri,
1884 2666 1958 2696 ergo
1974 2656 2042 2686 sibi.
2054 2673 2073 2678 -
2085 2655 2233 2686 Similiter
2247 2655 2336 2695 quod
2355 2655 2392 2684 de
2407 2653 2490 2684 facto

1431 2703 1566 2734 occurrit
1580 2702 1714 2742 ipsemet
1730 2707 1766 2731 ut
1780 2700 1998 2736 deliberabilis,
2016 2706 2172 2740 quantum
2195 2706 2240 2729 est
2263 2709 2299 2729 ex
2321 2708 2426 2728 rerum
2441 2707 2491 2728 or-

1431 2748 1519 2783 dine,
1544 2747 1714 2786 probatum
1738 2750 1797 2775 est:
1829 2745 1904 2785 quia
1927 2751 1973 2774 est
1995 2743 2162 2783 praecipue
2193 2749 2325 2773 amatus.
2350 2742 2390 2772 Et
2416 2742 2491 2782 quia

1430 2801 1536 2822 rerum
1559 2791 1639 2820 ordo
1662 2789 1751 2819 nulla
1772 2795 1848 2819 tunc
1872 2788 1966 2828 culpa
1989 2797 2152 2827 perversus
2176 2794 2234 2822 est,
2262 2786 2334 2816 ideo
2363 2792 2491 2816 naturae

1431 2836 1575 2866 ordinem
1588 2833 1660 2864 facti
1673 2833 1776 2868 series,
1793 2839 1948 2873 quantum
1962 2832 2001 2862 ad
2018 2841 2194 2866 occursum,
2212 2830 2361 2870 sequitur.
2371 2830 2491 2860 Verum

1431 2888 1537 2911 tamen
1561 2885 1607 2909 est
1637 2877 1725 2918 quod
1753 2886 1922 2907 occursum
1945 2876 2037 2906 illurn
2059 2885 2124 2905 non
2148 2874 2321 2904 necessario
2344 2873 2491 2903 voluntas

1431 2922 1640 2964 amplectitur,
1665 2921 1720 2951 sed
1742 2927 1846 2961 potest
1868 2930 1934 2950 non
1957 2919 2091 2959 cogitare
2115 2925 2145 2949 et
2168 2918 2320 2953 omittere,
2341 2924 2377 2947 ut
2395 2917 2428 2947 in
2443 2917 2491 2947 lit-

1431 2975 1497 2999 tera
1516 2967 1643 2997 dicitur.

1487 3011 1580 3042 Unde
1604 3009 1681 3040 nihil
1700 3009 1804 3039 obstat
1819 3008 1907 3048 quod
1926 3008 2049 3037 bonum
2069 3013 2122 3036 aut
2138 3005 2300 3036 beatitudo
2315 3005 2420 3044 primo
2438 3014 2492 3035 oc-

1433 3061 1548 3086 currat:
1565 3054 1640 3095 quia
1652 3059 1687 3083 ut
1703 3051 1947 3092 concupiscibile
1960 3057 2130 3091 utrumque
2143 3049 2287 3080 occurrit.
2297 3066 2316 3071 -
2326 3049 2391 3079 Nec
2403 3049 2493 3089 quod

1431 3100 1499 3140 ipse
1522 3098 1627 3139 primo
1652 3096 1786 3127 occurrit
1809 3102 1844 3126 ut
1867 3095 1948 3125 finis.
1978 3094 2081 3124 Immo
2105 3103 2142 3123 ex
2169 3093 2230 3123 hoc
2257 3093 2390 3123 habetur
2413 3092 2492 3123 ratio

1433 3143 1521 3184 quod
1532 3152 1598 3172 non
1612 3140 1788 3171 voluntarie
1805 3139 1930 3169 dicitur:
1944 3138 2018 3179 quia
2029 3137 2100 3167 finis
2117 3144 2162 3168 est
2175 3137 2342 3177 praecipue
2357 3143 2490 3172 amatus,

1433 3194 1463 3218 et
1479 3187 1517 3216 de
1532 3186 1603 3226 ipso
1620 3184 1723 3224 primo
1737 3183 1916 3214 sollicitudo
1933 3181 2087 3222 sequitur;
2106 3188 2136 3212 et
2151 3181 2194 3212 sic
2210 3190 2278 3211 esse
2292 3180 2389 3211 finem
2407 3190 2493 3211 ama-

1432 3238 1502 3261 tum
1517 3228 1660 3264 amicitia,
1678 3227 1819 3267 sequitur
1837 3227 1944 3266 ipsum
1961 3235 2026 3256 esse
2046 3225 2186 3266 primum
2211 3224 2426 3261 deliberabile;
2448 3231 2493 3255 est

1434 3274 1519 3305 enim
1534 3273 1577 3303 sic
1593 3271 1674 3307 finis,
1688 3271 1776 3311 quod
1788 3277 1892 3311 potest
1904 3280 1970 3300 esse
1982 3270 2021 3300 ad
2037 3269 2136 3300 alium
2151 3268 2258 3299 finem.
2273 3268 2315 3299 Et
2326 3275 2493 3309 propterea

1433 3328 1499 3348 non
1520 3323 1566 3347 est
1581 3316 1696 3346 falsum
1719 3314 1826 3354 ipsum
1843 3324 1909 3344 esse
1924 3313 2036 3344 finem:
2057 3323 2114 3344 nec
2130 3313 2336 3353 impertinens
2354 3312 2490 3343 intentae

1433 3360 1640 3393 conclusioni.
1664 3377 1685 3382 -
1708 3359 1749 3389 Et
1771 3369 1827 3398 per
1849 3358 1910 3389 hoc
1934 3364 2019 3398 patet
2041 3357 2158 3389 solutio
2186 3357 2380 3397 reliquarum
2408 3356 2492 3387 obie-

1433 3405 1586 3436 ctionum.

1488 3449 1540 3480 IX.
1556 3448 1592 3478 In
1608 3447 1722 3478 eodem
1744 3453 1830 3478 sexto
1855 3445 1987 3477 articulo
2011 3445 2203 3486 quaestionis
2223 3444 2492 3484 octogesimaeno-

1432 3503 1500 3530 nae,
1514 3492 1648 3524 dubium
1663 3491 1766 3522 adhuc
1782 3497 1923 3532 superest
1937 3490 1970 3520 in
1985 3489 2066 3521 tertii
2081 3489 2257 3530 argumenti
2277 3487 2491 3529 responsione.

2503 374 2514 384 ⁸
2528 373 2554 395 In
2568 379 2629 401 resp.
2641 373 2669 395 ad
2683 379 2704 402 3.

2510 1163 2519 1172 '
2529 1163 2627 1185 Aristot.
2635 1163 2720 1190 Ethic„

2509 1189 2550 1210 lib.
2559 1189 2621 1215 vm,
2633 1195 2683 1217 cap.
2693 1195 2719 1216 u,

2510 1221 2534 1237 n.
2548 1221 2572 1241 2;
2588 1221 2614 1237 ca
2632 1231 2638 1237 .
2654 1222 2680 1241 v,
2695 1221 2719 1237 n.

2509 1247 2533 1268 4.
2548 1254 2558 1258 -
2573 1222 2648 1264 Ssfh.
2667 1242 2721 1263 lect.

2510 1274 2588 1316 Ρίυῗὲι.
2598 1294 2638 1316 lib.
2647 1294 2688 1321 lx,
2698 1299 2720 1316 ο.

2510 1327 2540 1348 rv,
2549 1327 2572 1342 n.
2580 1327 2598 1346 ις
2608 1326 2657 1368 effi
2669 1326 2720 1347 πη,

2510 1347 2609 1369 n.2.-S.
2654 1347 2720 1368 Acer.

2511 1380 2542 1401 iv,
2557 1379 2608 1395 vm.

2519 2482 2527 2490 ³
2543 2479 2578 2502 Cf.
2593 2485 2658 2501 num.
2671 2485 2704 2501 vx.
