2840 4010
105 1111 235 1140 'Vna-

106 1163 245 1192 ‘Vm-19.

107 1219 241 1249 ‘Vere-15.

105 1695 190 1720 'Vm
201 1696 271 1725 πόρε
280 1703 316 1723 sq.

105 1908 117 1920 ⁸
131 1907 198 1930 Vere.
211 1907 250 1935 4⁶.

114 2161 186 2175 »ιὲ-ιλν
219 2169 233 2174 ,,

115 2187 151 2202 Ε).
163 2190 185 2201 με,
206 2199 209 2201 .

106 2439 116 2450 ·
130 2437 198 2460 Vm.
211 2443 248 2467 39.

103 2597 115 2608 ⁵
130 2596 199 2619 Vera.
211 2602 225 2618 ,τ
239 2602 293 2625 ης.

110 3305 118 3313 ·
133 3303 193 3325 Vide
207 3307 249 3325 nrt.
260 3309 319 3331 seq„

109 3329 139 3351 ad
152 3337 177 3356 4.

1021 141 1286 188 QUAESTIO
1317 141 1412 187 CVI,
1447 139 1743 176 ARTICULUS
1776 139 1825 174 111

2437 137 2508 183 275

1141 274 1455 317 ARTICULUS
1483 274 1711 316 TERTIUS

813 370 969 401 υῬΒυΜ
992 369 1078 400 LEX
1099 367 1222 398 NOVA
1244 366 1462 396 DEBUERIT
1486 366 1588 396 DARI
1611 369 1642 397 A
1663 365 1877 397 PRINCIPIO
1901 365 2039 396 MUNm

1214 443 1304 476 Supra,
1323 451 1367 475 qu.
1387 451 1437 473 xcx,
1457 449 1503 469 art.
1525 443 1548 473 5,
1567 445 1598 468 ad
1619 451 1643 468 2.

1303 484 1313 493 ς

380 565 441 582 „
482 564 531 581 ,χι
556 548 580 574 ι)
597 547 757 574 ’mimum
775 546 830 572 stc
851 543 1090 571 PROCEDITUR.
1118 530 1277 568 Videtur
1300 530 1404 578 quod

373 568 532 634 ’ἱίῗῖζέῗ
558 590 617 626 lex
629 600 733 626 nova
747 586 920 625 debuerit
934 585 1014 622 dari
1029 597 1051 621 a
1065 583 1248 634 principio
1258 582 1402 619 mundi.

364 630 486 699 ,5⁸22
497 628 529 683 'c
543 640 648 679 Νοη
667 641 766 678 enim
785 644 840 676 est
848 649 1103 687 personarum
1121 636 1285 684 acceptio
1303 635 1407 683 apud

404 671 502 727 ἐθῦ
517 687 548 728 Χ
572 694 695 740 teum,
710 700 751 729 ut
765 691 900 729 dicitur
911 691 964 728 ad
974 692 1086 727 Rom.
1098 701 1121 726 11
1135 689 1166 726 *.
1184 688 1262 726 Sed
1275 699 1404 724 omnes

344 748 513 784 homines
533 750 798 794 peccaverunt,
819 750 855 780 et
871 749 982 793 egent
997 743 1124 793 gloria
1144 747 1162 764 ²
1184 741 1269 788 Dei,
1288 747 1335 776 ut.
1350 739 1403 776 di-

346 799 441 836 citur
467 799 519 836 ad
542 800 654 836 Rom.
685 809 720 834 ιιι
739 797 770 834 *.
792 798 894 844 Ergo
923 809 945 832 a
972 795 1157 844 principio
1185 792 1319 832 mundi
1345 793 1404 829 lex

345 851 543 899 Evangelii
570 851 652 888 dari
679 850 819 897 debuit,
838 857 881 886 ut
907 849 1087 886 omnibus
1105 859 1175 897 per
1202 858 1289 884 eam
1317 846 1404 882 sub-

344 903 548 941 veniretur.

399 967 435 992 2.
457 957 689 1002 Pan-mam,
706 955 801 992 sicut
819 955 857 992 in
878 954 1035 991 diversis
1053 953 1144 990 locis
1163 959 1250 989 sunt
1267 950 1405 988 diversi

344 1008 539 1055 homines,
568 1008 619 1045 ita
646 1009 760 1045 etiam
789 1008 827 1044 in
855 1007 1014 1044 diversis
1049 1004 1297 1054 temporibus.
1326 1003 1404 1040 Sed

345 1061 463 1108 Deus,
484 1062 550 1109 qui
565 1061 646 1098 vult
670 1072 800 1098 omnes
825 1060 994 1097 homines
1015 1059 1140 1096 salvos
1155 1057 1261 1106 fieri,
1280 1064 1322 1093 ut
1350 1056 1405 1093 di-

346 1113 440 1150 citur
469 1115 482 1150 1
511 1114 563 1150 ad
593 1115 687 1151 Tim.
709 1126 732 1150 11
751 1113 782 1161 ²⁸,
803 1113 1000 1150 mandavit
1019 1109 1271 1159 Evangelium
1296 1121 1405 1158 prae-

347 1165 463 1203 dicari
491 1166 528 1203 in
556 1166 736 1204 omnibus
764 1166 874 1212 locis;
894 1173 935 1202 ut
952 1172 1056 1215 patet
1073 1164 1206 1201 Matth.
1230 1163 1294 1199 ult.
1310 1161 1343 1209 *,
1368 1168 1405 1198 et

345 1219 467 1256 Mare,
485 1220 554 1256 ult:
569 1220 591 1243 Ῥ
613 1220 714 1267 Ergo
734 1219 914 1256 omnibus
932 1217 1170 1267 temporibus
1193 1215 1323 1253 debuit
1341 1214 1406 1251 ad-

334 1272 428 1308 esse
457 1272 516 1308 lex
548 1272 765 1320 Evangelii,
794 1272 844 1308 ita
871 1271 978 1320 quod
1006 1283 1028 1307 a
1055 1268 1239 1319 principio
1274 1267 1407 1304 mundi

346 1323 509 1361 daretur.
980 1324 982 1326 ’

401 1379 436 1415 3.
451 1378 684 1424 PRAETEREA,
701 1377 822 1425 magis
842 1384 897 1413 est
915 1376 1127 1413 necessaria
1141 1374 1287 1412 homini
1306 1376 1406 1412 salus

345 1430 559 1480 spiritualis,
579 1441 678 1478 quae
697 1437 754 1466 est
781 1437 945 1476 aeterna,
966 1441 1082 1477 quam
1107 1429 1208 1465 salus
1228 1439 1406 1476 corpora-

345 1483 401 1531 lis,
418 1494 517 1531 quae
537 1490 594 1520 est
611 1483 838 1531 temporalis.
864 1482 940 1519 Sed
956 1483 1063 1519 Deus
1082 1482 1130 1518 ab
1149 1480 1252 1518 initio
1271 1481 1406 1517 mundi

343 1535 512 1585 providit
538 1535 685 1572 homini
714 1547 759 1572 ea
787 1547 886 1583 quae
919 1543 1006 1572 sunt
1032 1533 1243 1571 necessaria
1271 1534 1320 1570 ad
1349 1546 1405 1570 sa-

379 551 388 565 Ἲ
434 555 438 567 ι
462 554 469 571 ῃ

284 1598 298 1613 '¹
344 1589 463 1626 lutem
492 1589 752 1637 corporalem,
778 1588 930 1625 tradens
959 1588 1037 1624 eius
1073 1586 1247 1636 potestati
1275 1587 1406 1623 omnia

345 1652 443 1690 quae
481 1649 587 1678 erant
608 1649 778 1690 propter
813 1641 1010 1678 hominem
1053 1647 1195 1687 creata,
1227 1646 1270 1676 ut
1304 1647 1407 1687 patet

349 1695 442 1731 Gen.
463 1693 523 1731 1³¹⁶.
545 1695 646 1742 Ergo
677 1695 789 1731 etiam
818 1695 877 1730 lex
905 1705 1019 1740 nova,
1041 1705 1140 1741 quae
1166 1692 1331 1730 maxime
1353 1700 1408 1729 est

345 1747 558 1784 necessaria
587 1748 634 1784 ad
663 1748 824 1784 salutern
852 1747 1104 1795 spiritualem,
1127 1745 1256 1782 debuit
1282 1746 1406 1782 homi-

345 1799 458 1837 nibus
486 1813 509 1837 a
535 1800 720 1849 principio
748 1800 881 1837 mundi
910 1799 1001 1836 dari.

399 1854 474 1890 SED
495 1864 641 1890 coum
659 1864 726 1890 EST
744 1853 850 1902 quod
868 1852 1076 1902 Apostolus
1095 1850 1194 1898 dicit,
1215 1852 1228 1887 l
1245 1852 1296 1888 ad
1318 1852 1403 1887 Cor.

344 1917 393 1943 xv
410 1905 451 1942 *τ
478 1906 570 1943 Νοη
585 1906 694 1954 prius
713 1906 814 1954 quod
830 1905 1023 1954 spirituale
1040 1910 1103 1950 est,
1123 1905 1189 1941 sed
1205 1905 1307 1953 quod
1323 1905 1405 1941 ani-

345 1959 456 1996 male.
478 1959 555 1996 Sed
583 1960 641 1995 lex
670 1971 773 1996 nova
801 1966 857 1995 est
876 1958 1044 1995 maxime
1071 1957 1281 2005 spiritualis.
1303 1958 1405 2004 Ergo

344 2012 405 2048 lex
433 2024 536 2048 nova
563 2023 641 2048 non
670 2011 801 2049 debuit
829 2011 908 2048 dari
937 2023 960 2047 a
987 2010 1171 2060 principio
1199 2010 1332 2048 mundi
1351 2009 1377 2046 β.

399 2066 625 2101 ΒΕεΡοΝῡεο
654 2076 838 2101 ῡιεΕΝῡυΜ
866 2064 971 2112 quod
997 2063 1132 2111 triplex
1160 2063 1253 2100 ratio
1282 2070 1407 2112 potest

345 2117 525 2165 assignari
554 2129 670 2166 quare
691 2118 749 2154 lex
778 2129 880 2154 nova
901 2129 979 2153 non
1007 2115 1137 2154 debuit
1165 2116 1245 2153 dari
1263 2129 1286 2153 a
1303 2116 1406 2165 prin-

346 2170 445 2219 cipio
469 2171 614 2207 mundi.
646 2170 820 2217 Quarum
848 2170 972 2219 prima
1001 2177 1056 2206 est
1082 2169 1170 2217 quia
1196 2170 1254 2206 lex
1283 2181 1403 2216 nova,

346 2223 441 2260 sieut
468 2224 612 2260 dictum
638 2230 694 2260 est
712 2223 743 2269 ³²,
764 2222 1017 2272 principaliter
1037 2230 1091 2260 est
1109 2222 1225 2285 gratia
1245 2222 1405 2272 Spiritus

314 2291 323 2298 ·
347 2275 495 2321 Sancti;
525 2288 623 2325 quae
658 2276 897 2313 abundanter
930 2275 1009 2312 dari
1037 2287 1116 2312 non
1143 2275 1273 2312 debuit
1300 2283 1405 2312 ante-

345 2340 464 2377 quam
492 2329 808 2378 impedimentum
828 2328 972 2378 peccati
1001 2329 1050 2364 ab
1069 2329 1240 2365 humano
1268 2340 1405 2376 genere

345 2382 548 2429 tolleretur,
561 2389 825 2419 consummata
841 2381 1104 2429 redemptione
1117 2393 1186 2430 per
1195 2382 1404 2427 Christum;

344 2434 447 2471 unde
476 2435 610 2472 dicitur
643 2436 746 2472 Ioan.
775 2447 823 2471 vu
851 2434 890 2470 *ε
925 2434 1108 2471 Nondum
1141 2440 1222 2471 erat
1248 2435 1407 2484 Spiritus

345 2487 474 2534 datus,
503 2489 592 2537 quia
628 2489 733 2524 Iesus
766 2488 932 2524 nondum
970 2493 1052 2524 erat
1085 2487 1328 2536 glorificatus.
1360 2488 1407 2524 Et

344 2540 444 2577 hanc
472 2541 658 2578 rationem
694 2540 892 2577 manifeste
930 2540 1093 2587 assignat
1124 2541 1330 2588 Apostolus
1358 2541 1410 2577 ad

343 2594 457 2630 Rom.
485 2605 546 2630 vm
565 2594 602 2641 *,
630 2594 716 2641 ubi,
745 2601 950 2642 postquam
978 2592 1224 2642 praemiserat
1252 2593 1299 2630 de
1326 2594 1411 2643 lege

1457 537 1535 567 tens
1566 532 1603 568 in
1636 532 1911 569 similitudinem
1939 533 2064 569 carnis
2090 532 2254 580 peccati,
2287 532 2334 568 de
2359 537 2514 580 peccato

1458 583 1652 620 damnavit
1671 591 1868 632 peccatum
1897 586 1934 621 in
1963 597 2088 631 carne,
2118 591 2159 621 ut
2185 585 2393 632 iustificatio
2420 584 2515 634 legis

1458 636 1673 684 impleretur
1700 638 1737 673 in
1766 638 1881 674 nobis.

1512 690 1687 726 Secunda
1724 690 1817 726 ratio
1845 698 1969 738 potest
2005 690 2183 738 assignari
2213 702 2257 726 ex
2284 689 2514 738 perfectione

1458 741 1548 788 legis
1577 754 1713 778 novae.
1735 743 1826 779 Non
1855 742 1957 779 enirn
1985 743 2125 792 aliquid
2145 743 2194 780 ad
2220 743 2430 791 perfectum
2450 742 2515 779 ad-

1459 793 1607 831 ducitur
1633 795 1757 831 statim
1778 807 1799 831 a
1817 795 2014 843 principio,
2035 796 2102 832 sed
2121 796 2292 843 quodam
2315 795 2515 844 temporali

1458 847 1707 884 successionis
1735 847 1887 885 ordine:
1917 848 2011 884 sicut
2038 848 2173 896 aliquis
2199 849 2306 896 prius
2333 849 2376 885 fit
2402 860 2512 896 puer,

1460 907 1495 935 et
1531 900 1780 947 postmodum
1808 900 1878 936 vir.
1917 901 1966 936 Et
2000 901 2098 937 hanc
2130 900 2316 937 rationem
2353 901 2516 948 assignat

1459 953 1666 1000 Apostolus
1693 953 1745 989 ad
1775 952 1858 989 Gal.
1879 965 1914 989 111
1933 952 1972 988 *ε
2003 954 2087 989 Lex
2114 954 2365 1003 paedagogus
2392 959 2516 990 noster

1446 1005 1531 1052 fuit
1561 1005 1598 1042 in
1637 1006 1801 1050 Christo,
1837 1010 1878 1041 ut
1907 1017 1956 1041 ex
1977 1006 2060 1053 fide
2095 1006 2347 1053 iustificemur.
2375 1007 2427 1042 At
2454 1007 2517 1043 uhi

1458 1058 1559 1094 venit
1573 1058 1686 1105 fides,
1706 1058 1782 1095 iam
1812 1069 1886 1094 non
1914 1070 2043 1094 sumus
2069 1059 2137 1095 sub
2158 1059 2400 1108 paedagogo.

1513 1110 1642 1147 Tertia
1662 1111 1755 1147 ratio
1776 1111 1936 1148 sumitur
1959 1123 2004 1147 ex
2032 1112 2106 1147 hoc
2134 1112 2239 1159 quod
2258 1112 2316 1148 lex
2339 1124 2442 1148 nova
2462 1119 2517 1148 est

1460 1164 1519 1200 lex
1546 1164 1707 1211 gratiae:
1737 1171 1773 1200 et
1799 1164 1886 1200 ideo
1914 1164 2039 1212 primo
2068 1164 2233 1212 oportuit
2264 1165 2368 1212 quod
2396 1165 2515 1201 homo

1461 1217 1733 1265 relinqueretur
1756 1217 1826 1253 sibi
1845 1216 1883 1253 in
1903 1223 2000 1253 statu
2019 1217 2157 1254 veteris
2176 1218 2279 1265 legis,
2298 1225 2351 1264 ut,
2372 1217 2411 1254 in
2429 1229 2517 1265 pec-

1462 1278 1587 1306 catum
1618 1270 1802 1316 cadendo,
1832 1282 1941 1306 suam
1976 1270 2230 1306 infirmitatem
2261 1282 2515 1318 cognoscens,

1461 1330 1749 1370 recognosceret
1780 1334 1820 1359 se
1848 1322 1964 1370 gratia
1998 1322 2175 1370 indigere.
2205 1324 2254 1359 Et
2281 1324 2380 1360 hanc
2408 1323 2516 1359 ratio-

1462 1387 1549 1412 nem
1568 1376 1731 1423 assignat
1749 1376 1956 1424 Apostolus
1975 1376 2027 1412 ad
2042 1377 2154 1412 Rom.
2171 1388 2194 1412 v
2213 1376 2243 1421 ³¹⁶,
2266 1375 2413 1412 dicens:
2433 1377 2518 1412 Lex

1459 1429 1681 1465 subintravit
1696 1434 1736 1464 ut
1747 1428 1957 1464 abundaret
1974 1428 2164 1465 delictum.-
2185 1429 2249 1465 ubi
2261 1434 2385 1465 autem
2400 1429 2516 1465 abun·

1461 1482 1563 1518 davit
1589 1481 1772 1526 delictum,
1801 1481 2120 1529 superabundavit
2144 1487 2180 1518 et
2204 1482 2342 1531 gratia.

1513 1537 1571 1571 AD
1586 1546 1723 1571 Palmum
1738 1545 1836 1571 ERGO
1851 1545 2035 1570 DtCENDUM
2049 1535 2154 1582 quod
2168 1535 2379 1571 humanum
2400 1546 2518 1582 genus

1461 1595 1615 1636 propter
1646 1595 1844 1635 peccatum
1878 1586 1988 1635 primi
2020 1587 2186 1635 parentis
2214 1587 2351 1624 meruit
2378 1587 2518 1635 privari

1461 1641 1597 1677 auxilio
1626 1640 1776 1688 gratiae.
1807 1641 1856 1676 Et
1884 1639 1970 1676 ideo
1991 1641 2283 1688 quibuscumque
2301 1651 2375 1677 non
2395 1638 2517 1685 datur,

1460 1695 1531 1730 hoc
1549 1699 1603 1730 est
1614 1705 1664 1729 ex
1682 1693 1837 1729 iustitia:
1857 1693 2149 1741 quibuscumque
2167 1699 2290 1730 autem
2306 1694 2428 1739 datur,
2449 1694 2519 1729 hoc

1461 1752 1515 1782 est
1531 1758 1581 1782 ex
1597 1746 1736 1795 gratia,
1757 1753 1798 1782 ut
1817 1745 2048 1793 Augustinus
2069 1746 2173 1792 dicit,
2194 1746 2231 1782 in
2250 1746 2346 1782 libro
2366 1746 2411 1782 de
2429 1747 2518 1782 Per-

1448 1801 1543 1847 fect.
1573 1799 1690 1835 Iustit.
1711 1798 1730 1820 '¹‘
1758 1798 1868 1835 Unde
1888 1810 1965 1835 non
1991 1806 2047 1835 est
2072 1799 2240 1847 acceptio
2269 1810 2517 1847 personarum

1461 1852 1563 1900 apud
1588 1852 1714 1888 Deum
1741 1863 1785 1888 ex
1806 1852 1879 1887 hoc
1908 1852 2013 1900 quod
2039 1863 2118 1888 non
2144 1852 2322 1888 omnibus
2342 1864 2364 1888 a
2383 1851 2519 1900 princi-

1460 1905 1524 1953 pio
1544 1905 1676 1941 mundi
1697 1905 1819 1952 legem
1840 1904 1978 1951 gratiae
1998 1904 2208 1953 proposuit,
2235 1917 2332 1952 quae
2358 1912 2436 1941 erat
2456 1905 2519 1941 de-

1461 1958 1537 1994 bito
1567 1957 1700 1994 ordine
1729 1957 1992 2006 proponenda,
2021 1964 2062 1993 ut
2090 1958 2233 1994 dictum
2263 1965 2318 1994 est
2336 1957 2366 1994 ³¹².

1514 2014 1571 2046 An
1591 2022 1781 2047 SECUNDUM
1800 2021 1984 2047 DICENDUM
2003 2010 2107 2058 quod
2127 2010 2323 2047 diversitas
2346 2011 2517 2047 locorum

1462 2075 1539 2100 non
1566 2063 1687 2099 variat
1706 2063 1900 2100 diversum
1931 2070 2068 2099 statum
2094 2063 2250 2100 humani
2274 2064 2433 2111 generis,
2454 2063 2519 2111 qui

1460 2117 1626 2153 variatur
1639 2128 1708 2164 per
1719 2115 1902 2164 temporis
1918 2116 2211 2153 successionem.
2232 2117 2280 2152 Et
2295 2115 2381 2153 ideo
2397 2116 2519 2152 omni-

1460 2170 1532 2206 bus
1558 2168 1650 2206 locis
1677 2169 1903 2217 proponitur
1920 2170 1978 2205 lex
2008 2181 2122 2215 nova,
2144 2181 2222 2206 non
2243 2175 2369 2205 autern
2399 2169 2520 2205 omni-

1461 2224 1531 2259 bus
1549 2221 1805 2270 temporibus:
1830 2221 1915 2258 licet
1933 2222 2039 2258 omni
2059 2229 2232 2270 ternpore
2252 2222 2388 2258 fuerint
2407 2221 2519 2270 aliqui

1461 2275 1509 2312 ad
1543 2286 1690 2312 novum
1719 2281 1988 2311 testamentum
2016 2275 2265 2323 pertinentes,
2295 2283 2336 2311 ut
2366 2287 2479 2323 supra
2501 2274 2520 2295 ³³³
2549 2288 2556 2295 ·
2595 2293 2605 2307 r

1461 2328 1601 2365 dictum
1631 2334 1697 2364 est.

1513 2383 1573 2418 AD
1601 2391 1763 2417 TERTIUM
1790 2391 1973 2416 DlCENDUM
2002 2381 2106 2428 quotl
2136 2393 2180 2417 ea
2209 2393 2305 2429 quae
2333 2380 2521 2429 pertinent

1462 2435 1510 2471 ad
1539 2434 1699 2470 salutem
1721 2433 1972 2481 corporalem,
1993 2433 2211 2470 deserviunt
2228 2434 2375 2470 homini
2403 2445 2520 2482 quan-

1462 2495 1543 2524 tum
1563 2487 1611 2523 ad
1631 2494 1818 2532 naturam,
1840 2498 1937 2534 quae
1957 2498 2035 2522 non
2054 2486 2194 2523 tollitur
2212 2498 2281 2535 per
2307 2494 2517 2535 peccatum.

1465 2540 1540 2577 Sed
1570 2552 1614 2576 ea
1647 2552 1744 2588 quae
1778 2539 1965 2587 pertinent
1993 2540 2041 2576 ad
2076 2539 2303 2587 spiritualem
2338 2540 2517 2586 salutem,

1464 2593 1685 2630 ordinantur
1702 2593 1752 2630 ad
1779 2592 1950 2640 gratiam,
1971 2603 2070 2639 quae
2091 2592 2266 2629 amittitur
2292 2604 2361 2640 per
2387 2604 2519 2640 pecca-

345 2646 503 2694 Spiritus
530 2647 639 2692 vitae,
669 2646 877 2694 subiungit:
906 2647 1021 2691 Deus,
1041 2645 1179 2682 Filium
1197 2658 1306 2683 suum
1326 2647 1411 2683 mit·
1434 2633 1438 2687 1
1463 2654 1556 2683 tum.
1587 2646 1636 2682 Et
1663 2645 1750 2682 ideo
1780 2657 1858 2681 non
1888 2652 1943 2681 est
1970 2645 2099 2681 similis
2123 2645 2215 2682 ratio
2245 2646 2291 2682 de
2311 2644 2490 2693 utrisque.

399 2764 427 2797 α)
445 2765 543 2797 gloria.
559 2778 579 2784 -
596 2765 689 2797 gratia
707 2765 753 2789 Pa.

1515 2764 1540 2798 β)
1561 2764 1662 2789 mundi.
1674 2777 1693 2783 —
1711 2764 1773 2789 Om.
1792 2763 1986 2788 ABCDEGHL.

1022 2852 1353 2886 Commentaria
1375 2852 1624 2885 Garamans
1646 2851 1846 2883 Caietam

376 2951 396 2971 N
413 2940 598 2982 quaestione
614 2940 870 2972 centesimasexta
885 2941 950 2971 duo
967 2948 1137 2972 occurrunt
1151 2941 1322 2972 scribenda.
1341 2941 1405 2972 Pri-

349 2953 469 3015 Imum
492 2991 540 3016 est
554 2991 599 3023 ut,
617 2984 649 3014 in
666 2984 796 3015 articulo
820 2984 923 3021 tertio,
948 2995 1072 3015 memor
1095 2985 1136 3016 sis
1160 2986 1249 3026 quod
1272 2995 1338 3016 non
1359 2992 1408 3016 est

347 3029 490 3070 quaestio
515 3029 553 3059 de
576 3029 645 3068 lege
668 3037 751 3058 nova
774 3029 881 3069 quoad
905 3038 999 3059 suurn
1023 3028 1211 3069 principale,
1235 3027 1316 3060 idest
1338 3039 1405 3069 gra—

346 3074 423 3104 tiam
443 3073 576 3113 Spiritus
595 3073 710 3108 Sancti,
728 3073 804 3103 haec
827 3073 913 3103 enim
935 3073 974 3102 ab
997 3073 1089 3103 initio
1112 3073 1224 3103 mundi
1249 3073 1320 3104 data
1343 3080 1406 3104 est:

347 3119 401 3148 sed
425 3117 464 3148 de
486 3117 554 3157 lege
578 3126 662 3147 nova
683 3117 858 3148 secundum
882 3127 915 3147 se
937 3123 1050 3154 totam,
1074 3123 1111 3147 ut
1133 3116 1250 3148 claudit
1271 3117 1304 3147 in
1327 3127 1360 3148 se
1376 3124 1407 3148 et

346 3162 479 3202 gratiam
494 3161 628 3202 Spiritus
643 3160 795 3198 Sanctiet
810 3160 987 3191 doctrinam
999 3161 1082 3191 Novi
1098 3161 1308 3197 Testamenti;
1328 3161 1406 3192 haec

347 3205 434 3236 enirn
457 3204 684 3236 abundantiam
707 3205 832 3244 gratiae,
853 3211 883 3235 et
906 3203 1132 3244 perfectionem
1147 3204 1238 3241 vitae,
1259 3211 1289 3235 et
1308 3215 1407 3236 sacra-

347 3257 454 3281 menta
477 3249 593 3290 gratiae
617 3249 765 3279 continet.

404 3294 588 3325 Secundum
605 3300 651 3324 est
662 3293 688 3329 *‚
709 3299 745 3323 ut
759 3302 825 3323 non
849 3293 969 3323 mireris
985 3292 1010 3323 si
1026 3291 1115 3322 audis
1135 3301 1253 3322 novam
1277 3292 1405 3332 reperiri

348 3345 485 3379 gentem,
503 3348 585 3378 quae
601 3337 678 3367 nihil
695 3337 771 3368 sciat
787 3337 825 3367 de
841 3336 978 3368 Christo.
998 3335 1120 3367 Sufficit
1134 3335 1218 3366 enim
1231 3337 1320 3377 quod
1334 3342 1406 3366 ante

1462 2941 1574 2971 mundi
1604 2939 1931 2975 consummationem,
1956 2939 2165 2978 Evangelium
2188 2945 2370 2978 susceptum
2394 2938 2426 2968 in
2450 2938 2518 2968 uni-

1462 2995 1552 3015 verso
1577 2984 1670 3015 fuerit
1694 2984 1769 3014 orbe
1785 2983 1960 3014 secundum
1972 2982 2143 3013 veritatem.
2167 2982 2385 3013 Praedicatum
2400 2982 2519 3022 quippe

1462 3028 1575 3059 dicitur
1599 3028 1694 3059 etiam
1719 3034 1862 3067 tempore
1888 3027 2119 3067 Apostolorum
2143 3026 2175 3056 in
2205 3027 2279 3056 orbe
2304 3026 2450 3056 universo
2473 3036 2519 3056 se-

1462 3073 1603 3103 cundum
1627 3071 1876 3111 reputationem:
1901 3071 1982 3101 sicut
2005 3077 2035 3100 et
2063 3071 2141 3100 em'it
2169 3070 2304 3100 edictum
2329 3080 2349 3100 a
2379 3070 2520 3101 Caesare

1462 3118 1608 3156 Augusto
1631 3121 1667 3146 ut
1688 3115 1921 3146 describeretur
1943 3116 2111 3145 universus
2126 3114 2211 3144 orbis
2224 3113 2251 3144 *.
2275 3114 2323 3145 De
2339 3115 2414 3144 orbe
2434 3114 2519 3144 enirn

1461 3160 1636 3190 secundum
1651 3166 1792 3190 nostram
1808 3158 1954 3189 notitiam
1977 3158 2127 3194 habitato,
2147 3158 2223 3188 haec
2239 3165 2270 3189 et
2291 3158 2405 3189 similia
2428 3158 2519 3189 intel-

1461 3204 1614 3244 liguntur:
1640 3203 1784 3243 quamvis
1809 3203 1984 3234 secundum
2004 3202 2187 3242 possibilem
2210 3202 2383 3239 veritatem,
2400 3203 2432 3232 in
2452 3202 2519 3232 aliis

1461 3255 1558 3279 terrae
1587 3247 1705 3287 quartis
1728 3246 1874 3277 affirmari
1898 3246 2020 3287 possint
2042 3246 2217 3287 antipodes.
2245 3247 2302 3283 Et,
2327 3247 2386 3277 nisi
2410 3246 2518 3282 fallor,

1461 3291 1524 3321 iarn
1548 3291 1674 3321 inventa
1697 3291 1810 3322 dicitur
1832 3298 1943 3331 quarta
1959 3290 2172 3321 meridionalis
2188 3290 2340 3322 habitata:
2365 3290 2519 3332 quoniam

1461 3336 1556 3376 polus
1580 3335 1766 3366 antarcticus
1790 3335 1928 3366 elevatur
1950 3335 2003 3366 eis.

2541 965 2552 975 ⁸
2566 965 2633 987 Vers.
2647 972 2675 992 24
2690 972 2725 994 sq.

2546 1386 2553 1394 ¹
2571 1385 2635 1406 Vei-s.
2650 1391 2686 1406 20.

2546 1808 2554 1815 '¹
2577 1804 2636 1826 Vide
2655 1805 2755 1832 Epistol.

2546 1831 2636 1858 CCVll,
2647 1831 2675 1852 al.
2685 1831 2756 1857 cvu,

2546 1858 2579 1879 ad
2592 1857 2694 1883 Vitalem,
2704 1863 2755 1884 cap.

2546 1891 2571 1907 v:
2583 1884 2618 1904 De
2631 1884 2695 1905 Pecc.
2706 1883 2755 1904 Me-

2547 1911 2587 1931 rit.
2605 1912 2629 1931 et
2646 1910 2755 1936 Remis-r„

2547 1937 2585 1957 lib.
2596 1936 2627 1961 11.
2642 1942 2692 1963 cap.
2707 1942 2755 1957 xix.

2546 1973 2557 1982 ⁸
2570 1971 2596 1992 In
2612 1977 2717 1998 corpore.

2548 3120 2555 3127 ·
2562 3118 2617 3140 Luc.
2625 3125 2755 3143 c.n‚vers.r.
