2840 4010
103 851 111 860 ·
128 850 154 870 D.
171 849 222 875 648.

102 1005 185 1052 s.⁶†²ss'1
199 1010 255 1052 1202:
266 1010 290 1051 Ζ·
302 1015 312 1020 ·

102 2648 110 2657 ”
120 2647 311 2670 S.Th.lect.xxrt.

98 3077 106 3086 ·
124 3077 171 3104 Qu.
185 3083 249 3103 xvur,
265 3081 305 3099 art.

97 3109 103 3123 1
122 3119 126 3123 .

339 195 386 221 22

338 263 441 301 idem
470 264 660 301 motivum
690 264 737 300 ad
766 264 1002 312 peccandum
1036 264 1072 299 in
1099 262 1262 311 peccatis
1295 273 1392 308 quae

341 324 427 353 sunt
456 317 666 353 secundum
687 315 1084 365 superabundantiam,
1107 321 1142 350 et
1169 313 1208 349 in
1230 313 1393 361 peccatis

340 381 438 418 quae
468 377 554 405 sunt
582 370 792 406 secundum
823 368 1030 411 defectum;
1066 365 1278 414 quinimmo
1308 373 1394 402 sunt

342 422 527 458 contraria
555 421 718 466 motiva;
748 421 841 457 sicut
869 419 1056 456 motivum
1085 419 1124 455 in
1155 425 1313 467 peccato
1341 418 1393 455 in-

340 474 611 522 temperantiae
651 481 706 509 est
741 484 851 508 amor
893 470 1183 508 delectationum
1218 483 1395 520 corpora-

341 527 455 572 lium,
486 526 674 562 motivum
703 532 829 561 autem
858 524 896 560 in
924 531 1080 572 peccato
1105 523 1395 561 insensibilitatis

342 587 397 615 est
425 579 556 615 odium
586 589 728 614 earum.
750 577 859 613 Unde
887 576 1107 613 huiusmodi
1136 584 1290 625 peccata
1318 589 1395 613 non

342 632 466 667 solum
495 629 672 667 differunt
699 629 836 677 specie,
858 629 924 665 sed
953 629 1066 666 etiam
1095 636 1181 666 sunt
1208 629 1277 666 sibi
1302 629 1395 666 invi-

342 695 425 719 cem
456 681 648 719 contraria.

393 736 451 770 An
480 745 616 770 PRIMUM
644 745 741 770 ERGO
771 746 955 771 DICENDUM
982 735 1087 782 quod
1115 734 1234 782 magis
1264 741 1299 770 et
1327 733 1396 770 rni-

340 799 423 833 nus,
445 786 512 823 etsi
540 797 618 822 non
647 786 718 822 sint
747 799 860 823 causa
885 787 1107 824 diversitatis
1136 786 1285 834 speciei,
1307 798 1395 822 con-

340 846 549 886 sequuntur
567 846 696 875 tamen
715 840 948 888 quandoque
968 839 1113 888 species
1134 839 1349 875 differentes
1363 838 1394 885 ²¹⁶,

339 899 453 940 prout
479 891 710 940 proveniunt
738 904 782 928 ex
808 892 964 929 diversis
993 891 1140 927 formis:
1171 891 1266 927 sicut
1293 890 1323 927 si
1344 891 1397 927 di-

342 952 446 981 catur
474 945 578 993 quod
607 945 701 992 ignis
731 952 785 981 est
809 945 930 981 levior
958 956 1056 980 aere.
1083 943 1193 980 Unde
1222 943 1396 980 Philoso-

338 998 437 1046 phus
467 997 570 1045 dicit,
599 997 636 1034 in
655 998 742 1034 VIII
771 997 889 1034 Ethic.
910 996 940 1043 ²¹²,
963 996 1067 1045 quod
1096 996 1159 1044 qui
1188 1003 1397 1044 posuerunt

339 1062 419 1087 non
455 1062 536 1086 esse
572 1050 740 1087 diversas
778 1049 922 1098 species
960 1049 1210 1085 amicitiarum
1244 1057 1397 1098 propter

339 1103 413 1139 hoc
433 1103 539 1150 quod
568 1102 741 1139 dicuntur
760 1107 776 1123 α
797 1101 1008 1138 secundum
1037 1100 1158 1149 magis
1188 1109 1223 1137 et
1250 1101 1394 1147 minus,

340 1167 414 1192 non
450 1155 651 1203 sufficienti
676 1155 913 1191 crediderunt
937 1155 1059 1204 signo,
1089 1155 1138 1191 Et
1165 1155 1239 1191 hoc
1276 1154 1395 1191 modo

340 1208 638 1256 superexcedere
668 1207 865 1254 rationem,
885 1208 947 1244 vel
973 1207 1137 1244 deficere
1158 1207 1205 1243 ab
1236 1219 1291 1254 ea,
1311 1219 1395 1256 per-

339 1260 430 1297 tinet
457 1260 505 1297 ad
535 1260 685 1297 diversa
712 1268 867 1308 peccata
895 1260 1106 1296 secundum
1135 1260 1315 1308 speciem,
1342 1260 1395 1296 in-

340 1321 523 1362 quantum
552 1321 836 1361 consequuntur
864 1312 1014 1350 diversa
1043 1312 1201 1349 motiva.

393 1434 418 1466 α)
441 1434 574 1459 dicuntur.
591 1447 610 1452 —
628 1434 720 1459 dicunt
738 1433 892 1465 ABCILpH,
913 1432 1040 1466 dzfferunt
1059 1433 1088 1456 K.

992 184 1255 231 QUAESTIO
1286 184 1441 229 LXXII,
1471 184 1765 220 ARTICULUS
1795 185 1846 220 IX

1499 263 1557 297 AD
1586 273 1774 298 SECUNDUM
1794 273 1976 299 ulcENDuM
2004 263 2109 311 quod
2133 263 2287 300 intentio
2310 263 2500 311 peccantis

1447 325 1525 349 non
1547 320 1601 349 est
1619 321 1660 349 ut
1680 314 1830 350 recedat
1850 325 1872 349 a
1891 314 2053 351 ratione:
2079 322 2114 351 et
2133 315 2219 352 ideo
2239 327 2317 352 non
2342 315 2501 352 efficitur

1448 365 1618 402 eiusdem
1653 365 1804 402 rationis
1831 373 2030 414 peccatum
2065 368 2431 415 superabundantiae
2465 375 2500 404 et

1449 418 1615 455 defectus
1634 426 1789 467 propter
1808 430 2000 455 recessum
2016 418 2077 455 'ab
2106 419 2241 456 eadem
2266 420 2419 457 rationis
2443 433 2500 457 re-

1449 471 1637 508 ctitudine.
1660 472 1737 508 Sed
1757 471 1990 519 quandoque
2009 470 2069 507 ille
2089 471 2152 519 qui
2171 471 2256 508 dicit
2278 473 2426 519 falsum,
2446 473 2501 510 in-

1448 524 1566 561 tendit
1584 524 1780 561 veritatern
1802 525 2005 560 occultare:
2026 523 2128 560 unde
2145 532 2327 572 quantum
2347 526 2395 562 ad
2413 526 2499 571 hoc,

1449 589 1527 613 non
1542 577 1654 613 refert
1666 584 1792 614 utrum
1809 577 1908 613 dicat
1916 577 1978 613 vel
1993 577 2077 625 plus
2091 577 2154 612 vel
2169 576 2305 613 minus.
2318 577 2358 613 Si
2372 584 2502 614 tamen

1450 630 1626 666 recedere
1646 642 1667 665 a
1685 629 1841 666 veritate
1862 629 1907 666 sit
1925 627 1940 658 β
1959 637 2108 678 praeter
2126 627 2392 676 intentionem,
2413 637 2502 667 tunc

1449 681 1691 718 manifestum
1708 689 1763 718 est
1777 682 1880 729 quod
1897 694 1942 722 ex
1959 682 2115 719 diversis
2132 681 2252 718 causis
2267 681 2400 730 aliquis
2419 695 2502 719 mo-

1447 741 1559 770 vetur
1577 733 1626 770 ad
1646 733 1850 771 dicendum
1869 735 1953 783 plus
1971 736 2034 772 vel
2055 735 2197 771 minus:
2227 742 2264 771 et
2291 734 2503 772 secundum

1448 787 1523 822 hoc
1552 786 1702 822 diversa
1722 794 1778 822 est
1804 787 1898 823 ratio
1927 787 2102 824 falsitatis.
2135 787 2238 824 Sicut
2264 794 2367 836 patet
2386 787 2434 824 de
2453 787 2504 823 ia-

1450 846 1602 885 ctatore,
1631 838 1695 887 qui
1724 839 1983 887 superexcedit
2012 840 2174 877 dicendo
2202 841 2361 887 falsum,
2390 851 2506 888 quae-

1450 903 1536 927 rens
1555 891 1730 939 gloriam3
1759 899 1795 927 et
1814 891 1861 927 de
1882 891 2099 941 deceptore,
2124 892 2188 942 qui
2210 892 2394 940 diminuit,
2416 904 2504 929 eva-

1450 944 1542 981 dens
1572 943 1685 980 debiti
1714 943 1952 980 solutionem.
1981 945 2092 982 Unde
2113 953 2148 982 et
2171 945 2363 993 quaedam
2390 945 2505 982 falsae

1450 996 1647 1045 opiniones
1671 1004 1758 1033 sunt
1786 988 1856 1033 sibi
1884 996 2050 1034 invicem
2079 998 2299 1035 contrariae.

1501 1051 1560 1086 An
1588 1061 1747 1086 martum
1774 1060 1958 1086 mesanum
1987 1050 2092 1098 quod
2116 1051 2297 1098 prodigus
2325 1058 2361 1087 et
2388 1050 2504 1088 illibe-

1449 1102 1535 1138 ralis
1570 1110 1695 1151 potest
1730 1114 1811 1138 esse
1850 1101 1981 1150 aliquis
2019 1103 2230 1141 secundum
2265 1103 2436 1140 diversa:
2465 1111 2507 1140 ut

1450 1154 1589 1191 scilicet
1623 1154 1668 1191 sit
1696 1154 1828 1203 aliquis
1866 1154 2054 1191 illiberalis
2082 1154 2120 1192 in
2148 1155 2368 1205 accipiendo
2407 1168 2506 1204 quae
2559 1166 2567 1168 ⁴

1450 1219 1529 1244 non
1547 1207 1671 1253 debet,
1693 1215 1728 1244 et
1747 1207 1928 1256 prodigus
1952 1207 1991 1244 in
2011 1207 2138 1245 dando
2164 1220 2262 1256 quae
2281 1221 2361 1246 non
2380 1208 2505 1247 debet.

1450 1259 1553 1296 Nihil
1582 1268 1708 1297 autem
1736 1260 1912 1309 prohibet
1941 1260 2126 1298 contraria
2154 1259 2279 1298 inesse
2299 1261 2423 1299 eidem
2450 1274 2507 1298 se-

1452 1314 1620 1350 cundum
1650 1313 1810 1350 diversa.

1507 1431 1532 1465 β)
1550 1433 1594 1457 sit.
1612 1447 1629 1452 -
1649 1440 1699 1457 non
1720 1433 1755 1457 sit
1774 1433 1802 1456 Ρ.

1010 1502 1339 1535 Commentaria.
1363 1501 1611 1535 Cardinalis
1633 1502 1831 1535 Caietani

369 1594 390 1613 N
413 1583 549 1614 articulis
573 1590 685 1613 octavo
710 1590 740 1613 et
763 1592 851 1612 nono
873 1581 1013 1612 eiusdem
1037 1581 1395 1621 septuagesimaesecun—

343 1595 428 1657 Idae
451 1627 654 1668 quaestioni8‚
675 1633 750 1657 nota
773 1626 862 1666 quod
885 1628 1015 1661 Auctor,
1038 1625 1228 1664 distinguere
1251 1632 1396 1664 peccato-

340 1681 412 1701 rum
431 1671 548 1710 species
564 1671 729 1701 intendens
752 1680 788 1700 ex
812 1677 899 1710 parte
917 1670 1112 1700 motivorum
1134 1668 1258 1705 finium,
1273 1669 1397 1699 videtur

341 1715 458 1755 digredi
482 1716 522 1745 ad
551 1715 671 1745 motiva
695 1725 731 1744 ex
762 1721 848 1754 parte
875 1714 1012 1753 agentis;
1037 1713 1208 1749 brevitatis,
1240 1719 1276 1743 ut
1298 1720 1394 1752 puto,

341 1769 443 1795 causa,
459 1759 569 1789 volens
584 1758 714 1798 intelligi
738 1769 775 1789 ex
790 1758 843 1789 tali
868 1757 1068 1789 distinctione
1085 1757 1294 1787 diversitatem
1311 1757 1395 1787 obie-

341 1811 474 1834 ctorum.
493 1803 587 1833 Verbi
610 1802 717 1842 gratia,
736 1813 810 1833 cum
833 1802 909 1832 dicit
927 1802 1016 1842 quod
1039 1801 1279 1841 intemperantia
1299 1807 1330 1831 et
1348 1801 1395 1831 in-

339 1847 525 1878 sensibilitas
549 1847 693 1877 oriuntur
717 1856 752 1877 ex
775 1845 936 1877 contrariis
961 1846 1097 1880 motivis,
1116 1845 1231 1876 scilicet
1254 1855 1291 1875 ex
1314 1845 1395 1875 dele—

339 1892 515 1922 ctationum
538 1901 646 1921 amore
667 1897 697 1921 et
720 1891 795 1921 odio
820 1900 938 1926 earum,
958 1890 1027 1920 vult
1050 1889 1179 1929 intelligi
1203 1899 1240 1920 ex
1263 1889 1394 1920 delecta-

340 1935 496 1966 ctionibus
525 1935 726 1971 amabilibus,
749 1942 779 1966 et
802 1944 838 1965 ex
862 1934 979 1965 eisdem
1009 1934 1119 1965 exosis.
1146 1934 1282 1974 Oportet
1309 1933 1395 1964 enim

339 1990 463 2011 sumere
487 1980 607 2010 motiva
631 1978 767 2009 effective
790 1989 856 2009 non
876 1985 912 2009 ut
935 1978 988 2014 sic,
1005 1979 1058 2008 sed
1082 1978 1113 2008 id
1130 1978 1218 2018 quod
1241 1978 1396 2008 redundat

338 2024 370 2054 in
395 2024 529 2060 obiecto,
547 2024 635 2064 quod
652 2030 759 2054 movet
782 2022 923 2054 finaliter.
941 2023 982 2053 Et
997 2023 1040 2053 sic
1063 2023 1156 2053 etiam
1179 2022 1317 2061 intellige
1337 2031 1395 2052 no-

338 2078 417 2099 num
442 2068 617 2099 articulum.

1508 1581 1544 1612 11.
1563 1581 1598 1611 In
1621 1581 1826 1622 responsione
1843 1581 1882 1611 ad
1902 1582 2078 1612 secundum
2093 1582 2243 1621 praedicti
2259 1583 2361 1614 octavi
2376 1583 2508 1621 articuli,

1450 1624 1598 1665 intellige,
1615 1625 1744 1663 novitie‚
1757 1625 1917 1665 duplicem
1932 1626 2068 1656 modum
2085 1624 2248 1657 recedendi
2262 1636 2282 1657 a
2295 1627 2433 1658 veritate.
2447 1628 2510 1659 Sci—

1449 1669 1531 1705 licet,
1547 1679 1604 1709 per
1625 1679 1658 1699 se
1681 1669 1873 1700 intendendo
1898 1678 2055 1700 recessum
2075 1670 2113 1700 ab
2138 1678 2190 1700 ea:
2216 1677 2246 1701 et
2268 1677 2344 1702 tunc
2359 1682 2425 1702 non
2448 1672 2507 1703 dif-

1451 1712 1510 1743 fert
1532 1713 1640 1753 specie
1657 1713 1756 1753 magis
1781 1720 1811 1743 et
1834 1713 1949 1749 minus,
1967 1714 2048 1744 sicut
2071 1714 2177 1744 necin
2200 1724 2324 1746 recessu
2347 1725 2365 1746 a
2387 1716 2508 1747 ratione

1451 1763 1487 1787 ut
1509 1756 1562 1788 sic.
1578 1757 1620 1788 Et
1641 1767 1707 1787 non
1731 1767 1786 1797 per
1809 1767 1841 1787 se
1870 1757 2079 1788 intendendo:
2105 1765 2135 1789 et
2158 1765 2234 1790 tunc
2265 1758 2366 1790 differt
2388 1759 2506 1801 specie,

1450 1801 1531 1831 sicut
1554 1801 1673 1832 aversio
1697 1802 1729 1831 in
1753 1801 1887 1841 peccatis
1911 1811 1947 1832 ex
1971 1802 2108 1833 motivis.

1506 1845 1611 1876 111.1n
1634 1846 1840 1885 responsione
1868 1846 1907 1876 ad
1938 1846 2064 1877 tertium
2089 1847 2231 1877 eiusdem
2253 1847 2395 1884 articuli,
2420 1847 2508 1888 signa

1449 1889 1550 1926 illam,
1572 1897 1603 1920 et
1623 1889 1744 1920 intuere
1768 1889 1851 1920 illius
1867 1889 2028 1921 veritatem
2042 1890 2075 1921 in
2095 1891 2142 1922 his
2165 1891 2221 1931 qui
2244 1891 2416 1922 avarissimi
2434 1898 2509 1922 sunt

1450 1933 1490 1963 ad
1507 1933 1690 1964 habendum
1705 1933 1798 1964 etiam
1815 1934 1883 1964 Iesu
1900 1933 2016 1966 Christi
2031 1935 2269 1975 patrimonium,
2293 1942 2324 1966 et
2343 1934 2508 1967 effundunt

1449 1977 1481 2007 in
1505 1977 1699 2013 meretrices,
1723 1978 1921 2014 venationes,
1947 1985 2005 2010 etc.
2032 1978 2112 2010 Sunt
2139 1979 2226 2010 enim
2248 1979 2344 2010 simul
2371 1979 2453 2010 avari
2476 1985 2507 2010 et

1449 2021 1588 2062 prodigi:
1608 2029 1643 2052 ut
1666 2022 1698 2052 in
1714 2022 1814 2052 littera
1838 2022 1959 2059 dicitur,
1981 2029 2011 2054 et
2027 2023 2215 2063 experientia
2233 2030 2364 2055 testatur
2386 2023 2506 2054 abomi-

1449 2065 1572 2104 nabilis,
1589 2076 1686 2106 quam
1710 2066 1831 2096 utinam
1856 2066 1972 2098 nescire
1994 2067 2109 2099 liceret.

1146 2229 1459 2272 ARTICULUS
1490 2229 1689 2272 NONUS

494 2325 649 2355 UTRUM
672 2323 874 2355 PECCATA
897 2322 1286 2354 DIVERSIFICENTUR
1309 2322 1454 2364 SPECOE
1478 2321 1713 2354 SECUNDUM
1737 2321 1943 2353 DIVERSAS
1967 2321 2345 2353 cirzCUMSTANTIAs

606 2403 638 2427 ΙΙ·
654 2403 704 2433 ΙΙ“,
721 2410 764 2435 qu.
777 2409 833 2430 uu,
848 2407 894 2426 art.
911 2408 939 2430 2,
954 2401 985 2426 ad
1002 2400 1029 2431 3;
1044 2401 1077 2425 IV
1091 2401 1173 2430 Sent„
1188 2401 1247 2426 dist.
1260 2408 1315 2431 xvt,
1331 2408 1375 2433 qu.
1389 2407 1430 2432 111,
1447 2405 1494 2425 art.
1507 2407 1536 2430 2,
1552 2402 1598 2432 qu*
1615 2400 1641 2431 33
1658 2400 1698 2425 De
1713 2400 1795 2430 Malo,
1813 2408 1856 2433 qu.
1871 2407 1902 2430 n,
1918 2405 1964 2424 art.
1978 2399 2007 2430 6;
2022 2407 2067 2433 qu.
2081 2407 2135 2430 xxv,
2148 2405 2195 2426 art.
2212 2399 2234 2425 3.

373 2507 431 2549 ¹15(
458 2533 461 2539 ¹
489 2522 495 2527 s
520 2516 525 2525 1
549 2504 571 2528 ι)
600 2503 726 2528 nouum
763 2503 817 2528 stc
845 2501 1083 2527 PROCEDITUR.
1109 2489 1266 2526 Videtur
1290 2490 1394 2538 quod

368 2537 466 2603 Δ
493 2538 498 2544 ’
524 2562 527 2565 “
547 2545 638 2582 vitia
657 2552 694 2581 et
707 2551 863 2593 peccata
879 2542 1180 2580 diversificentur
1195 2542 1321 2591 specie
1340 2554 1394 2578 se·

356 2598 402 2644 ’,γῇ
463 2620 466 2621 ⁷
507 2597 717 2647 cundum
751 2597 919 2634 diversas
948 2595 1255 2632 circumstantias.
1282 2595 1392 2642 Quia,

412 2645 481 2678 ”’”ν’
505 2643 537 2688 N
548 2658 588 2687 ut
603 2650 689 2687 dicit
704 2650 922 2698 Dionysius,
935 2661 970 2686 1v
985 2661 1066 2697 cap.
1078 2649 1124 2684 de
1137 2649 1224 2685 Diu.
1236 2647 1393 2694 Nom.*,

338 2704 481 2741 malum
509 2703 691 2753 contingit
715 2715 764 2739 ex
790 2702 1046 2752 singularibus
1073 2702 1282 2748 defectibus.
1311 2701 1393 2737 Sin-

337 2758 484 2804 gulares
512 2764 639 2793 autem
673 2756 839 2793 defectus
868 2763 954 2792 sunt
982 2754 1241 2802 corruptiones
1269 2754 1393 2801 singu-

335 2811 456 2847 larum
481 2815 499 2831 ‘²
528 2809 902 2846 circumstantiarum.
942 2809 1042 2855 Ergo
1073 2819 1117 2844 ex
1145 2806 1298 2855 singulis
1327 2806 1394 2844 cir-

336 2862 568 2900 cumstantiis
587 2862 771 2910 corruptis
791 2862 958 2909 singulae
978 2860 1122 2909 species
1146 2868 1391 2908 peccatorum

336 2923 630 2965 consequuntur.

389 2981 423 3006 2.
445 2970 677 3015 PRAETEREA,
702 2975 858 3017 peccata
885 2976 972 3003 sunt
1006 2965 1160 3014 quidam
1189 2973 1294 3002 actus
1322 2966 1388 3002 hu-

334 3022 448 3060 mani.
471 3023 547 3059 Sed
576 3029 680 3058 actus
708 3020 863 3057 humani
882 3020 1071 3056 interdurn
1100 3018 1287 3067 accipiunt
1306 3031 1390 3067 spe-

335 3075 430 3112 ciem
465 3087 486 3111 a
521 3074 827 3120 circumstantiis,
857 3080 899 3110 ut
925 3084 1039 3121 supra
1068 3073 1087 3092 ¹*
1115 3071 1287 3108 habitum
1322 3080 1387 3108 est.

335 3129 436 3174 Ergo
469 3136 624 3176 peccata
659 3127 837 3164 differunt
873 3125 999 3174 specie
1036 3124 1247 3161 secundum
1285 3125 1389 3173 quod

336 3180 505 3216 diversae
535 3180 835 3217 circumstantiae
865 3185 1168 3227 corrumpuntur.

390 3233 423 3269 3.
444 3233 674 3281 PRAETEREA,
697 3233 869 3270 diversae
889 3231 1034 3281 species
1062 3231 1169 3278 gulae
1199 3229 1389 3277 assignan-

334 3293 393 3321 tur
425 3286 635 3322 secundum
666 3286 867 3334 particulas
904 3297 1001 3333 quae
1029 3284 1067 3320 in
1099 3283 1174 3320 hoc
1201 3283 1389 3320 versiculo

335 3338 591 3375 continentur:
620 3339 888 3386 Praepropere,
910 3338 1019 3383 laute,
1050 3337 1172 3381 nimis,
1202 3337 1388 3382 ardenter,

333 3390 503 3428 studiose.
535 3391 640 3426 Haec
669 3398 796 3427 autern
824 3391 1011 3439 pertinent
1039 3389 1086 3427 ad
1116 3389 1284 3426 diversas
1322 3388 1390 3426 cir-

386 3505 412 3535 α)
432 3504 608 3536 singularum.
626 3517 643 3522 -
662 3504 837 3535 singularium
857 3504 1102 3528 ABCDEGHIKLa.

1449 2489 1706 2526 cumstantias:
1728 2501 1817 2525 narn
1827 2500 2084 2537 praepropere
2097 2495 2152 2525 est
2170 2495 2376 2536 antequam
2390 2501 2504 2539 opor-

1447 2549 1518 2584 tet,
1548 2542 1658 2578 nimis
1685 2543 1770 2591 plus
1797 2554 1914 2589 quarn
1947 2549 2113 2590 oportet,
2143 2549 2180 2578 et
2206 2541 2308 2578 idem
2336 2549 2440 2591 patet
2464 2541 2504 2581 in

1448 2594 1539 2632 aliis.
1561 2596 1662 2642 Ergo
1692 2595 1836 2643 species
1863 2594 2008 2644 peccati
2037 2594 2338 2631 diversificantur
2371 2595 2504 2636 secun-

1449 2647 1542 2684 dum
1571 2647 1739 2684 diversas
1768 2647 2076 2684 circumstantias.
2401 2648 2403 2650 ’

1501 2701 1576 2737 SED
1596 2712 1741 2737 CONTRA
1760 2712 1825 2737 as‘r
1844 2700 1949 2749 quod
1970 2700 2223 2748 Philosophus
2243 2699 2342 2748 dicit,
2362 2700 2400 2737 in
2417 2701 2466 2737 111
2481 2700 2504 2722 '¹²

1448 2760 1484 2789 et
1503 2754 1555 2790 IV
1567 2753 1587 2775 ²³⁸
1605 2754 1738 2798 Ethic„
1765 2754 1869 2802 quod
1888 2753 2031 2801 singula
2057 2752 2149 2790 vitia
2166 2760 2326 2802 peccant
2352 2753 2502 2801 agendo

1446 2812 1482 2842 et
1501 2807 1588 2854 plus
1615 2818 1729 2854 quam
1757 2812 1914 2854 oportet,
1942 2811 1979 2842 et
2003 2806 2153 2854 quando
2182 2817 2256 2842 non
2284 2811 2437 2854 oportet,
2467 2813 2505 2843 et

1446 2859 1614 2896 similiter
1647 2860 1857 2896 secundum
1892 2870 2027 2895 omnes
2064 2858 2156 2895 alias
2193 2858 2500 2896 circumstantias.

1446 2913 1537 2949 Non
1566 2924 1654 2960 ergo
1683 2912 1895 2949 secundum
1914 2913 1989 2948 hoc
2008 2911 2502 2960 diversificantur-peccato·-

1446 2978 1530 3002 rum
1558 2965 1714 3014 species.

1498 3019 1722 3055 Responnsso
1750 3029 1933 3054 mesanum
1963 3017 2077 3066 quod,
2108 3017 2202 3054 sicut
2231 3017 2374 3054 dictum
2395 3025 2451 3054 est
2467 3017 2505 3065 Q,

1443 3072 1512 3108 ubi·
1537 3071 1700 3108 occurrit
1733 3070 1834 3107 aliud
1867 3070 2054 3107 motivum
2084 3070 2133 3107 ad
2161 3070 2431 3120 peccandum,
2450 3070 2501 3107 ibi

1445 3132 1500 3161 est
1527 3124 1598 3161 alia
1625 3123 1769 3172 peccati
1789 3124 1936 3172 species
1953 3123 1994 3160 *τ
2024 3123 2113 3172 quia
2132 3123 2322 3161 motivum
2341 3124 2390 3162 ad
2412 3134 2502 3172 pec-

1444 3177 1610 3214 candum
1640 3184 1695 3213 est
1717 3176 1803 3213 finis
1822 3184 1857 3214 et
1878 3176 2070 3213 obiectum
2091 3177 2122 3212 ‘'.
2154 3176 2349 3224 Contingit
2371 3179 2503 3212 autem
2528 3182 2739 3236 giigfcgggpffi

1443 3230 1675 3277 quandoque
1713 3230 1818 3277 quod
1852 3229 1890 3266 in
1926 3229 2228 3279 corruptionibus
2264 3229 2499 3266 diversarum
2529 3241 2725 3263 pnec.,nnm.1.

1444 3282 1808 3319 circumstantiarum
1831 3289 1890 3322 est
1908 3282 2010 3320 idem
2031 3282 2241 3320 motivum:
2271 3281 2366 3318 sicut
2384 3278 2500 3317 illibe-

1443 3335 1528 3372 ralis
1557 3335 1605 3372 ab
1639 3335 1776 3372 eodem
1812 3343 1990 3373 movetur
2024 3335 2130 3385 quod
2161 3333 2318 3383 accipiat
2345 3333 2500 3382 quando

1443 3401 1521 3425 non
1550 3395 1716 3437 oportet,
1747 3396 1782 3425 et
1809 3388 1874 3425 ubi
1902 3400 1981 3426 non
2010 3393 2178 3436 oportet,
2207 3392 2244 3423 et
2270 3386 2355 3434 plus
2383 3391 2500 3435 q‘uam

2530 2709 2541 2720 ⁸
2551 2708 2584 2730 Ca
2602 2724 2608 2730 .
2617 2714 2657 2736 vu,
2667 2715 2690 2731 n.
2697 2716 2721 2736 4.
2729 2721 2746 2726 ν

2531 2735 2555 2757 S.
2604 2750 2611 2757 .
2621 2735 2673 2758 lect.
2687 2741 2726 2757 xv.

2530 2766 2541 2777 '
2551 2765 2606 2794 cap.
2622 2765 2686 2789 t.—S.
2694 2765 2740 2788 Th.

2530 2793 2582 2814 leet.
2597 2798 2605 2814 ι
2619 2798 2671 2821 sqq.

2528 3029 2537 3039 ‘
2552 3028 2603 3050 Art.
2619 3028 2721 3055 praeced.

2529 3132 2537 3141 ·
2552 3130 2580 3152 D.
2596 3136 2640 3159 99¹·
