2840 4010
961 171 1224 217 QUAESTIO
1255 173 1481 219 LXXXVII,
1510 172 1803 210 ARTICULUS
1834 174 1847 210 1

2416 186 2479 210 121

739 342 1146 418 QUAESTIO
1185 342 2070 421 ocTersnvrASEPTIMA

1015 467 1112 507 DE
1161 467 1426 508 REATU
1473 469 1790 511 POENAE

1138 580 1172 604 IN
1202 579 1300 604 OCTO
1329 580 1528 605 ARTICULOS
1556 582 1671 607 DIVISA

84 682 296 731 {uagitu-mxv,
408 686 516 711 EINDE
544 673 862 711 considerandum
891 681 946 709 est
979 673 1025 710 de
1051 681 1158 710 reatu
1176 686 1326 722 poenae
1345 673 1376 710 ²³⁸.

166 724 172 731 ’
327 684 457 765 DEt
483 727 621 775 primo,
652 726 699 763 de
727 726 810 774 ipso
839 733 965 771 reatu;
996 727 1176 772 secundo,
1205 727 1251 763 de
1279 738 1379 762 mor-

324 779 387 816 tali
416 787 453 815 et
477 779 616 816 veniali
643 786 813 827 peccato,
836 790 933 826 quae
954 778 1229 827 distinguuntur
1248 791 1380 815 secun-

85 840 95 851 ·
111 839 284 867 Qu·¹-xxxv¹¹¹·
325 831 417 868 dum
446 838 593 869 reatum
621 830 652 867 ³¹⁴.

325 883 435 922 Circa
462 883 628 932 primurn
658 891 890 931 quaeruntur
917 891 1015 921 octo.

376 935 524 972 Primo:
544 942 671 972 utrum
687 943 812 972 reatus
827 949 976 985 poenae
992 936 1037 973 sit
1052 936 1207 973 effectus
1221 934 1378 983 peccati.

377 988 576 1025 Secundo:
606 995 733 1024 utrum
765 997 966 1038 peccatum
998 988 1118 1038 possit
1146 1000 1226 1024 esse
1253 1000 1380 1036 poena

428 1040 579 1077 alterius
606 1041 762 1088 peccati.

376 1092 528 1135 Tertio:
558 1100 685 1130 utrum
714 1093 870 1142 aliquod
902 1101 1104 1142 peccatum
1133 1093 1244 1130 faciat
1272 1105 1379 1129 reum

428 1153 582 1182 aeterna
608 1158 747 1194 poena.

1488 675 1655 721 Quarto:
1685 685 1808 714 utrum
1838 679 1946 715 faciat
1974 692 2080 717 reum
2110 694 2236 730 poena
2264 683 2410 720 infinita
2429 697 2486 721 se-

1541 728 1709 764 cundum
1738 731 1995 777 quantitatem.

1489 779 1652 825 Quinto:
1681 789 1808 817 utrum
1843 795 1958 820 omne
1994 794 2192 833 peccatum
2229 788 2340 824 faciat
2377 801 2483 826 reum

1541 839 1692 869 aeterna
1721 841 1757 869 et
1784 834 1929 871 infinita
1956 849 2092 884 poena.

1490 885 1624 921 Sexto:
1654 893 1780 922 utrum
1811 895 1934 924 reatus
1965 902 2113 937 poenae
2145 892 2262 939 possit
2288 905 2484 930 remanere

1540 945 1627 984 post
1654 946 1865 986 peccatum.

1490 989 1680 1037 Septimo:
1704 998 1831 1027 utrum
1852 993 1976 1029 omnis
1996 1006 2121 1041 poena
2141 995 2318 1034 inferatur
2332 1010 2401 1046 pro
2422 999 2484 1036 ali-

1542 1054 1617 1090 quo
1645 1051 1815 1091 peccato.

1489 1095 1660 1131 Octavo:
1690 1103 1816 1133 utrum
1843 1109 1941 1134 unus
1970 1098 2015 1134 sit
2039 1111 2124 1136 reus
2143 1112 2291 1148 poenae
2310 1114 2379 1150 pro
2400 1115 2486 1151 pec-

1541 1155 1624 1183 cato
1654 1148 1815 1185 alterius.

240 1280 266 1282 ⁷.-
302 1259 460 1279 ...ff-w
1133 1244 1448 1287 ARTICULUS
1478 1246 1680 1288 PRIMUS

861 1324 1016 1361 UTRUM
1038 1325 1209 1360 REATUS
1232 1328 1404 1359 POENAE
1428 1329 1494 1359 SIT
1517 1330 1738 1362 EFFECTUS
1762 1332 1945 1363 PECCATI

665 1401 685 1425 11
705 1400 788 1430 Sent„
809 1400 867 1425 dist.
886 1407 961 1432 xxxn,
981 1408 1026 1433 qu.
1044 1407 1070 1433 ι,
1087 1404 1135 1424 art.
1157 1407 1184 1430 1;
1203 1399 1246 1428 1V,
1265 1398 1323 1423 dist.
1342 1405 1397 1427 m,
1417 1406 1462 1431 qu.
1481 1406 1507 1429 11y
1527 1405 1573 1424 art.
1596 1408 1617 1430 ι,
1636 1403 1682 1433 qu·
1705 1408 1732 1431 2;
1751 1402 1782 1426 111
1805 1403 1879 1427 Cont.
1901 1404 1987 1432 Gent„
2007 1411 2063 1437 cap.
2082 1412 2142 1436 cx1.;

1210 1433 1252 1458 De
1272 1433 1353 1463 Malo,
1373 1441 1418 1466 qu.
1431 1441 1475 1464 vn,
1495 1439 1540 1459 art.
1559 1442 1597 1459 10.

409 1544 416 1553 .
439 1529 509 1562 ‘sext‘
532 1526 555 1552 o
579 1526 716 1551 PRIMUM
739 1526 792 1550 Sic
820 1525 1062 1554 pnocemrmz,
1091 1512 1248 1550 Videtur
1275 1512 1380 1561 quod

380 1568 442 1617 ἰ’-ἑὲ
457 1564 658 1624 reatus
685 1578 836 1615 poenae
865 1579 943 1604 non
971 1566 1017 1603 sit
1044 1566 1200 1603 effectus
1220 1565 1378 1614 peccati.

342 1648 363 1663 .‚
381 1619 385 1622 ’
402 1633 461 1666 jv,
483 1622 503 1657 ἦ
534 1619 650 1666 Quod
667 1619 768 1656 enim
783 1631 852 1667 per
871 1619 1046 1656 accidens
1062 1631 1102 1656 se
1117 1619 1232 1655 habet
1248 1618 1296 1654 ad
1312 1618 1376 1654 ali-

352 1666 355 1669 ’
382 1687 388 1694 ’
405 1663 477 1698 ³¹⁵5
493 1661 637 1720 quid,
658 1684 737 1708 non
755 1672 906 1709 videtur
924 1684 1007 1708 esse
1025 1671 1201 1720 proprius
1222 1671 1378 1708 effectus

321 1725 412 1762 eius.
443 1725 520 1762 Sed
540 1733 665 1762 reatus
684 1737 834 1773 poenae
853 1737 921 1773 per
941 1724 1115 1761 accidens
1134 1735 1174 1760 se
1193 1724 1309 1760 habet
1330 1725 1378 1760 ad

318 1785 538 1827 peccatum:
559 1790 647 1814 curn
667 1777 713 1813 sit
731 1785 881 1826 praeter
898 1777 1147 1814 intentionem
1171 1776 1375 1825 peccantis.

319 1830 421 1878 Ergo
450 1838 576 1867 reatus
603 1842 752 1879 poenae
781 1843 859 1867 non
889 1837 944 1866 est
962 1829 1118 1866 effectus
1144 1829 1301 1878 peccati.

374 1894 409 1920 2.
431 1884 662 1930 PRAETEREA,
683 1884 826 1920 malum
850 1894 929 1920 non
949 1890 1005 1919 est
1025 1893 1138 1919 causa
1166 1882 1268 1919 boni.
1300 1883 1376 1919 Sed

177 1941 195 1960 ⁸
317 1947 446 1985 poena
469 1936 572 1972 bona
600 1943 674 1972 est:
705 1948 792 1972 cum
812 1936 857 1972 sit
884 1935 992 1982 iusta,
1014 1942 1050 1972 et
1069 1941 1086 1957 ‘²
1106 1947 1128 1972 a
1155 1936 1252 1972 Deo.
1274 1936 1375 1983 Ergo

318 2000 397 2026 non
426 1996 481 2025 est
509 1988 665 2025 effectus
692 1988 848 2037 peccati,
877 1989 982 2037 quod
1011 1995 1066 2025 est
1093 1988 1251 2025 malum.

373 2042 408 2078 3.
437 2042 669 2088 PRAETEREA,
694 2041 926 2088 Augustinus
946 2040 1044 2087 dicit,
1065 2041 1103 2078 in
1123 2042 1137 2078 1
1158 2041 1326 2088 Confess.
1343 2041 1374 2088 ’ἢ

319 2094 564 2143 quod.omnis
582 2094 816 2131 inordinatus
830 2094 979 2131 animus
996 2094 1068 2130 sibi
1083 2094 1154 2142 ipsi
1171 2099 1225 2130 est
1235 2105 1373 2142 poena.

319 2146 396 2184 Sed
423 2159 551 2196 poena
578 2159 656 2184 non
692 2154 821 2183 causat
853 2154 1000 2184 reatum
1029 2146 1178 2184 alterius
1205 2158 1373 2195 poenae:

317 2199 407 2248 quia
435 2200 488 2236 sic
520 2199 635 2236 iretur
661 2199 700 2236 in
723 2199 924 2236 infinitum.
955 2200 1056 2247 Ergo
1076 2206 1276 2248 peccatum
1295 2212 1374 2237 non

318 2260 449 2289 causat
476 2259 623 2289 reatum
651 2264 812 2301 poenae.

372 2306 446 2342 SED
466 2308 612 2342 CONTRA
635 2317 701 2342 EST
720 2305 826 2354 quod
846 2304 979 2341 dicitur
996 2305 1108 2342 Rom.
1129 2317 1152 2341 11
1171 2304 1207 2341 *ε
1241 2306 1278 2342 T
1273 2305 1372 2342 ribu-

318 2357 405 2395 latio
425 2363 462 2394 et
477 2358 653 2408 angustia
673 2358 711 2394 in
730 2359 898 2395 animam
920 2369 1068 2394 omnem
1087 2358 1275 2406 operantis
1294 2371 1374 2395 ma-

317 2410 407 2448 lum.
437 2411 515 2448 Sed
543 2411 691 2459 operari
720 2411 865 2447 malum
891 2417 946 2447 est
962 2422 1133 2458 peccare.
1164 2411 1266 2458 Ergo
1284 2423 1372 2459 pec-

181 2467 196 2502 β
318 2471 445 2501 catum
473 2463 615 2500 inducit
632 2475 800 2512 poenam
821 2461 846 2510 β,
864 2475 964 2511 quae
984 2463 1139 2501 nornine
1167 2463 1373 2501 tribulatio-

317 2516 375 2554 nis
403 2524 439 2553 et
467 2516 660 2564 angustiae
689 2516 915 2564 designatur.

370 2570 594 2606 REsponm-:o
618 2581 801 2606 DICENDUM
822 2569 926 2617 quod
947 2580 991 2605 ex
1010 2569 1123 2605 rebus
1139 2569 1372 2606 naturalibus

317 2622 366 2659 ad
394 2635 453 2659 res
481 2623 669 2659 humanas
698 2622 887 2659 derivatur
913 2629 954 2657 ut
972 2621 1011 2658 id
1034 2621 1139 2670 quod
1160 2630 1289 2659 contra
1309 2622 1372 2659 ali-

316 2674 408 2723 quid
435 2674 603 2722 insurgit,
624 2675 672 2711 ab
693 2686 739 2711 eo
761 2674 1029 2711 detrimentum
1057 2674 1229 2722 patiatur.
1258 2675 1371 2712 Vide-

317 2739 402 2764 mus
431 2727 532 2764 enim
560 2727 598 2763 in
622 2727 735 2764 rebus
755 2727 986 2764 naturalibus
1014 2727 1117 2776 quod
1141 2739 1261 2764 unum
1283 2741 1371 2765 con-

315 2779 472 2816 trarium
500 2779 764 2817 vehementius
785 2780 871 2828 agit,
892 2781 1009 2816 altero
1035 2780 1221 2817 contrario
1242 2793 1372 2829 super-

315 2832 512 2869 veniente:
541 2839 695 2881 propter
727 2833 831 2881 quod
866 2844 988 2881 aquae
1019 2832 1223 2880 calefactae
1248 2835 1373 2883 magis

76 2894 290 2943 gcffixffl-gs
316 2885 583 2935 congelantur,
617 2893 658 2922 ut
690 2885 824 2923 dicitur
857 2885 896 2922 in
925 2887 939 2922 I
967 2886 1127 2923 Meteor.
1148 2885 1168 2908 '¹‘
1195 2886 1305 2924 Unde
1334 2887 1372 2923 in

97 2937 102 2943 '
153 2936 159 2943 '
220 2937 226 2943 '
273 2937 279 2943 “
315 2937 535 2975 hominibus
558 2938 632 2974 hoc
660 2950 704 2975 ex
732 2938 891 2975 naturali
910 2938 1150 2975 inclinatione
1170 2939 1370 2986 invenitur,

314 2998 355 3027 ut
386 2990 643 3039 unusquisque
660 2991 863 3040 deprimat
891 3003 979 3028 eum
1004 2991 1069 3040 qui
1088 2999 1224 3029 vcontra
1247 2992 1371 3041 ipsum

314 3043 479 3092 insurgit.
501 3043 746 3081 Manifestum
761 3051 817 3081 est
836 3051 964 3081 autern
979 3045 1082 3094 quod
1103 3057 1371 3094 quaecumque

315 3095 551 3133 continentur
569 3097 639 3133 sub
660 3096 786 3145 aliquo
807 3096 952 3144 ordine,
973 3105 1060 3134 sunt
1079 3097 1370 3146 quodammodo

313 3161 435 3186 unum
455 3149 493 3186 in
509 3148 641 3186 ordine
657 3150 706 3187 ad
718 3149 942 3199 principium
959 3150 1112 3188 ordinis.
1133 3151 1244 3188 Unde
1264 3150 1372 3198 quid-

314 3201 405 3250 quid
421 3209 552 3238 contra
571 3201 745 3239 ordinem
765 3202 928 3252 aliquem
946 3202 1111 3251 insurgit,
1133 3215 1371 3252 consequens

171 3265 188 3291 τ
315 3262 370 3291 est
387 3262 430 3291 ut
449 3255 496 3291 ab
516 3254 599 3303 ipso
616 3254 760 3302 ordine,
775 3256 836 3292 vel
851 3260 867 3283 Υ
881 3255 1051 3306 principe
1071 3255 1226 3303 ordinis,
1248 3255 1370 3305 depri-

314 3314 450 3345 matur.
468 3308 568 3344 Cum
585 3315 711 3344 autem
725 3315 925 3356 peccatum
940 3308 986 3345 sit
1001 3316 1106 3346 actus
1121 3308 1368 3354 inordinatus,

80 2299 169 2339 'Vera
184 2322 208 2346 9.

1434 1513 1675 1550 manifestum
1704 1522 1760 1551 est
1787 1515 1891 1564 quod
1920 1516 2148 1566 quicumque
2175 1529 2326 1568 peccat,
2354 1530 2483 1559 contra

1434 1565 1599 1614 aliquem
1633 1567 1807 1604 ordinem
1837 1568 1920 1615 agit.
1957 1569 2006 1605 Et
2032 1569 2118 1606 ideo
2153 1572 2200 1607 ab
2232 1572 2313 1620 ipso
2351 1575 2482 1611 ordine

1434 1629 1671 1667 consequens
1700 1627 1754 1656 est
1783 1622 1886 1668 quod
1916 1621 2159 1669 deprimatur:
2188 1624 2297 1670 Quae
2326 1626 2482 1673 quidem

1433 1670 1626 1718 depressio
1655 1670 1668 1693 δ
1695 1685 1823 1720 poena
1853 1681 1918 1710 est.

1486 1724 1595 1760 Unde
1623 1725 1834 1761 secundum
1863 1733 1936 1762 tres
1965 1726 2114 1764 ordines
2147 1728 2284 1776 quibus
2312 1731 2482 1768 subditur

1431 1775 1600 1813 humana
1622 1778 1810 1824 voluntas,
1831 1778 1961 1826 triplici
1988 1791 2115 1826 poena
2133 1789 2258 1828 potest
2275 1783 2393 1819 homo
2412 1796 2481 1832 pu-

1431 1827 1511 1865 niri.
1529 1829 1658 1866 Primo
1678 1830 1832 1878 quidem
1848 1831 1948 1867 enim
1969 1832 2139 1869 subditur
2158 1834 2326 1871 humana
2346 1843 2479 1873 natura

1431 1881 1550 1918 ordini
1570 1882 1746 1930 propriae
1767 1883 1933 1929 rationis;
1961 1886 2147 1932 secundo,
2169 1887 2290 1923 ordini
2324 1889 2480 1925 exterio-

1410 1933 1478 1970 'ris
1506 1935 1670 1971 hominis
1697 1936 1939 1983 gubernantis
1958 1937 2019 1972 vel
2048 1937 2282 1986 spiritualiter
2300 1941 2362 1976 vel
2389 1949 2480 1977 tem-

1429 1987 1616 2034 poraliter,
1641 1987 1789 2035 politice
1819 2001 1885 2024 seu
1914 1990 2176 2037 oeconomice;
2204 1992 2330 2039 tertio,
2356 1994 2480 2030 subdi-

1430 2047 1489 2076 tur
1523 2040 1725 2077 universali
1767 2040 1889 2077 ordini
1922 2041 2037 2078 divini
2074 2043 2275 2090 regiminis.
2313 2045 2479 2091 Quilibet

1430 2100 1557 2129 autem
1575 2094 1714 2129 horum
1735 2093 1911 2130 ordinum
1930 2106 1999 2142 per
2017 2103 2215 2142 peccatum
2235 2098 2478 2144 pervertitur:

1430 2145 1521 2182 dum
1550 2145 1610 2181 ille
1639 2146 1702 2194 qui
1729 2153 1873 2194 peccat,
1894 2146 1968 2194 agit
1996 2154 2031 2183 et
2059 2156 2190 2185 contra
2218 2149 2414 2197 rationem,
2445 2159 2480 2187 et

1430 2205 1559 2234 contra
1586 2199 1708 2246 legem
1741 2199 1971 2246 humanam,
2003 2208 2038 2236 et
2071 2208 2202 2237 contra
2233 2202 2354 2249 legem
2388 2203 2479 2240 divi-

1428 2263 1529 2287 nam.
1551 2251 1661 2287 Unde
1680 2251 1861 2299 triplicem
1879 2263 2046 2300 poenam
2066 2252 2236 2290 incurrit:
2261 2267 2378 2291 unam
2398 2256 2478 2304 qui-

1429 2305 1516 2340 dem
1546 2315 1567 2340 a
1596 2303 1739 2352 seipso,
1770 2316 1867 2352 quae
1905 2311 1959 2341 est
1987 2305 2236 2342 conscientiae
2266 2319 2476 2354 remorsus,

1428 2357 1540 2392 aliam
1562 2368 1655 2393 vero
1677 2357 1724 2392 ab
1743 2356 1911 2403 homine,
1932 2357 2088 2402 tertiam,
2105 2370 2198 2395 vero
2225 2371 2247 2395 a
2275 2361 2371 2396 Deo.

1480 2412 1537 2445 AD
1567 2421 1702 2446 PRIMUM
1730 2421 1827 2445 ERGO
1856 2421 2039 2446 DICENDUM
2062 2411 2168 2458 quod
2195 2423 2321 2460 poena
2349 2425 2478 2449 conse-

1427 2462 1551 2510 quitur
1578 2468 1776 2510 peccatum
1804 2461 2029 2510 inquantum
2060 2464 2205 2500 malum
2234 2472 2303 2512 est,
2334 2465 2476 2501 ratione

1427 2527 1516 2551 suae
1549 2514 1846 2551 inordinationis.
1880 2515 1990 2551 Unde
2023 2515 2117 2552 sicut
2143 2517 2287 2553 malum
2321 2525 2375 2553 est
2410 2530 2478 2566 per

1428 2567 1601 2604 accidens
1634 2567 1672 2604 in
1705 2574 1790 2604 actu
1817 2567 2028 2615 peccantis,
2056 2576 2205 2616 praeter
2232 2569 2474 2606 intentionem

1425 2620 1552 2669 ipsius,
1583 2620 1632 2656 ita
1661 2627 1697 2656 et
1724 2627 1849 2656 reatus
1878 2632 2038 2668 poenae.

1478 2675 1536 2709 AD
1574 2684 1762 2709 SECUNDUM
1799 2684 1982 2710 DICENDUM
2019 2673 2123 2720 quod
2160 2686 2285 2722 poena
2322 2674 2475 2721 quidem

1426 2726 1522 2763 iusta
1551 2738 1633 2762 esse
1656 2733 1780 2774 potest
1804 2733 1839 2761 et
1858 2737 1879 2761 a
1898 2726 1995 2772 Deo,
2018 2733 2053 2762 et
2072 2726 2119 2762 ab
2139 2726 2293 2763 homine
2314 2726 2474 2763 inflicta:

1425 2780 1526 2816 unde
1556 2779 1638 2827 ipsa
1664 2790 1791 2826 poena
1815 2790 1894 2814 non
1914 2786 1968 2814 est
1992 2778 2146 2815 effectus
2163 2778 2307 2827 peccati
2327 2778 2474 2825 directe,

1426 2832 1492 2869 sed
1522 2832 1646 2868 solum
1675 2830 1902 2879 dispositive.
1935 2831 2010 2867 Sed
2037 2838 2234 2879 peccatum
2252 2831 2337 2867 facit
2355 2831 2476 2868 homi-

1426 2897 1515 2922 nem
1545 2896 1626 2920 esse
1655 2896 1762 2920 reum
1791 2895 1955 2932 poenae,
1985 2883 2088 2932 quod
2118 2890 2172 2919 est
2198 2884 2359 2920 malum:
2389 2884 2477 2920 dicit

1427 2937 1527 2974 enim
1548 2936 1764 2984 Dionysius,
1786 2948 1821 2972 1v
1841 2948 1922 2984 cap.
1942 2936 1987 2972 de
2004 2936 2090 2972 Div.
2110 2936 2225 2972 Nom.
2241 2935 2271 2981 ²⁸,
2288 2936 2391 2983 quod
2404 2948 2476 2984 pu-

1426 2991 1501 3027 niri
1519 3002 1592 3026 non
1613 2995 1666 3026 est
1683 2990 1837 3035 malum,
1857 2989 1922 3025 sed
1926 2988 2022 3034 fieri
2033 2999 2155 3036 poena
2175 2988 2342 3037 dignum.
2363 2989 2474 3026 Unde

1425 3050 1549 3080 reatus
1572 3054 1722 3091 poenae
1753 3041 1890 3078 directe
1918 3040 2070 3089 ponitur
2098 3039 2251 3076 effectus
2278 3041 2434 3088 peccati.

1478 3097 1537 3132 AD
1565 3107 1723 3132 TERTIUM
1755 3105 1936 3130 DICENDUM
1969 3093 2073 3141 quod
2095 3104 2221 3140 poena
2247 3092 2309 3129 illa
2337 3093 2475 3131 inordi-

1425 3149 1501 3186 nati
1530 3148 1646 3185 animi
1670 3147 1827 3184 debetur
1845 3153 2000 3194 peccato
2021 3157 2065 3181 ex
2085 3145 2157 3181 hoc
2177 3145 2281 3192 quod
2302 3145 2475 3183 ordinem

1426 3201 1577 3238 rationis
1595 3198 1783 3248 pervertit.
1804 3198 1863 3234 Fit
1890 3204 2016 3234 autem
2036 3209 2122 3233 reus
2146 3197 2294 3234 alterius
2313 3210 2475 3247 poenae,

1424 3266 1492 3303 per
1519 3254 1593 3289 hoc
1622 3251 1724 3300 quod
1743 3250 1922 3300 pervertit
1941 3249 2111 3286 ordinem
2131 3249 2220 3297 legis
2245 3249 2395 3288 divinae
2413 3253 2475 3288 vel

1424 3308 1627 3343 humanae.

364 3410 391 3442 α)
411 3418 470 3436 cum
489 3411 525 3436 sit
544 3411 622 3439 iusta,
642 3414 676 3436 et.
694 3424 711 3428 —
729 3414 755 3436 et
774 3411 844 3436 iusta
862 3419 920 3437 cum
939 3412 975 3437 sit
993 3412 1044 3438 EF.

1475 3411 1500 3442 γ)
1521 3409 1577 3440 ipso
1596 3408 1697 3436 ordine,
1716 3408 1763 3431 vel.
1776 3407 1863 3438 —ipso
1882 3407 1976 3432 ordine
1994 3414 2010 3431 a
2030 3407 2081 3438 (vel
2093 3414 2110 3432 a
2123 3408 2168 3441 sB)
2189 3407 2430 3437 ABCDEFGHILa,
2444 3415 2473 3433 eo

340 3479 343 3481 .
364 3444 389 3478 β)
410 3446 512 3471 inducit
524 3453 649 3478 poenam.
667 3460 685 3464 —
704 3446 806 3471 inducit
828 3446 854 3471 in
870 3454 985 3479 poenam
1004 3447 1230 3476 ABGEFGHILa,
1251 3446 1323 3470 ducit
1342 3445 1367 3469 in
1421 3444 1515 3468 ordine
1534 3446 1559 3468 et
1577 3443 1605 3467 P.

306 3487 422 3512 poenam
440 3481 473 3506 K.

452 3535 560 3560 Summus:
578 3535 679 3559 Timor..
699 3535 729 3559 D.
749 3535 862 3559 Tnomn
880 3535 912 3560 T.
931 3535 973 3560 lV.

1474 3478 1498 3510 ὃ)
1519 3478 1659 3510 depressio.
1678 3491 1696 3496 -
1715 3477 1843 3509 repressio
1863 3476 2095 3509 ACDEFGIKLpB
2113 3483 2138 3502 et
2156 3485 2180 3502 a.

2305 3534 2333 3553 Η)

2503 2951 2511 2959 ·
2531 2949 2556 2971 8.
2571 2949 2616 2971 Th.
2630 2949 2685 2971 lect.

2502 2981 2565 2997 xviri.
