2840 4010
73 756 164 780 Introd-

38 2591 51 2618 ’κ
69 2597 182 2627 ,ιιιιιιαιιυ
196 2603 249 2627 αφ.

892 164 1157 211 QUAESTIO
1188 166 1360 213 LXXIV,
1390 166 1684 204 ARTICULUS
1714 167 1727 202 l

2429 166 2475 203 35

681 352 1094 431 QUAESTIO‘
1132 354 2114 432 SEPTUAGESIMAQUARTA

968 472 1051 511 DE
1084 470 1382 512 SUBIECTO
1415 470 1830 527 PECCATORUM

1123 575 1158 600 IN

0 650 13 693 ζ
55 703 58 707 ,
397 671 505 697 ΕιΝῡΕ
543 659 863 698 considerandum
893 665 948 696 est
980 659 1028 696 de
1063 659 1232 696 subiecto
1264 659 1373 696 vitio-

74 671 497 766 ·ef.qu.m1,Drum,
522 718 603 756 sive
629 725 876 767 peccatorum
890 717 922 754 ³¹⁶.

314 778 365 815 Et
392 778 491 815 circa
517 778 593 814 hoc
621 784 855 826 quaeruntur
883 776 1030 814 decem.

367 836 520 874 Primo:
547 842 676 872 utrum
703 836 882 873 voluntas
901 835 1022 884 possit
1050 847 1132 872 esse
1160 835 1374 872 subiectum

420 894 580 944 peccati.-

370 946 573 989 Secundo:
601 958 731 988 utrum
749 952 927 989 voluntas
955 951 1102 989 solasit
1124 951 1270 1001 peccati
1290 951 1377 988 sub-

422 1009 575 1047 iectum.

369 1066 522 1103 Tertio:
551 1074 680 1103 utrum
696 1067 916 1104 sensualitas
931 1066 1050 1115 possit
1065 1078 1147 1103 esse
1165 1066 1377 1103 subiectum

422 1124 580 1172 peccati.
837 1152 850 1166 .
1351 1118 1353 1121 ’

371 1181 538 1228 Quarto:
566 1187 695 1218 utrum
723 1181 844 1230 possit
873 1192 954 1217 esse
991 1179 1204 1218 subiectum
1232 1180 1376 1228 peccati

402 1237 602 1275 mortalis.

1186 574 1307 600 DECEM
1333 575 1534 600 ARTICULOS
1562 576 1677 601 DIVISA

1482 659 1642 706 Quinto:
1668 668 1808 719 ‘utrum
1850 663 1943 699 ratio
1985 664 2104 712 possit
2145 676 2228 701 esse
2269 664 2482 702 subiectum

1533 720 1689 760 peccati.

1483 765 1618 801 Sexto:
1647 773 1773 802 utrum
1804 766 2000 803 delectatio
2020 780 2185 817 morosa,
2205 771 2267 806 vel
2295 782 2373 806 non
2401 782 2483 806 mo-

1536 829 1634 863 rosa,
1656 817 1702 854 sit
1721 818 1758 855 in
1778 818 1922 855 ratione
1941 819 2106 857 inferiori
2126 822 2220 858 sicut
2243 821 2280 858 in
2300 822 2481 859 subiecto.

1485 869 1676 918 Septimo:
1706 879 1834 907 utrum
1853 879 2053 919 peccatum
2074 886 2279 911 consensus
2299 875 2337 911 in
2356 883 2482 912 actum

1537 922 1582 958 sit
1610 922 1648 959 in
1676 923 1860 971 superiori
1890 924 2032 961 ratione
2061 925 2155 963 sicut
2178 926 2216 963 in
2245 927 2426 965 subiecto.

1485 975 1656 1012 Octavo:
1685 983 1812 1013 utrum
1840 977 1935 1013 ratio
1964 977 2116 1015 inferior
2143 979 2261 1027 possit
2289 993 2370 1017 esse
2399 981 2486 1017 sub-

1538 1027 1678 1065 iectum
1706 1029 1850 1076 peccati
1879 1030 2058 1066 mortalis.

1485 1080 1624 1117 Nono:
1653 1088 1780 1117 utrum
1800 1082 1893 1118 ratio
1923 1083 2094 1131 superior
2112 1083 2231 1132 possit
2259 1096 2340 1120 esse
2361 1085 2486 1121 subie-

1539 1141 1641 1170 ctum
1670 1134 1814 1182 peccati
1841 1134 2011 1172 venialis.

1485 1185 1670 1222 Decimo:
1694 1195 1821 1223 utrum
1840 1187 1879 1224 in
1898 1188 2041 1224 ratione
2061 1189 2245 1237 superiori
2267 1188 2386 1238 possit
2406 1202 2486 1226 esse

1538 1247 1736 1286 peccatum
1760 1240 1909 1277 veniale
1939 1240 2035 1277 circa
2058 1241 2255 1290 proprium
2283 1242 2486 1279 obiectum.

1133 1335 1450 1378 ARTICULUS
1480 1337 1682 1380 PRIMUS

913 1428 1070 1459 UTRUM
1092 1427 1327 1459 VOLUNTAS
1350 1428 1416 1459 srr
1440 1429 1687 1461 SUBIECTUM
1710 1430 1895 1462 PECCATI

360 1522 371 1549 χ
410 1540 414 1544 ,
439 1526 455 1535 ·ι
474 1535 493 1547 ..-
532 1519 556 1546 D
581 1519 719 1544 PRIMUM
747 1518 800 1544 s1c
828 1518 1067 1544 paocmrrun.
1087 1506 1248 1544 Videtur
1275 1507 1381 1554 quod

337 1607 341 1610 ⁴
356 1559 394 1615 S}
416 1569 439 1599 ἑ.
454 1536 508 1617 Γὲ
533 1560 710 1598 voluntas
731 1571 810 1596 non
824 1559 945 1608 possit
962 1571 1045 1596 esse
1065 1551 1278 1596 subiectum
1293 1572 1380 1608 pec—

535 1613 617 1650 cati.
639 1612 740 1650 Dicit
759 1612 860 1648 enim
880 1612 1100 1661 Dionysius,
1121 1612 1159 1649 in
1178 1624 1215 1649 1v
1235 1624 1316 1661 cap.
1337 1613 1383 1649 de

437 1688 443 1689 ι
472 1675 478 1689 >
517 1666 622 1703 Βίν.
650 1666 768 1703 Nom.
796 1666 827 1712 *,
849 1665 955 1713 quod
982 1665 1126 1703 malum
1154 1670 1209 1701 est
1227 1671 1383 1713 praeter

319 1719 548 1758 voluntatem
578 1724 614 1755 et
645 1719 896 1755 intentionem.
927 1718 1003 1755 Sed
1034 1725 1236 1768 peccatum
1268 1719 1383 1755 habet

321 1772 509 1809 rationem
538 1771 639 1808 mali.
668 1772 771 1819 Ergo
805 1778 1005 1819 peccatum
1033 1783 1111 1808 non
1143 1779 1268 1820 potest
1301 1783 1381 1807 esse

321 1825 362 1863 in
388 1825 596 1863 voluntate.

377 1889 412 1916 2.
433 1878 666 1923 PRAETEREA,
687 1877 864 1913 voluntas
883 1884 939 1914 est
958 1876 1059 1924 boni,
1079 1877 1142 1914 vel
1166 1877 1383 1925 apparentis

182 1937 200 1956 ⁸
223 1961 227 1963 Α
321 1930 424 1968 boni.
446 1931 505 1967 Ex
523 1931 599 1966 hoc
618 1937 747 1966 autem
768 1930 873 1978 quod
890 1930 1069 1967 voluntas
1086 1930 1168 1966 vult
1188 1929 1335 1966 bonum
1351 1935 1379 1977 α,

321 1995 401 2021 non
429 1991 582 2032 peccat:
611 1983 686 2019 hoc
715 1990 842 2019 autem
871 1983 976 2031 quod
997 1983 1080 2020 vult
1107 1995 1295 2032 apparens
1315 1983 1383 2019 bo-

181 2032 198 2068 β
321 2048 415 2074 num
441 2036 547 2084 quod
562 2048 640 2072 non
661 2043 716 2072 est
733 2047 824 2072 vere
844 2036 991 2072 bonum
1008 2034 1034 2082 β,
1055 2035 1175 2083 magis
1194 2036 1382 2084 pertinere

39 2091 49 2116 ’-
70 2094 143 2135 ,stim
316 2089 472 2127 *videtur
491 2089 540 2126 ad
559 2088 750 2126 defectum
774 2088 920 2125 virtutis
944 2089 1244 2137 apprehensivae
1265 2101 1382 2137 quam

322 2142 371 2180 ad
387 2141 578 2179 defectum
587 2141 805 2179 voluntatis.
817 2142 920 2189 Ergo
934 2149 1135 2190 peccatum
1145 2142 1250 2178 nullo
1262 2142 1382 2179 modo

46 2218 55 2223 ι
98 2214 146 2234 ι
227 2217 229 2221 .
321 2195 444 2232 est-in
471 2194 680 2232 voluntate.

151 2242 155 2246 ’
377 2249 413 2285 3.
433 2248 666 2294 Pamisum,
687 2259 765 2284 non
788 2254 913 2296 potest
941 2259 1023 2284 esse
1042 2246 1144 2284 idern
1169 2247 1382 2284 subiectum

320 2300 478 2350 peccati,
509 2307 545 2336 et
573 2310 688 2336 causa
725 2299 915 2336 efficiens:
944 2299 1034 2348 quia
1067 2312 1182 2337 causa
1215 2300 1383 2337 efficiens

322 2361 360 2391 et
385 2353 589 2391 materialis
617 2365 696 2390 non
724 2352 893 2390 incidunt
919 2352 959 2390 in
987 2352 1103 2400 idem,
1123 2360 1166 2389 ut
1192 2353 1327 2390 dicitur
1345 2353 1384 2390 in

322 2407 355 2444 II
382 2406 532 2454 Rzysic.
553 2405 572 2428 *
593 2406 668 2443 Sed
687 2406 864 2443 voluntas
893 2413 949 2442 est
968 2418 1081 2442 causa
1109 2405 1278 2443 efficiens
1296 2419 1384 2455 pec—

44 2484 46 2486 ι
322 2459 414 2496 cati:
436 2459 568 2507 prima
592 2458 694 2496 enim
722 2469 838 2495 causa
851 2459 1038 2506 peccandi
1062 2464 1117 2495 est
1140 2459 1326 2505 voluntas,
1343 2467 1386 2496 ut

44 2520 46 2523 “
81 2518 208 2574 „5031an
216 2551 272 2567 m
319 2511 554 2560 Augustinus
574 2511 674 2558 dicit,
702 2511 741 2548 in
768 2511 864 2548 libro
883 2512 930 2548 de
950 2512 1111 2548 Duabus
1128 2512 1339 2549 Animahus
1353 2512 1384 2549 ³¹⁸.

84 2561 252 2596 OEst'fflab·
262 2555 296 2625 A}
322 2566 424 2613 Ergo
453 2577 533 2602 non
561 2572 617 2602 est
645 2564 858 2602 subiectum
886 2564 1043 2613 peccati.

376 2618 452 2655 SED
471 2629 618 2654 CONTRA
636 2629 703 2654 EST
722 2618 828 2666 quod
846 2617 1078 2665 Augustinus
1098 2616 1198 2664 dicit,
1224 2617 1263 2654 in
1288 2617 1383 2654 libro

85 2676 186 2705 Lib-1,
200 2683 252 2706 0⁸1>-
262 2683 295 2699 ¹¹·
320 2672 488 2709 Retract.
512 2670 550 2716 ²⁸,
583 2670 690 2718 quod
722 2670 894 2708 voluntas
927 2676 980 2707 est
1011 2681 1086 2718 qua
1117 2676 1322 2718 peccatur,
1351 2676 1387 2707 et

50 2726 54 2729 “
73 2731 76 2734 “
322 2729 421 2760 recte
446 2723 597 2760 vivitur.

376 2777 602 2812 RESPONDEO
637 2787 822 2813 memnon
855 2775 961 2823 quod
993 2782 1194 2823 peccatum
1226 2775 1383 2824 quidam

276 2841 295 2861 ¹³
323 2836 429 2865 actus
457 2835 524 2875 est,
545 2828 640 2865 sicut
667 2840 783 2877 supra
809 2828 829 2850 '¹‘
857 2828 1001 2865 dictum
1030 2835 1097 2865 est.
1122 2830 1290 2866 Actuum
1319 2841 1384 2865 au-

323 2889 400 2918 tem
428 2880 585 2930 quidam
619 2888 812 2918 transeunt
839 2881 877 2918 in
914 2881 1137 2918 exteriorem
1171 2881 1382 2928 materiam,

322 2941 365 2971 ut
391 2946 502 2971 urere
531 2941 567 2970 et
600 2945 750 2971 secare:
780 2941 817 2970 et
844 2933 1065 2971 huiusmodi
1101 2941 1206 2970 actus
1243 2934 1384 2971 habent

322 2995 394 3036 pro
422 2986 580 3024 materia
601 2993 637 3023 et
655 2986 825 3023 subiecto
844 2986 884 3024 id
911 2987 950 3023 in
977 2988 1083 3035 quod
1111 2987 1241 3024 transit
1266 2986 1381 3034 actio;

323 3040 419 3077 sicut
438 3039 695 3087 Philosophus
714 3038 813 3086 dicit,
833 3039 872 3076 in
893 3041 943 3076 III
961 3040 1111 3087 Physic.
1127 3039 1159 3086 ²¹²,
1181 3039 1286 3087 quod
1304 3051 1384 3076 mo-

323 3099 381 3130 tus
417 3098 472 3129 est
497 3097 602 3129 actus
634 3091 781 3128 mobilis
816 3103 840 3128 a
873 3098 1055 3130 movente.
1087 3092 1254 3139 Quidam
1287 3105 1382 3129 vero

54 2392 296 2459 ‘'c-amma.-

45 2440 47 2442 ·
178 2425 270 2458 Ιῶῑκι

223 2518 294 2546 Art„

83 2835 266 2864 ‘Quum-n.

83 2868 191 2892 qmuxr,
199 2862 295 2888 nrt.,.16

84 3045 163 3096 303·
175 3051 295 3095 ἰ’ἑειῗιέῑ·

376 3205 404 3240 α)
424 3206 531 3231 bonum.
547 3219 567 3224 -
584 3205 679 3229 bonum
699 3211 790 3229 verum
809 3205 860 3229 EF.

377 3241 401 3276 β)
421 3241 493 3274 quod
512 3248 563 3265 non
583 3243 622 3264 est
641 3246 701 3264 vere
720 3239 825 3264 bonum.
842 3253 861 3258 ·—
879 3239 941 3264 Om.
953 3239 1006 3264 EF.

1435 1515 1540 1544 actus
1568 1516 1654 1545 sunt
1681 1521 1761 1546 non
1789 1517 2023 1547 transeuntes
2050 1510 2089 1547 in
2123 1511 2346 1549 exteriorem
2374 1520 2490 1550 mate-

1431 1560 1542 1611 riam,
1564 1562 1631 1598 sed
1660 1570 1858 1598 manentes
1886 1562 1924 1599 in
1952 1570 2097 1610 agente,
2127 1563 2221 1600 sicut
2248 1572 2426 1613 appetere
2455 1573 2491 1602 et

1437 1611 1688 1660 cognoscere:
1719 1622 1755 1651 et
1781 1615 1873 1651 tales
1893 1622 1997 1652 actus
2026 1623 2111 1653 sunt
2130 1628 2265 1654 omnes
2284 1625 2388 1654 actus
2408 1630 2490 1654 mo-

1436 1667 1544 1714 rales,
1565 1666 1646 1703 sive
1665 1667 1738 1703 sint
1757 1675 1862 1704 actus
1880 1668 2074 1715 virtutum,
2099 1669 2177 1707 sive
2203 1678 2447 1718 peccatorum
2461 1676 2488 1707 Υ.

1436 1718 1547 1756 Unde
1585 1727 1734 1767 oportet
1767 1720 1870 1768 quod
1907 1721 2104 1769 proprium
2138 1722 2349 1760 subiectum
2387 1730 2490 1760 actus

1435 1772 1580 1819 peccati
1618 1772 1662 1808 sit
1695 1773 1865 1820 potentia
1899 1786 1996 1821 quae
2026 1782 2081 1811 est
2113 1775 2340 1824 principium
2372 1784 2489 1812 actus.

1438 1825 1537 1860 Cum
1559 1832 1684 1861 autem
1703 1826 1902 1874 proprium
1924 1826 1969 1863 sit
1988 1835 2140 1864 actuum
2166 1828 2367 1865 moralium
2386 1828 2491 1877 quod

1436 1877 1508 1913 sint
1535 1877 1748 1925 voluntarii,
1768 1886 1810 1915 ut
1838 1891 1952 1927 supra
1979 1879 1998 1900 '¹‘
2025 1880 2195 1916 habitum
2227 1889 2295 1927 est,
2325 1881 2492 1930 sequitur
2518 1894 2526 1903 ·

1437 1930 1540 1978 quod
1568 1931 1756 1977 voluntas,
1778 1943 1875 1980 quae
1905 1939 1960 1968 est
1987 1933 2212 1981 principium
2241 1942 2393 1971 actuum
2421 1947 2489 1971 vo-

1436 1983 1698 2030 luntariorum,
1727 1984 1806 2020 sive
1836 1984 2028 2021 bonorum
2048 1985 2128 2022 sive
2157 1987 2365 2033 malorum,
2395 1999 2491 2035 quae

1437 2043 1522 2072 sunt
1549 2044 1716 2084 peccata,
1737 2036 1783 2073 sit
1801 2037 2026 2085 principium
2054 2047 2309 2086 peccatorum.
2339 2041 2388 2076 Et
2405 2040 2492 2076 ideo

1437 2088 1606 2136 sequitur
1633 2089 1738 2137 quod
1765 2098 1964 2138 peccatum
1984 2091 2030 2127 sit
2056 2091 2094 2128 in
2116 2093 2310 2128 voluntate
2338 2093 2433 2129 sicut
2454 2092 2493 2129 in

1437 2141 1606 2178 subiecto
1635 2141 1666 2179 ²⁸.

1490 2196 1548 2231 AD
1569 2206 1706 2232 ptumum
1733 2206 1832 2232 ERGO
1851 2207 2034 2233 DICENDUM
2062 2196 2168 2244 quod
2191 2198 2336 2234 malum
2360 2197 2494 2235 dicitur

1438 2259 1520 2284 esse
1547 2255 1695 2296 praeter
1721 2249 1970 2295 voluntatem,
1992 2248 2080 2296 quia
2103 2250 2280 2287 voluntas
2308 2262 2386 2287 non
2413 2258 2491 2287 ten-

1439 2300 1491 2337 dit
1517 2300 1555 2336 in
1583 2300 1709 2348 ipsum
1738 2301 1808 2337 sub
1833 2301 1977 2338 ratione
2006 2302 2106 2338 mali.
2128 2303 2205 2339 Sed
2225 2303 2313 2351 quia
2340 2303 2493 2352 aliquod

1439 2353 1583 2389 malum
1613 2360 1668 2389 est
1703 2365 1891 2401 apparens
1920 2355 2083 2400 bonurn,
2111 2354 2198 2403 ideo
2225 2356 2402 2392 voluntas
2430 2356 2493 2392 ali-

1439 2405 1592 2454 quando
1631 2406 1772 2454 appetit
1809 2406 1964 2455 aliquod
2001 2408 2158 2444 malum.
2197 2409 2245 2445 Et
2282 2409 2492 2446 secundum

1438 2459 1512 2495 hoc
1539 2466 1738 2506 peccatum
1768 2466 1822 2495 est
1850 2459 1888 2496 in
1915 2460 2122 2497 voluntate.

1491 2513 1550 2547 AD
1569 2523 1758 2548 SECUNDUM
1777 2524 1961 2549 DICENDUM
1981 2513 2085 2561 quod
2108 2513 2139 2550 si
2167 2514 2334 2550 defectus
2360 2527 2492 2563 appre-

1437 2564 1618 2601 hensivae
1653 2564 1800 2601 virtutis
1828 2566 1930 2601 nullo
1966 2566 2084 2603 modo
2123 2566 2333 2603 subiaceret
2359 2568 2492 2604 volun-

1438 2617 1513 2662 tati,
1536 2629 1614 2653 non
1635 2625 1732 2654 esset
1750 2625 1951 2665 peccatum
1977 2630 2048 2655 nec
2074 2618 2112 2656 in
2139 2620 2333 2656 voluntate
2361 2632 2431 2656 nec
2454 2619 2492 2656 in

1439 2670 1714 2718 apprehensiva
1746 2670 1902 2707 virtute:
1932 2671 2027 2708 sicut
2052 2679 2154 2719 patet
2181 2672 2220 2708 in
2247 2672 2304 2708 his
2332 2673 2395 2720 qui
2427 2673 2492 2708 ha·

1439 2723 1528 2759 bent
1554 2722 1806 2770 ignorantiam
1836 2723 2103 2761 invincibilem.
2125 2725 2174 2760 Et
2201 2725 2287 2761 ideo
2315 2724 2491 2773 relinqui-

1439 2782 1498 2812 tur
1531 2775 1634 2823 quod
1673 2776 1785 2812 etiam
1823 2777 1990 2813 desectus
2023 2777 2320 2825 apprehensivae
2348 2777 2492 2814 virtutis

1438 2828 1637 2865 subiacens
1663 2828 1860 2875 voluntati,
1883 2829 2082 2877 deputetur
2110 2830 2148 2866 in
2175 2838 2385 2878 peccatum.

1491 2883 1548 2918 AD
1576 2893 1736 2918 TERTmM
1763 2893 1947 2919 DtCENDUM
1981 2883 2086 2930 quod
2114 2882 2206 2918 ratio
2235 2882 2295 2918 illa
2322 2882 2493 2930 procedit

1436 2934 1475 2971 in
1504 2934 1624 2971 causis
1653 2934 1901 2971 efficientibus
1924 2947 2085 2983 quarum
2112 2935 2277 2971 actiones
2301 2942 2494 2972 transeunt

1437 2987 1476 3023 in
1504 2986 1701 3023 materiam
1723 2987 1959 3035 exteriorem,
1981 2996 2016 3024 et
2044 3000 2140 3035 quae
2161 3000 2238 3024 non
2262 2995 2421 3025 movent
2439 3001 2491 3035 se,

1438 3040 1506 3077 sed
1529 3039 1612 3076 alia.
1635 3039 1754 3076 Cuius
1774 3040 2003 3077 contrarium
2024 3048 2079 3077 est
2098 3040 2135 3076 in
2154 3041 2360 3078 voluntate.
2382 3042 2492 3078 Unde

1438 3092 1532 3129 ratio
1561 3104 1640 3129 non
1667 3093 1845 3141 sequitur.

1491 3206 1518 3239 γ)
1534 3209 1714 3237 peccatorum.
1732 3219 1750 3224 -
1770 3206 1893 3230 vitiorum
1914 3205 1964 3229 EF.

994 3307 1326 3341 Commentario.
1349 3309 1598 3342 Cardinalis
1620 3309 1818 3342 Caietam

326 3391 373 3454 IN
389 3381 521 3412 articulo
541 3380 647 3420 primo
664 3379 798 3409 dubium
815 3385 861 3409 est
877 3379 915 3409 de
934 3378 988 3408 illa
1006 3377 1245 3419 propositione:
1267 3379 1385 3409 Omnes
1439 3379 1533 3410 nitate
1555 3385 1585 3409 et
1607 3379 1725 3409 malitia
1752 3379 1864 3409 morali
1888 3386 2017 3410 actuum
2041 3379 2244 3416 exteriorum;
2270 3388 2301 3412 et
2322 3381 2492 3416 veritatem,

353 3431 445 3456 actus
469 3425 607 3455 morales
630 3429 705 3454 sunt
727 3428 819 3453 actus
842 3424 1060 3454 immanentes.
1087 3423 1175 3453 Haec
1203 3423 1288 3452 enim
1311 3433 1383 3462 pro-

82 3474 95 3484 *
109 3474 157 3503 Qu.
170 3480 210 3497 xx.
322 3469 440 3509 positio
458 3470 615 3499 destruere
632 3467 756 3498 videtur
771 3467 946 3498 doctrinam
963 3466 1106 3507 superius
1118 3466 1136 3485 *
1152 3466 1256 3496 datam
1274 3466 1311 3496 de
1328 3467 1383 3496 bo—

1438 3433 1535 3463 quam
1559 3422 1708 3453 continue
1731 3433 1892 3459 sonamu5‚
1917 3423 1994 3454 dum
2018 3424 2244 3464 percussiones,
2268 3425 2447 3461 homicidia,
2465 3433 2494 3456 et

1438 3466 1497 3496 alia
1521 3466 1714 3502 huiusmodi,
1739 3474 1825 3497 actus
1850 3468 1983 3498 morales
2001 3475 2031 3498 et
2054 3468 2154 3499 malos
2179 3469 2322 3500 dicimus.

2519 2155 2531 2167 ¹⁸
2544 2155 2573 2177 D.
2587 2162 2637 2183 995.
