2840 4010
78 690 87 699 '
97 688 132 710 Cf.
142 688 151 709 1
161 688 223 713 Cor„
236 693 287 714 cap.
332 684 337 691 '
363 675 368 688 λ

78 721 113 741 111,
129 720 187 736 vers.
202 719 263 740 11-15.

80 1746 90 1757 ⁴¹
106 1745 171 1767 Vers.
189 1746 209 1767 S.

79 2436 87 2444 '
114 2435 160 2462 Qu.
185 2441 289 2461 Lxxxvn,

79 2465 119 2483 art.
134 2467 151 2489 5.

78 2922 87 2930 ⁸
103 2920 159 2947 Cap,
174 2927 210 2942 xv.

79 2974 87 2983 ³
104 2973 169 2994 Vers.
185 2979 214 2994 21.

313 165 382 199 142

955 153 1219 200 QUAEsrio
1250 152 1461 198 LXXXIX,
1491 152 1785 189 ARTICULUS
1814 154 1845 189 11

1080 277 1291 318 ARTICU
1300 277 1412 327 LUSx
1426 276 1724 319 SECUNDUS

646 372 799 403 UTRUM
824 369 1162 401 CONVENIENTER
1183 368 1386 400 PECCATA
1409 369 1613 400 VENIALIA
1636 369 1717 400 PER
1741 368 1936 407 LIGNUM,
1960 369 2154 400 FAENUM

1083 413 1140 443 ET
1164 411 1394 443 STIPULAM
1408 414 1712 444 DESIGNENTUR

596 495 628 519 IV
649 494 730 523 Sent„
750 494 808 518 dist.
826 500 874 522 xxx,
895 500 938 525 qu.
957 499 975 522 1,
995 497 1041 517 art.
1062 499 1084 523 2,
1105 493 1150 525 qu*
1175 500 1195 521 1,
1217 499 1245 523 23
1266 491 1325 517 dist.
1343 499 1409 522 vax,
1429 500 1473 525 qu.
1491 500 1517 522 11,
1537 498 1584 517 art.
1601 493 1623 522 3,
1643 494 1689 525 qu·
1711 492 1734 524 3,
1753 493 1785 517 ad
1806 492 1834 524 3;
1854 493 1863 517 1
1881 493 1950 523 Cor„
1971 501 2027 525 cap.
2045 500 2086 522 111.
2105 493 2163 519 lect.
2176 500 2203 517 116

340 591 410 653 μὴ»
430 593 452 612 ι,
463 597 495 627 ἔ(
526 587 547 611 D
563 585 752 610 SECUNDUM
768 585 820 610 sm
835 584 1073 609 PROCEDITUR.
1093 572 1252 610 Videtur
1271 572 1375 621 quod

494 667 502 677 ὲ,
526 626 836 663 inconvenienter
866 627 1022 674 peccata
1049 626 1212 663 venialia
1240 637 1307 674 per
1335 625 1376 661 li-

358 725 359 729 *
378 719 381 725 ¹
473 677 517 729 (gf
525 691 656 729 gnum,
670 680 835 727 faenum
852 686 887 715 et
900 679 1075 728 stipulam
1090 679 1333 726 designentur
1343 678 1373 714 ²³⁸.

320 756 322 760 ⁴
372 709 415 760 ᾗ
484 724 690 780 &Lignum
716 731 830 779 enim,
852 732 1005 769 faenum
1033 739 1068 768 et
1087 732 1222 780 stipula
1246 731 1375 768 dicun-

315 793 373 821 tur
388 785 698 833 superaedificari
716 785 896 833 spirituali
915 785 1177 823 fundamento.
1199 784 1275 820 Sed
1290 796 1377 832 pec-

317 846 398 874 cata
425 838 589 874 venialia
617 846 703 875 sunt
729 845 877 887 praeter
914 838 1105 887 spirituale
1134 837 1375 874 aedificium:

316 890 410 939 sicut
430 890 543 928 etiam
563 891 754 939 quaelibet
772 891 886 927 falsae
907 891 1106 939 opiniones
1125 897 1211 926 sunt
1229 897 1377 938 praeter

316 943 522 981 seientiam.
544 945 646 992 Ergo
662 952 816 993 peccata
830 944 993 981 venialia
1009 956 1086 980 non
1107 942 1378 979 convenienter

317 997 559 1045 designantur
586 1010 654 1046 per
681 997 837 1045 lignum,
867 997 1020 1033 faenum
1052 1003 1087 1032 et
1115 995 1303 1043 stipulam.

372 1062 406 1087 2.
427 1051 659 1097 PRAETEREA,
680 1050 740 1086 ille
760 1049 824 1098 qui
844 1049 1019 1086 aedificat
1042 1049 1199 1096 lignum,
1221 1048 1375 1085 faenum

318 1110 353 1140 et
373 1103 561 1151 stipulam,
581 1104 634 1139 sic
651 1103 778 1140 salvus
806 1103 875 1139 erit
902 1103 1011 1150 quasi
1030 1114 1103 1150 per
1130 1102 1268 1151 ignem.
1301 1101 1378 1138 Sed

317 1156 550 1204 quandoque
587 1155 646 1192 ille
680 1155 743 1204 qui
778 1155 976 1191 committit
1013 1162 1168 1202 peccata
1195 1154 1377 1201 venialia,

318 1221 395 1245 non
426 1209 493 1245 erit
521 1209 647 1245 salvus
673 1208 785 1244 etiam
805 1220 874 1256 per
894 1207 1042 1255 ignem:
1071 1215 1163 1255 puta
1184 1219 1271 1243 cum
1290 1219 1378 1255 pec-

319 1270 400 1298 cata
427 1261 590 1298 venialia
618 1260 863 1298 inveniuntur
890 1260 928 1297 in
957 1272 1003 1296 eo
1033 1260 1098 1308 qui
1122 1260 1271 1297 decedit
1290 1272 1377 1297 cum

317 1322 473 1363 peccato
494 1314 654 1351 mortali.
680 1315 782 1361 Ergo
806 1313 1118 1350 inconvenienter
1136 1325 1204 1361 per
1222 1313 1377 1360 lignum,

317 1368 473 1404 faenum
503 1374 539 1403 et
567 1367 743 1415 stipulam
763 1373 919 1415 peccata
937 1366 1099 1403 venialia
1124 1366 1377 1414 designantur.

373 1422 407 1457 3.
437 1421 669 1467 ΡΗΑΕΤΕΚΕΑ,
699 1420 910 1456 secundum
934 1420 1175 1468 Apostolum,
1205 1419 1266 1456 alii
1293 1427 1380 1456 sunt

318 1473 382 1522 qui
411 1473 614 1511 aedificant
640 1485 795 1528 aurum,
824 1478 1046 1522 argentum,
1078 1473 1217 1520 lapides
1237 1473 1378 1520 pretio-

316 1538 388 1572 sos,
409 1526 504 1564 idest
523 1539 696 1563 amorem
716 1526 788 1563 Dei
817 1533 853 1562 et
872 1525 1035 1574 proximi
1059 1533 1095 1562 et
1119 1526 1221 1562 bona
1241 1538 1378 1574 opera3

320 1586 355 1616 et
383 1580 442 1616 alii
461 1580 526 1628 qui
555 1579 756 1617 aedificant
778 1579 937 1628 lignum,
953 1580 1112 1626 faenum
1139 1586 1174 1615 et
1191 1579 1377 1627 stipulam.

320 1632 397 1669 Sed
428 1640 584 1681 peccata
611 1632 773 1670 venialia
809 1632 1050 1668 committunt
1085 1631 1198 1668 etiam
1232 1631 1282 1668 illi
1315 1632 1380 1681 qui

319 1685 475 1733 diligu'nt
502 1687 630 1723 Deum
661 1693 695 1722 et
722 1685 958 1734 proximum,
989 1692 1024 1721 et
1053 1685 1154 1721 bona
1183 1697 1300 1734 opera
1327 1685 1379 1722 fa-

320 1739 441 1776 ciunt:
468 1739 602 1776 dicitur
621 1739 722 1775 enim
744 1740 756 1774 I
780 1740 884 1775 Ioan.
902 1750 911 1774 1
931 1737 966 1774 *τ
994 1738 1036 1774 Si
1058 1738 1266 1775 dixerimus
1290 1739 1378 1787 quia

312 1798 509 1841 peccatum
535 1804 609 1829 non
629 1793 820 1836 habemus,
842 1793 1008 1839 nosipsos
1026 1792 1247 1828 seducimus.
1277 1792 1379 1840 Ergo

317 1858 396 1882 non
413 1845 682 1882 convenienter
702 1845 942 1893 designantur
960 1851 1115 1893 peccata
1129 1844 1293 1881 venialia
1310 1857 1380 1893 per

317 1906 387 1935 ista
414 1907 493 1935 tria.

371 689 447 714 ἠν·

370 1963 406 1999 4.
442 1953 684 1998 PRAETEREA,
718 1951 838 1987 multo
864 1955 881 1971 α
908 1950 1035 1999 plures
1074 1949 1307 1987 differentiae
1344 1957 1400 1987 et*

318 2005 455 2053 gradus
493 2012 580 2042 sunt
614 2011 859 2053 peccatorum
893 2003 1101 2040 venialium
1139 2015 1255 2051 quam
1292 2011 1377 2040 tres.

318 2060 418 2106 Ergo
454 2057 766 2095 inconvenienter
799 2057 868 2093 sub
897 2056 954 2093 his
983 2055 1100 2092 tribus
1131 2057 1380 2105 comprehen-

318 2112 466 2149 duntur.

371 2166 444 2202 SED
474 2176 619 2201 CONTRA
647 2175 712 2200 EST
744 2164 848 2212 quod
881 2163 1088 2212 Apostolus
1126 2158 1296 2199 dicit'de
1331 2175 1376 2199 eo

318 2219 382 2268 qui
417 2218 708 2267 superaedificat
735 2217 900 2264 lignum,
930 2217 1084 2253 faenum
1114 2224 1149 2252 et
1177 2215 1376 2264 stipulam,

318 2272 422 2321 quod
449 2272 575 2308 salvus
603 2271 674 2307 erit
700 2270 809 2319 quasi
819 2281 892 2318 per
911 2270 1060 2319 ignem:
1091 2277 1127 2306 et
1146 2269 1198 2306 sic
1217 2269 1378 2318 patietur

316 2337 495 2374 poenam,
513 2325 579 2362 sed
599 2336 677 2361 non
692 2330 897 2360 aeternam.
920 2323 1061 2359 Reatus
1082 2329 1207 2359 autem
1229 2334 1378 2371 poenae

316 2377 536 2426 temporalis
563 2377 715 2426 proprie
744 2376 906 2426 pertinet
931 2376 979 2412 ad
998 2383 1198 2425 peccatum
1216 2375 1377 2420 veniale,

316 2439 358 2468 ut
387 2431 528 2470 dictum
558 2438 613 2467 est
631 2430 662 2467 ³⁶.
693 2431 794 2478 Ergo
830 2441 897 2478 per
931 2428 993 2465 illa
1020 2428 1089 2465 tria
1122 2428 1379 2477 significantur

315 2492 471 2534 peccata
499 2483 672 2521 venialia.

371 2539 595 2575 RESPONDEO
615 2547 799 2573 DICENDUM
820 2535 924 2584 quod
945 2535 1101 2584 quidam
1119 2534 1379 2579 intellexerunt

316 2591 608 2628 fundamentum
638 2602 719 2626 esse
747 2588 865 2625 fidem
890 2589 1106 2635 informem,
1129 2600 1243 2636 super
1261 2600 1377 2636 quam

317 2644 431 2693 aliqui
460 2644 662 2680 aedificant
695 2643 798 2678 bona
827 2654 964 2690 opera,
994 2653 1090 2690 quae
1121 2641 1378 2688 significantur

316 2710 384 2747 per
399 2709 548 2744 aurum,
565 2703 763 2744 argentum
784 2702 820 2731 et
839 2695 982 2743 lapides
997 2694 1200 2743 pretiosos;
1218 2693 1376 2742 quidam

315 2763 409 2788 vero
438 2757 593 2800 peecata
622 2749 735 2786 etiam
763 2748 952 2795 mortalia,
971 2759 1080 2797 *quae
1110 2747 1375 2795 significantur,

316 2804 530 2841 secundum
550 2815 629 2850 eOS,
649 2814 718 2851 per
737 2800 893 2849 lignum,
915 2801 1069 2837 faenum
1091 2808 1127 2837 et
1146 2800 1334 2849 stipulam.
1351 2820 1374 2828 -

317 2858 393 2894 Sed
422 2858 520 2894 hanc
550 2854 825 2905 expositionem
854 2853 1043 2903 improbat
1070 2853 1313 2901 Augustinus,
1337 2853 1376 2891 in

315 2910 410 2947 libro
445 2910 490 2947 de
516 2909 609 2946 Fide
637 2915 672 2945 et
703 2907 883 2956 Operibus
902 2907 938 2943 ²¹²:
968 2906 1071 2954 quia,
1101 2914 1142 2942 ut
1169 2907 1376 2955 Apostolus

316 2963 414 3009 dicit,
435 2964 486 3000 ad
508 2963 591 3000 Gal.
611 2974 635 2998 v
653 2962 684 3005 ²⁸,
716 2960 779 3010 qui
800 2972 918 3009 opera
938 2959 1058 2996 carnis
1085 2959 1182 3006 facit,
1213 2971 1374 3009 regnum

316 3017 390 3053 Dei
407 3029 481 3053 non
502 3020 757 3064 consequetur,
779 3013 883 3061 quod
905 3020 959 3050 est
979 3012 1128 3049 salvum
1145 3012 1247 3057 fieri;
1273 3014 1376 3061 Apo-

317 3070 431 3106 stolus
461 3077 587 3106 autem
618 3068 706 3106 dicit
735 3067 839 3116 quod
858 3066 917 3110 ille
939 3065 1003 3114 qui
1027 3065 1202 3102 aedificat
1220 3065 1375 3113 lignum,

317 3123 471 3159 faenum
501 3130 537 3159 et
565 3122 754 3170 stipulam,
783 3119 910 3156 salvus
935 3119 1005 3156 erit
1023 3118 1133 3167 quasi
1145 3130 1216 3167 per
1235 3119 1374 3168 ignem.

317 3175 426 3211 Unde
456 3187 534 3211 non
563 3182 687 3223 potest
715 3173 867 3221 intelligi
896 3172 1001 3221 quod
1028 3183 1097 3220 per
1124 3171 1280 3220 lignum,
1301 3172 1376 3208 fae-

318 3240 410 3263 num
450 3236 484 3264 et
512 3228 686 3276 stipulam
721 3234 876 3276 peccata
910 3225 1084 3262 mortalia
1122 3225 1375 3272 designentur.

1483 573 1651 619 Quidam
1666 586 1759 611 vero
1775 572 1790 603 β
1810 574 1937 611 dicunt
1956 574 2060 623 quod
2078 586 2147 623 per
2161 574 2316 622 lignum,
2332 575 2487 612 faenum

1430 633 1465 661 et
1489 626 1663 674 stipulam
1693 626 1950 674 significantur
1970 639 2086 676 opera
2106 628 2220 673 bona,
2242 639 2339 676 quae
2359 639 2488 676 super-

1430 678 1677 714 aedificantur
1692 679 1846 727 quidem
1867 680 2046 728 spirituali
2066 680 2253 727 aedificio,
2275 681 2341 717 sed
2359 687 2488 718 tamen

1431 731 1680 767 commiscent
1713 744 1752 768 se
1782 732 1835 768 eis
1863 741 2019 780 peccata
2046 733 2228 770 venialia:
2259 733 2369 780 sicut,
2399 744 2488 771 eum

1430 783 1564 831 aliquis
1592 784 1708 820 habet
1736 796 1868 821 curam
1894 785 1947 822 rei
1975 785 2178 830 familiaris,
2209 786 2314 834 quod
2342 786 2489 835 bonum

1431 844 1497 883 est,
1528 837 1750 873 commiscet
1778 849 1817 873 se
1837 838 2052 886 superfluus
2071 851 2181 876 amor
2199 840 2262 876 vel
2281 839 2409 876 uxoris
2427 839 2490 875 vel

1430 889 1596 926 filiorum
1625 890 1686 926 vel
1718 890 2022 938 possessionum,
2052 892 2123 928 sub
2151 893 2235 929 Deo
2265 899 2410 939 tamen,
2439 891 2490 928 ita

1431 943 1569 979 scilicet
1588 943 1693 990 quod
1712 955 1782 991 pro
1803 942 1861 979 his
1879 943 1999 979 homo
2019 943 2108 981 nihil
2122 945 2236 982 vellet
2255 945 2379 982 facere
2400 957 2489 982 con-

1430 1003 1486 1032 tra
1513 997 1640 1033 Deum
1659 1000 1685 1031 Υ.
1708 1016 1731 1022 -
1753 995 1830 1032 Sed
1857 996 1933 1032 hoc
1960 996 2097 1034 iterum
2126 1009 2204 1034 non
2222 997 2373 1035 videtur
2401 1010 2489 1034 con-

1429 1049 1627 1085 venienter
1646 1049 1728 1085 dici.
1759 1048 2004 1085 Manifestum
2026 1057 2080 1086 est
2109 1050 2209 1089 enim
2235 1050 2341 1098 quod
2360 1051 2490 1088 omnia

1431 1113 1547 1150 opera
1575 1102 1679 1138 bona
1708 1101 1917 1138 referuntur
1945 1102 1994 1139 ad
2024 1101 2215 1139 caritatem
2243 1103 2316 1139 Dei
2344 1111 2380 1140 et
2399 1115 2490 1153 pro-

1431 1155 1541 1192 ximi:
1570 1155 1672 1191 unde
1699 1154 1887 1203 pertinent
1915 1154 1963 1191 ad
1993 1166 2140 1201 aurum,
2162 1162 2358 1202 argentum
2384 1164 2419 1193 et
2438 1157 2490 1193 la-

1430 1207 1538 1256 pides
1566 1207 1764 1256 pretiosos.
1796 1208 1887 1244 Non
1908 1218 1997 1255 ergo
2028 1207 2077 1244 ad
2096 1207 2250 1255 lignum,
2279 1209 2434 1245 faenum
2454 1216 2490 1245 et

1431 1260 1619 1309 stipulam.

1485 1314 1533 1350 Et
1561 1313 1648 1350 ideo
1679 1313 1882 1350 dicendum
1912 1321 1966 1350 est
1999 1312 2105 1361 quod
2137 1312 2218 1362 ipsa
2244 1320 2408 1361 peccata
2425 1326 2491 1350 ve-

1431 1366 1542 1403 nialia
1570 1379 1668 1415 quae
1697 1367 1907 1404 admiscent
1935 1378 1975 1403 se
2003 1366 2292 1414 procurantibus
2325 1373 2490 1413 terrena,

1431 1420 1687 1468 significantur
1706 1432 1773 1468 per
1788 1420 1944 1467 lignum,
1960 1419 2114 1456 faenum
2131 1426 2167 1456 et
2182 1418 2370 1468 stipulam.
2389 1418 2494 1456 Sicut

1433 1473 1534 1510 enim
1562 1473 1781 1510 huiusmodi
1814 1479 2089 1520 congregantur
2116 1472 2155 1509 in
2183 1472 2319 1519 domo,
2349 1478 2387 1508 et
2413 1484 2494 1508 non

1430 1526 1618 1575 pertinent
1637 1527 1684 1563 ad
1700 1525 1948 1562 substantiam
1969 1525 2141 1572 aedificii,
2159 1532 2195 1562 et
2208 1532 2369 1574 possunt
2387 1536 2493 1562 com-

1432 1579 1515 1616 buri
1535 1579 1707 1616 aedificio
1729 1586 1965 1623 remanente3
1988 1578 2038 1615 ita
2058 1578 2170 1615 etiam
2189 1585 2346 1627 peccata
2361 1577 2492 1615 venia-

1431 1632 1479 1669 lia
1508 1632 1801 1681 multiplicantur
1829 1631 1866 1668 in
1898 1631 2071 1678 homine,
2101 1637 2279 1668 manente
2313 1629 2493 1680 spirituali

1432 1685 1618 1731 aedifici03
1640 1692 1674 1721 et
1688 1698 1757 1733 pro
1773 1684 1850 1721 istis
1867 1684 2007 1733 patitur
2021 1682 2040 1713 ⁶—
2049 1684 2175 1732 ignem
2192 1683 2255 1721 vel
2274 1683 2492 1733 temporalis

1431 1738 1678 1775 tribulationis
1702 1738 1740 1775 in
1760 1738 1832 1774 hac
1849 1738 1938 1784 vita,
1967 1738 2030 1774 vel
2048 1735 2255 1786 purgatorii
2281 1744 2368 1786 post
2393 1736 2493 1774 hane

1431 1791 1569 1838 vitam;
1591 1799 1626 1827 et
1645 1799 1772 1828 tamen
1796 1792 1957 1827 salutem
1982 1789 2226 1839 consequitur
2244 1794 2257 1810 ε
2285 1796 2491 1827 aeternam.

1485 1847 1543 1882 AD
1559 1857 1695 1881 PRIMUM
1715 1855 1812 1880 ERGO
1833 1855 2016 1881 DICENDUM
2036 1843 2142 1891 quod
2160 1849 2316 1892 peccata
2330 1841 2495 1879 venialia

1433 1910 1512 1934 non
1528 1898 1701 1935 dicuntur
1716 1897 2023 1946 superaedificari
2047 1896 2226 1946 spirituali
2244 1895 2492 1932 fundamento

1433 1951 1540 2000 quasi
1570 1951 1708 1988 directe
1744 1962 1858 1999 supra
1888 1950 2014 1999 ipsum
2043 1949 2183 1999 posita:
2212 1949 2281 1987 sed
2309 1947 2493 1997 quia'po-

1432 2012 1572 2041 nuntur
1591 2005 1692 2041 iuxta
1720 2003 1846 2052 ipsum
1867 2002 1895 2049 ζ;
1925 2003 2020 2040 sicut
2043 2002 2223 2051 accipitur
2241 2001 2293 2039 ibi
2310 2001 2343 2048 *‚
2373 2002 2494 2050 Super

1421 2058 1588 2106 flumina
1608 2057 1828 2105 Babylonis,
1858 2056 1955 2093 idest
1983 2057 2100 2093 iuxta.
2131 2055 2232 2102 Quia
2250 2061 2408 2104 peccata
2425 2066 2492 2092 ve-

1433 2110 1542 2147 nialia
1562 2123 1639 2147 non
1669 2111 1867 2147 destruunt
1894 2109 2083 2159 spirituale
2112 2107 2341 2156 aedificium,
2370 2114 2411 2144 ut
2439 2105 2493 2144 di-

1433 2171 1535 2200 ctum
1564 2171 1619 2200 est
1635 2163 1666 2200 ²¹⁴.
1911 2171 1914 2174 ”

1483 2218 1541 2254 AD
1575 2228 1764 2254 SECUNDUM
1801 2228 1984 2253 DICENDUM
2018 2215 2121 2264 quod
2158 2226 2238 2258 non
2275 2213 2406 2252 dicitur
2444 2213 2492 2251 de

1431 2282 1678 2319 quocumque
1707 2269 1931 2306 aedificante
1959 2268 2118 2316 lignum,
2146 2267 2302 2304 faenum
2323 2275 2359 2304 et
2377 2266 2492 2316 stipu-

1431 2323 1520 2370 lam,
1551 2323 1655 2372 quod
1679 2323 1806 2360 salvus
1826 2323 1871 2359 sit
1890 2322 1998 2370 quasi
2016 2334 2085 2370 per
2103 2320 2250 2369 ignem:
2279 2320 2347 2357 sed
2368 2320 2494 2357 solum

1433 2375 1480 2412 de
1513 2389 1559 2413 eo
1598 2376 1662 2425 qui
1695 2376 1870 2417 aedificat
1899 2387 2014 2424 supra
2035 2374 2345 2423 fundamentum.
2375 2372 2493 2420 Quod

1431 2429 1586 2478 quidem
1614 2441 1692 2466 non
1722 2436 1776 2465 est
1803 2429 1900 2466 fides
1928 2427 2111 2474 informis,
2139 2434 2182 2463 ut
2209 2426 2364 2476 quidam
2385 2425 2492 2462 aesti-

1431 2483 1606 2519 mabant:
1638 2483 1704 2520 sed
1731 2482 1829 2519 fides
1857 2482 2019 2518 formata
2048 2479 2198 2517 caritate
2217 2479 2248 2525 ²¹⁸,
2279 2479 2491 2516 secundum

1431 2535 1522 2572 illud
1549 2536 1684 2583 Ephes.
1706 2547 1741 2572 111
1760 2535 1795 2583 ²¹⁸,
1824 2535 1871 2571 In
1900 2534 2054 2572 caritate
2081 2533 2241 2569 radicati
2267 2537 2302 2568 et
2321 2531 2490 2580 fundati.

1432 2589 1495 2625 Ille
1525 2601 1613 2636 ergo
1647 2588 1711 2636 qui
1745 2587 1892 2625 decedit
1929 2599 2017 2624 cum
2054 2593 2211 2635 peccato
2231 2590 2250 2612 η
2278 2583 2427 2622 mortali
2457 2590 2492 2621 et

1430 2641 1655 2688 venialibus,
1684 2642 1798 2678 habet
1827 2640 1983 2690 quidem
2011 2639 2166 2687 lignum,
2195 2638 2349 2674 faenum
2376 2645 2411 2674 et
2430 2637 2491 2674 sti-

1430 2696 1577 2744 pulam,
1596 2695 1662 2732 sed
1678 2707 1756 2732 non
1771 2692 2085 2743 superaedificata
2100 2689 2112 2713 θ
2128 2703 2247 2740 ‘supra
2265 2689 2493 2728 fundamem

1429 2756 1509 2785 tum
1539 2748 1740 2796 spirituale.
1771 2748 1820 2784 Et
1847 2746 1933 2784 ideo
1962 2758 2040 2783 non
2070 2745 2138 2782 erit
2165 2745 2291 2781 salvus
2311 2743 2365 2780 sic
2385 2745 2492 2793 quasi

1429 2813 1498 2851 per
1524 2800 1662 2849 ignem,

1483 2855 1541 2890 AD
1579 2865 1738 2890 TERTIUM
1770 2864 1954 2890 DICENDUM
1986 2851 2090 2900 quod
2123 2850 2174 2887 illi
2211 2849 2275 2900 qui
2308 2857 2396 2887 sunt
2427 2849 2492 2886 ab-

1430 2906 1555 2943 stracti
1583 2919 1604 2943 a
1634 2909 1722 2943 cura
1750 2905 2020 2954 temporalium
2041 2916 2180 2951 rerum,
2202 2903 2269 2940 etsi
2289 2903 2491 2952 aliquando

1430 2959 1626 3007 venialiter
1653 2966 1830 3008 peccent,
1860 2966 1990 2995 tamen
2023 2957 2122 2994 levia
2148 2964 2305 3005 peccata
2332 2954 2494 2993 venialia

1432 3012 1684 3059 committunt,
1715 3019 1750 3048 et
1777 3010 2080 3060 frequentissime
2103 3021 2173 3058 per
2191 3010 2382 3047 fervorem
2402 3007 2494 3045 cari-

1430 3066 1513 3102 tatis
1541 3072 1759 3114 purgantur.
1790 3064 1900 3102 Unde
1938 3064 2030 3100 tales
2067 3075 2145 3100 non
2174 3061 2494 3111 superaedificant

1430 3119 1613 3156 venialia:
1644 3118 1734 3166 quia
1761 3117 1798 3155 in
1823 3117 1876 3154 eis
1895 3116 2093 3154 modicum
2113 3122 2280 3152 manent.
2311 3114 2389 3152 Sed
2406 3125 2493 3164 pec-

1433 3180 1514 3209 cata
1538 3171 1700 3209 venialia
1728 3171 1899 3220 ipsorum
1929 3169 1992 3219 qui
2018 3169 2116 3206 circa
2136 3176 2284 3206 terrena
2304 3178 2494 3216 occupan-

1431 3233 1502 3272 tur,
1533 3225 1668 3261 diutius
1698 3231 1871 3261 manent:
1902 3223 1990 3272 quia
2018 3235 2096 3259 non
2124 3222 2175 3259 ita
2202 3221 2417 3269 frequenter
2435 3230 2491 3255 re-

371 3340 398 3372 α)
418 3340 508 3364 multo.
527 3353 544 3358 —-
564 3341 661 3365 multae
680 3341 912 3370 ABCDGHIKLa;
930 3346 1111 3373 argumentum
1129 3348 1182 3364 om.
1202 3341 1231 3364 E.

371 3375 395 3407 β)
416 3383 486 3399 vero.
504 3389 522 3393 -
541 3379 628 3399 autem
649 3376 678 3404 K,
698 3383 762 3408 ergo
782 3377 828 3400 Pa.

370 3410 396 3444 γ)
416 3414 510 3435 contra
531 3411 624 3434 Deum.
638 3424 655 3428 ——
669 3415 763 3435 contra
781 3411 899 3435 animam
916 3411 1136 3443 ssCDFGILpAH,
1152 3411 1318 3436 contrarium
1332 3411 1377 3435 sA.

371 3445 394 3477 δ)
410 3446 525 3477 patitur.
544 3460 563 3464 -
578 3446 699 3477 patietur
718 3446 768 3470 EF.
786 3460 804 3464 -
824 3447 864 3470 vel
877 3446 960 3478 primo
976 3447 1033 3470 loco
1047 3454 1100 3470 om.
1114 3447 1195 3477 EFH3
1216 3454 1262 3478 pro
1273 3453 1377 3479 purga-

319 3481 394 3511 terii,
410 3481 601 3513 purgatorium
622 3481 672 3509 EF,
689 3484 843 3512 purgantur
863 3482 894 3511 H,
910 3485 1049 3513 purgatur
1069 3482 1152 3505 ceteri.

1485 3340 1507 3372 ε)
1527 3339 1704 3370 consequitur.
1722 3352 1741 3357 —
1758 3341 1933 3370 consequetur
1951 3337 2149 3367 ACDEGIKLa,
2168 3336 2364 3367 consequuntur
2382 3333 2420 3357 H.«

1484 3374 1508 3406 ζ)
1530 3375 1623 3406 ipsum.
1642 3388 1660 3393 ·-
1679 3374 1736 3406 ipsa
1755 3372 2000 3398 ABCDEFGHlLa.

1484 3410 1510 3441 η)
1527 3413 1647 3442 peccato.
1669 3422 1687 3428 —
1711 3409 1841 3434 Omittunt
1865 3407 2068 3433 ABCDEFHIK.
2091 3421 2110 3425 —
2133 3406 2183 3430 Pro
2208 3403 2366 3432 venialibus,
2395 3403 2495 3428 veniali

1431 3445 1508 3514 EFIZ}
1529 3479 1760 3512 superaedificata.
1778 3493 1796 3497 -
1815 3478 2017 3511 supet-aetificat
2035 3476 2066 3506 K,
2085 3479 2147 3501 sunt
2165 3474 2386 3507 superaedificata
2405 3474 2475 3498 PFa.

2519 2029 2529 2041 “
2540 2029 2625 2052 Palm.
2635 2034 2732 2056 cxxxvi,

2517 2061 2578 2078 vers.
2592 2062 2608 2077 ι.

2520 2171 2528 2181 ”
2542 2170 2568 2192 In
2583 2174 2688 2197 corpore.

2518 2488 2528 2498 ‘
2542 2487 2570 2509 D.
2585 2486 2627 2509 611.

2517 2545 2529 2557 ³
2543 2544 2611 2567 Vei-⁸.
2626 2550 2657 2573 ¹7⁷

2584 3378 2605 3391 X
