2840 4010
1043 129 1308 176 QUAESTIO
1338 129 1402 177 CI,
1431 128 1726 166 ARTICULUS
1755 130 1769 165 Ι
2420 127 2494 163 223

816 299 1228 379 QUAESTIO
1268 299 2003 356 CENTESIMAPRIMA

615 421 699 460 DE
731 416 1102 475 PRAECEPTIS
1136 416 1712 459 CAEREMONIALIBUS
1746 418 2084 462 SECUNDUM
2117 419 2190 461 SE

1102 530 1136 556 IN
1167 530 1340 561 QUATUOR
1366 530 1567 557 ARTICULOS
1595 533 1711 558 DIVlSA

1486 624 1635 661 Primo:
1666 637 1764 672 quae
1788 627 1833 663 sit
1862 627 1954 664 ratio
1974 635 2266 677 praeceptorum
2295 641 2489 667 caeremo-

401 640 663 672 ONSEQUENTER
701 625 1021 664 considerandum
1058 631 1113 661 est
1148 624 1194 661 de
1226 635 1380 673 praece-

82 689 290 717 ·.ch.c,1n-
322 641 397 723 C
1539 676 1706 714 nialium.

81 716 141 738 „od
398 683 472 732 ptis
493 679 828 720 caeremonialibus
847 677 878 714 *.
906 679 955 714 Et
979 677 1115 726 primo,
1143 677 1190 714 de
1214 676 1303 725 ipsis
1323 687 1380 712 se-

82 742 155 769 ·=¹·Q
170 737 489 774 01¹-cundum
517 747 579 780 se;
607 733 790 778 secunde,
820 731 868 768 de
897 743 1011 768 causa
1040 742 1173 767 eorum
1191 729 1227 776 *;
1256 728 1377 775 tertio,
1486 729 1686 767 Secundo:
1715 737 1842 767 utrum
1870 731 1943 768 sint
1969 733 2150 780 figuralia.

0 813 4 835 ἔ
79 789 220 817 ·uQ-cm·
320 789 368 826 de
397 787 594 826 duratione
624 786 796 834 ipsorum
814 783 846 820 *.
1484 782 1637 819 Tertio:
1666 790 1793 830 utrum
1823 784 2020 821 debuerint
2049 798 2129 822 esse
2157 787 2287 824 multa.

0 844 3 895 ξ
320 842 430 878 Circa
456 841 624 889 primum
653 844 886 886 quaeruntur
913 843 1086 885 quatuor.
1484 834 1653 880 Quarto:
1684 835 1730 872 de
1760 835 1998 873 distinctione
2026 837 2208 886 ipsorum.

1130 943 1445 986 ARTICULUS
1476 943 1680 986 PRIMUS

628 1045 783 1076 UTRUM
807 1043 942 1075 RATIO
965 1040 1316 1074 PRAECEPTORUM
1339 1040 1732 1072 CAEREMONIALIUM
1756 1042 1799 1072 IN
1823 1042 1914 1073 HOC
1940 1043 2180 1074 CONSISTAT

1015 1085 1137 1124 QUOD
1160 1084 1407 1116 PERTINENT
1430 1085 1488 1115 AD
1514 1084 1698 1116 CULTUM
1722 1085 1793 1116 DEI

1058 1165 1149 1197 Supra,
1168 1171 1213 1196 qu.
1231 1170 1298 1194 xcix,
1317 1168 1364 1188 art.
1385 1162 1412 1193 ὃς
1432 1163 1503 1194 infra,
1523 1171 1567 1196 qu.
1586 1171 1636 1193 σιν,
1656 1170 1703 1189 art.
1727 1172 1747 1189 1.

358 1289 378 1306 ν,
405 1275 441 1300 ι,
454 1285 477 1307 „3
500 1279 506 1290 s·
528 1267 552 1293 D
579 1266 717 1293 PRIMUM
741 1266 794 1292 sm
821 1265 1060 1292 PROCEDITUR.
1089 1252 1247 1290 Videtur
1269 1251 1374 1300 quod
1483 1252 1557 1288 SED
1578 1263 1724 1288 CONTRA
1743 1263 1809 1289 EST
1823 1254 1928 1300 quod
1949 1253 2083 1291 dicitur
2099 1255 2223 1292 Exod.
2239 1268 2324 1293 xvm
2342 1256 2380 1294 *ε
2398 1259 2489 1296 Esto
2517 1270 2526 1280 ·
2541 1270 2608 1292 Vera.
2623 1276 2646 1298 19
2661 1276 2696 1297 sq.

369 1307 393 1327 ·’
531 1308 623 1346 ratio
637 1315 928 1367 praeceptorum
949 1305 1280 1344 caeremonialium
1296 1316 1374 1341 non
1422 1305 1564 1352 populo
1592 1305 1629 1341 in
1654 1305 1711 1341 his
1738 1317 1836 1353 quae
1861 1306 1913 1343 ad
1933 1307 2057 1344 Deum
2081 1308 2278 1356 pertinent,
2303 1311 2488 1349 ostendas-

480 1353 489 1367 *
488 1360 569 1402 sin
587 1361 663 1398 hoc
687 1360 864 1397 consistat
890 1361 1003 1420 quod·
1013 1359 1200 1409 pertinent
1227 1357 1276 1395 ad
1299 1358 1375 1394 cul-
1428 1369 1500 1406 que
1520 1358 1662 1406 populo
1691 1358 1948 1395 caeremonias
1975 1365 2011 1396 et
2037 1360 2149 1397 ritum
2177 1362 2441 1400 colendi..

452 1428 469 1444 2
506 1421 611 1450 tum
639 1413 722 1450 Dei.
754 1415 796 1450 In
829 1413 912 1460 lege
946 1413 1047 1450 enim
1082 1410 1199 1450 veteri
1238 1410 1375 1448 dantur
1482 1411 1706 1447 Responnsso
1721 1423 1905 1448 mOENDUM
1924 1412 2041 1461 quod,
2059 1413 2154 1450 sicut
2173 1426 2287 1462 supra
2306 1415 2326 1437 ’¹‘
2346 1402 2487 1453 dictum
2514 1429 2525 1439 ·
2541 1428 2588 1456 Qu.
2605 1435 2666 1456 xm,
2681 1432 2725 1450 m.

319 1432 467 1506 Iudaeis
497 1467 686 1516 quaedam
714 1473 917 1515 praecepta
945 1467 993 1503 de
1021 1463 1244 1503 abstinentia
1271 1464 1373 1501 cibo·
1429 1470 1495 1510 est⁷
1517 1464 1809 1500 caeremonialia
1826 1472 2029 1514 praecepta
2054 1465 2308 1504 determinant
2334 1480 2488 1516 praece·
2513 1462 2538 1482 ⁴¹

318 1532 414 1568 rum,
435 1527 477 1557 ut
503 1526 606 1568 patet
633 1519 750 1556 Levit.
779 1531 836 1565 xi;
867 1527 903 1556 et
931 1519 1057 1556 etiam.
1073 1518 1120 1555 de
1147 1517 1372 1555 abstinendo
1426 1523 1491 1564 pta
1518 1516 1677 1553 moralia
1700 1516 1739 1553 in
1767 1517 1899 1554 ordine
1924 1518 1973 1554 ad
2000 1519 2149 1566 Deum,
2179 1519 2274 1556 sicut
2300 1520 2488 1559 iudicialia

77 1578 217 1606 ‘Vm-¹⁹·
317 1574 367 1611 ab
395 1572 583 1621 aliquibus
610 1572 858 1619 vestimentis,
879 1572 974 1608 sicut
1001 1572 1092 1609 illud
1117 1571 1234 1608 Levit.
1253 1581 1313 1607 mx
1331 1569 1372 1618 ²¹⁸,
1429 1569 1678 1606 determinant
1695 1578 1899 1619 praecepta
1926 1571 2085 1607 moralia
2112 1571 2151 1608 in
2171 1573 2304 1610 ordine
2333 1573 2382 1611 ad
2399 1587 2487 1623 pro-

0 1628 7 1657 ἱ
323 1627 466 1664 Vestem
492 1637 590 1674 quae
616 1637 667 1662 ex
693 1626 837 1662 duobus
864 1630 965 1662 texta
993 1631 1056 1671 est,
1083 1634 1158 1661 non
1186 1623 1372 1668 indueris;
1426 1623 1584 1659 ximum.
1615 1623 1747 1660 Homo
1785 1631 1911 1660 autem
1950 1624 2145 1661 ordinatur
2172 1625 2221 1662 ad
2253 1627 2379 1663 Deum
2418 1640 2487 1676 per

0 1692 3 1696 ·
77 1681 170 1705 ’νῦ-
184 1681 220 1710 ³⁸·
317 1686 354 1716 et
372 1679 509 1716 iterum
530 1678 636 1728 quod
654 1677 882 1726 praecipitur
898 1678 1018 1715 Num.
1034 1689 1082 1714 xv
1101 1677 1142 1724 *,
1167 1678 1216 1715 Ut
1227 1676 1376 1724 faciant
1428 1676 1597 1712 debitum
1630 1677 1784 1712 cultum.
1814 1677 1864 1713 Et
1891 1676 1979 1713 ideo
2009 1678 2300 1715 caeremonialia
2331 1681 2487 1729 proprie

77 2891 256 2945 paq-toffi'lssfzv
238 2908 288 2940 vni.

315 1732 387 1769 sibi
400 1732 580 1780 fimbrias
610 1743 684 1780 per
710 1731 872 1780 angulos
893 1730 1112 1778 palliorum.
1137 1729 1214 1767 Sed
1245 1729 1374 1766 huius-

316 1784 423 1822 modi
450 1796 530 1821 non
548 1791 635 1821 sunt
651 1791 854 1832 praecepta
873 1783 1050 1820 moralia:
1079 1782 1168 1832 quia
1195 1794 1274 1820 non
1293 1794 1373 1819 ma-

315 1845 407 1874 nent
425 1837 463 1874 in
483 1849 586 1874 nova
605 1837 698 1885 lege.
720 1837 804 1873 Nec
829 1836 942 1873 etiam
961 1835 1167 1873 iudicialia:
1187 1835 1275 1884 quia
1294 1847 1373 1872 non

315 1890 505 1939 pertinent
531 1890 581 1927 ad
608 1889 790 1927 iudicium
818 1889 1035 1926 faciendum
1063 1889 1159 1926 inter
1183 1888 1372 1926 homines.

316 1944 419 1991 Ergo
447 1950 535 1980 sunt
562 1942 864 1979 caeremonialia.
886 1942 964 1979 Sed
991 1942 1029 1979 in
1057 1942 1160 1979 nullo
1186 1942 1373 1991 pertinere

315 1996 492 2033 videntur
520 1995 570 2033 ad
589 1996 731 2032 cultum
750 1995 834 2032 Dei.
860 1995 963 2043 Ergo
991 2007 1071 2032 non
1095 2001 1150 2032 est
1176 1994 1268 2032 ratio
1291 2006 1373 2032 cae-

317 2048 584 2086 remonialium
616 2056 908 2097 praeceptorum
943 2048 1050 2096 quod
1075 2047 1287 2097 pertineant
1323 2047 1372 2085 ad

318 2102 459 2139 cultum
488 2101 570 2138 Dei.

371 2166 406 2192 2.
428 2156 670 2200 menm,
695 2153 826 2191 dicunt
853 2153 1008 2202 quidam
1038 2153 1144 2202 quod
1169 2161 1372 2203 praecepta

318 2207 610 2245 caeremonialia
633 2206 809 2244 dicuntur
831 2205 892 2243 illa
915 2218 1013 2256 quae
1039 2206 1231 2267 pertinent
1246 2207 1295 2243 ad
1315 2219 1375 2243 so-

316 2260 546 2298 lemnitates:
576 2259 684 2309 quasi
713 2259 926 2296 dicerentur
944 2271 966 2296 a
985 2260 1110 2307 cereis,
1139 2259 1204 2308 qui
1222 2259 1260 2296 in
1278 2260 1374 2296 sole-

317 2313 536 2351 mnitatibus
564 2312 834 2350 accenduntur.
856 2311 934 2349 Sed
953 2313 1072 2349 multa
1090 2313 1162 2350 alia
1185 2320 1271 2349 sunt
1288 2324 1373 2361 per-

316 2366 472 2404 tinentia
490 2366 540 2403 ad
559 2367 701 2402 cultum
721 2365 794 2402 Dei
811 2373 960 2414 praeter
979 2365 1246 2403 solemnitates.
1271 2365 1373 2413 Ergo

317 2432 395 2456 non
426 2419 577 2456 videtur
605 2418 752 2467 quoda
779 2425 981 2466 praecepta
1014 2417 1302 2456 caeremonialia
1330 2430 1375 2455 ea

316 2472 461 2510 ratione
490 2471 672 2519 dicantur,
694 2471 782 2520 quia
800 2471 989 2519 pertinent
1016 2471 1064 2508 ad
1093 2472 1234 2508 cultum
1261 2471 1346 2508 Dei.

372 2526 407 2563 3.
427 2526 664 2571 PRAETEREA,
693 2524 905 2561 secundum
933 2524 1144 2572 quosdam,
1172 2531 1374 2573 praecepta

318 2577 608 2614 caeremonialia
627 2577 802 2614 dicuntur
825 2577 932 2626 quasi
952 2589 1123 2624 normae,
1143 2577 1240 2614 idest
1266 2589 1373 2625 regu-

317 2631 387 2677 lae,
408 2630 556 2667 salutis:
586 2642 676 2667 nam
695 2630 823 2666 chaire
849 2630 888 2667 in
907 2642 1043 2678 graeco
1062 2630 1165 2668 idem
1186 2638 1241 2667 est
1268 2630 1373 2679 quod

315 2682 430 2719 salve.
451 2682 528 2719 Sed
552 2682 682 2719 omnia
700 2690 904 2731 praecepta
930 2683 1021 2730 legis
1040 2691 1128 2720 sunt
1145 2684 1296 2731 regulae
1315 2695 1372 2720 sa-

317 2735 414 2782 lutis,
444 2742 480 2771 et
507 2747 585 2771 non
622 2735 746 2771 solum
775 2735 836 2772 illa
873 2747 973 2783 quae
1005 2736 1192 2784 pertinent
1225 2736 1274 2774 ad
1301 2736 1374 2773 Dei

318 2788 472 2824 cultum.
493 2788 596 2835 Ergo
625 2799 703 2824 non
731 2788 857 2826 solum
886 2789 947 2824 illa
968 2796 1171 2838 praecepta
1199 2789 1374 2827 dicuntur

318 2840 606 2877 caeremonialia
639 2852 736 2888 quae
763 2840 950 2889 pertinent
978 2842 1025 2879 ad
1055 2843 1197 2879 cultum
1224 2842 1308 2879 Dei.

369 2905 406 2940 4.
428 2894 661 2939 PRAETEREA,
677 2893 802 2930 Rabbi
821 2894 977 2942 Moyses
997 2894 1085 2932 dicit
1102 2894 1122 2917 ’¹‘
1141 2895 1246 2945 quod
1264 2907 1372 2944 prae-

317 2953 425 2995 cepta
453 2945 743 2983 caeremonialia
774 2946 948 2984 dicuntur
979 2959 1144 2996 quorum
1173 2948 1266 2985 ratio
1294 2960 1373 2984 non

317 3006 372 3036 est
399 2999 610 3036 manifesta.
642 2999 717 3036 Sed
745 2999 864 3036 multa
896 3000 1120 3048 pertinentia
1147 3002 1195 3038 ad
1229 3001 1372 3038 cultum

316 3051 387 3088 Dei
415 3052 557 3089 habent
575 3051 760 3089 rationem
788 3051 1043 3090 manifestam:
1069 3053 1165 3090 sicut
1192 3054 1372 3091 observa-

315 3104 367 3141 tio
397 3104 562 3152 sabbati,
594 3112 630 3142 et
659 3104 857 3141 celebratio
882 3105 1005 3142 Phase
1035 3113 1071 3142 et
1101 3106 1371 3154 Scenopegiae‚

316 3165 352 3194 et
379 3157 586 3194 multorum
607 3157 779 3203 aliorum,
800 3169 964 3206 quorum
986 3158 1079 3195 ratio
1107 3158 1317 3206 assignatur
1335 3159 1373 3196 in

314 3211 408 3258 lege.
430 3211 532 3258 Ergo
553 3210 842 3247 caeremonialia
861 3222 939 3247 non
962 3218 1049 3248 sunt
1067 3223 1166 3259 quae
1185 3211 1374 3260 pertinent

315 3264 364 3300 ad
393 3264 534 3300 cultum
563 3263 646 3300 Dei.

368 3381 395 3412 α)
414 3389 466 3406 non
481 3382 587 3407 videtur
598 3381 677 3414 quod.
691 3394 710 3400 —
722 3387 774 3405 non
791 3380 855 3412 (om.
869 3381 899 3413 Ρ)
913 3381 1018 3406 videtur
1031 3381 1103 3413 quod
1116 3381 1182 3414 Iegis
1198 3382 1235 3406 Pa
1241 3388 1248 3411 ;
1267 3382 1373 3407 eaedem

314 3423 361 3448 pro
368 3423 554 3484 βῗαὲεῖἵῗηεειῗΐὶ
572 3465 591 3471 -
608 3459 676 3484 quae
690 3452 827 3483 pertinent
845 3451 1050 3476 ABCDGHIKL.

1428 1729 1603 1766 dicuntur
1635 1741 1733 1777 quae
1761 1729 1810 1766 ad
1839 1730 1982 1766 cultum
2011 1730 2083 1766 Dei
2111 1731 2310 1779 pertinent.
2330 1753 2355 1760 -
2375 1734 2487 1771 Ratio

1427 1789 1555 1818 autem
1575 1781 1687 1818 huius
1707 1781 1872 1819 nominis
1890 1782 2015 1831 posita
2039 1790 2095 1820 est
2113 1796 2227 1832 supra
2245 1784 2276 1831 ²¹⁸,
2296 1784 2362 1821 ubi
2379 1798 2488 1835 prae-

1429 1842 1536 1884 cepta
1565 1834 1855 1872 caeremonialia
1883 1836 1932 1872 ab
1961 1835 2041 1872 aliis
2069 1844 2155 1873 sunt
2183 1837 2366 1875 distincta.

1481 1890 1539 1924 AD
1569 1899 1705 1924 ptumum
1729 1899 1828 1925 ERGO
1847 1900 2031 1925 DICENDUM
2060 1891 2164 1938 quod
2183 1890 2232 1927 ad
2253 1891 2395 1928 cultum
2414 1892 2487 1928 Dei

1427 1941 1615 1989 pertinent
1634 1953 1712 1977 non
1740 1941 1866 1978 solum
1894 1941 2078 1978 sacrificia
2102 1950 2138 1979 et
2166 1943 2237 1980 alia
2255 1944 2486 1993 huiusmodi,

1429 2006 1526 2042 quae
1554 1993 1773 2031 immediate
1793 1994 1842 2031 ad
1869 1995 1998 2031 Deum
2018 1995 2185 2032 ordinari
2210 1996 2399 2044 videntur,
2420 1999 2487 2035 sed

1429 2046 1540 2083 etiam
1561 2047 1685 2083 debita
1703 2047 1942 2096 praeparatio
1967 2048 2174 2085 colentium
2193 2049 2321 2086 Deum
2342 2050 2392 2087 ad
2412 2052 2488 2088 cul-

1428 2107 1509 2136 tum
1529 2099 1667 2148 ipsius:
1697 2100 1792 2136 sicut
1815 2100 1928 2137 etiam
1947 2100 1986 2137 in
2011 2100 2090 2138 aliis
2115 2114 2381 2150 quaecumque
2401 2112 2488 2141 sunt

1427 2153 1710 2201 praeparatoria
1730 2153 1779 2190 ad
1798 2153 1928 2200 finem,
1950 2153 2090 2190 cadunt
2114 2155 2185 2191 sub
2210 2155 2363 2192 scientia
2387 2168 2486 2204 quae

1430 2214 1485 2242 est
1518 2206 1565 2243 de
1598 2206 1686 2242 fine.
1717 2206 1951 2243 Huiusmodi
1988 2214 2116 2243 autem
2148 2216 2351 2257 praecepta
2389 2221 2487 2257 quae

1430 2259 1565 2296 dantur
1597 2259 1635 2295 in
1672 2260 1754 2306 lege
1792 2260 1840 2297 de
1871 2259 2041 2296 vestibus
2079 2267 2116 2296 et
2153 2260 2245 2298 cibis
2283 2262 2487 2299 colentium

1428 2314 1568 2358 Deum,
1592 2320 1629 2348 et
1647 2312 1725 2348 aliis
1743 2312 1975 2359 huiusmodi,
1991 2312 2179 2361 pertinent
2193 2312 2208 2343 β
2223 2314 2272 2350 ad
2291 2316 2484 2363 quandam

1428 2365 1758 2414 praeparationem
1796 2365 1967 2413 ipsorum
2005 2365 2316 2414 ministrantium,
2348 2375 2389 2404 ut
2416 2368 2488 2405 sint

1428 2418 1555 2456 idonei
1591 2419 1641 2455 ad
1678 2419 1821 2454 cultum
1857 2418 1950 2454 Dei:
1980 2418 2076 2455 sicut
2110 2419 2223 2456 etiarn
2261 2420 2486 2468 specialibus

1429 2470 1678 2509 observantiis
1702 2471 1818 2520 aliqui
1836 2478 1992 2508 utuntur
2015 2472 2079 2520 qui
2108 2480 2195 2509 sunt
2217 2472 2255 2509 in
2280 2473 2486 2511 ministerio

1429 2525 1536 2573 regis.
1557 2525 1669 2561 Unde
1691 2524 1804 2561 etiam
1824 2525 1894 2560 sub
1913 2525 2125 2574 praeceptis
2145 2526 2486 2564 caeremonialibus

1429 2577 1677 2615 continentur.

1480 2633 1539 2667 AD
1567 2642 1756 2667 SECUNDUM
1775 2641 1958 2668 memnon
1983 2630 2089 2678 quod
2116 2630 2178 2667 illa
2206 2631 2389 2679 expositio
2417 2644 2486 2668 no-

1426 2684 1538 2720 minis
1557 2695 1632 2720 non
1654 2683 1803 2719 videtur
1823 2695 1904 2719 esse
1928 2684 2090 2720 multum
2105 2684 2356 2720 conveniens:
2377 2697 2486 2732 prae-

1427 2737 1555 2774 sertim
1572 2748 1659 2773 cum
1679 2748 1758 2773 non
1778 2737 1940 2773 multum
1954 2741 1970 2764 Υ
1989 2736 2202 2773 inveniatur
2220 2737 2257 2773 in
2277 2738 2358 2784 lege
2381 2738 2485 2786 quod

1426 2791 1464 2827 in
1484 2789 1783 2827 solemnitatibus
1803 2790 1900 2826 cerei
1920 2789 2227 2835 accenderentur,
2249 2791 2315 2827 sed
2339 2790 2378 2826 in
2401 2790 2484 2839 i'pso

1428 2844 1541 2880 etiam
1576 2842 1804 2879 candelabro
1839 2843 2015 2879 lucernae
2055 2855 2143 2878 curn
2180 2842 2256 2879 olio
2297 2842 2484 2880 olivarum

1426 2896 1762 2945 praeparabantur,
1782 2902 1824 2931 ut
1843 2903 1947 2943 patet
1964 2896 2055 2932 Lev.
2075 2907 2159 2931 xxw
2177 2895 2208 2931 ²¹².
2226 2894 2485 2933 Nihilominus
2510 2911 2521 2922 ·
2571 2917 2594 2932 rs
2617 2917 2628 2932 2

1426 2957 1555 2986 tamen
1574 2955 1700 2997 potest
1727 2948 1799 2985 dici
1829 2949 1933 2996 quod
1961 2947 2000 2984 in
2028 2948 2326 2985 solemnitatibus
2355 2949 2486 2986 omnia

1427 3003 1486 3039 illa
1506 2999 1519 3024 δ
1539 3014 1639 3050 quae
1666 3001 1905 3050 pertinebant
1928 3001 1976 3037 ad
2005 3002 2146 3037 cultum
2167 3001 2251 3047 Dei,
2272 3001 2485 3049 diligentius

1427 3055 1746 3093 observabantur:
1773 3061 1808 3090 et
1823 3055 2034 3091 secundum
2052 3054 2138 3100 hoc,
2159 3053 2197 3090 in
2217 3055 2484 3092 observatione

1427 3107 1708 3144 solemnitatum
1738 3105 1867 3142 omnia
1895 3106 2184 3143 caeremonialia
2212 3107 2466 3146 includuntur.

1479 3162 1538 3196 AD
1567 3171 1726 3196 TERTIUM
1753 3170 1937 3195 meENDUM
1965 3159 2070 3208 quod
2108 3171 2179 3196 nec
2207 3159 2268 3196 illa
2301 3161 2484 3209 expositio

1427 3212 1590 3249 nominis
1609 3211 1760 3248 videtur
1780 3223 1861 3248 esse
1881 3213 2043 3248 multum
2065 3212 2320 3250 conveniens:
2340 3226 2484 3251 nomen

1428 3265 1529 3302 enim
1546 3264 1809 3301 caeremoniae
1834 3276 1912 3301 non
1937 3272 1992 3302 est
2014 3277 2206 3313 graecum,
2224 3265 2292 3303 sed
2313 3267 2484 3304 latinum.

1480 3382 1506 3414 γ)
1527 3382 1647 3406 multum.
1667 3396 1684 3400 -
1703 3383 1763 3407 Om.
1783 3382 1813 3406 Κ.

1480 3415 1504 3449 δ)
1526 3417 1579 3441 illa.
1597 3431 1615 3436 —
1633 3417 1687 3441 alia
1707 3416 1952 3442 PABCDGHIKLa.

2515 1797 2606 1824 'Ibid.,
2621 1801 2663 1819 art.
2678 1804 2698 1826 3.
