2840 4010
98 1422 108 1433 ⁸
123 1420 155 1442 Ca
174 1436 179 1442 .
194 1427 254 1447 v,*n.
269 1421 307 1442 6.-

99 1447 153 1469 S.T
171 1463 177 1468 .
197 1448 250 1469 lect.
269 1453 308 1469 xn.

99 2485 107 2493 “
115 2482 139 2505 S.
146 2482 191 2505 Th.
200 2482 253 2504 lect.
262 2488 310 2509 xxi,

99 2516 157 2531 xxn.

103 2800 113 2808 '
127 2799 184 2829 Cap.
199 2805 235 2825 ιιι,
255 2804 278 2820 ιι.
293 2804 311 2823 ις

102 2824 314 2847 Conunuat.c0m-

102 2856 174 2873 ment.
183 2858 201 2873 s.
208 2851 252 2872 Th.
261 2851 311 2872 lect.

102 2884 134 2899 xv.
147 2889 157 2894 -
168 2877 202 2899 Cf.
217 2877 312 2899 DeAm'-

103 2910 149 2931 ma,
160 2904 199 2925 lib.
214 2903 247 2929 11,
262 2909 288 2925 ca
308 2919 313 2925 .

103 2936 147 2978 ῗέει
159 2936 223 2978 '311²‘
238 2936 258 2951 ⁸·
268 2929 289 2951 T
308 2945 313 2951 ·

106 3270 118 3281 ⁴
132 3268 220 3291 Homil.
235 3267 275 3290 xl.

347 192 393 229 50

344 271 578 318 sensitivum,
600 271 670 308 nisi
690 272 784 308 forte
803 271 929 319 aliquo
955 271 1073 307 modo
1095 270 1335 318 dispositum;
1366 277 1402 306 et

343 331 471 360 tamen
501 324 613 361 etiam
634 324 819 372 appetitus
848 323 1047 360 sensitivus
1076 334 1153 358 non
1175 334 1220 359 ex
1240 322 1402 358 necessi-

342 384 416 412 tate
436 385 568 413 movet
587 377 770 413 rationem
792 383 827 412 et
845 376 1092 411 voluntatem.
1123 375 1233 411 Unde
1263 374 1400 422 aliquid

344 429 504 465 exterius
540 437 664 477 potest
697 440 777 464 esse
812 428 938 474 aliqua
977 439 1089 463 causa
1116 432 1132 448 ‘²
1160 439 1324 464 movens
1353 428 1400 465 ad

342 481 592 529 peccandum,
610 494 688 518 non
708 488 834 516 tamen
854 479 1084 515 sufficienter
1103 479 1152 516 ad
1171 488 1370 527 peccatum
1386 479 1401 510 β

341 534 545 571 inducens:
576 534 641 570 sed
663 545 776 569 causa
795 531 1025 568 sufficienter
1045 533 1240 580 complens
1267 545 1400 582 pecca-

341 593 423 622 tum
452 594 506 622 est
534 587 614 622 sola
642 586 829 621 voluntas.

393 640 451 674 AD
480 650 615 674 prunum
644 649 741 673 ERGO
777 648 961 673 D1CENDUM
995 637 1100 685 quod
1135 650 1180 674 ex
1213 638 1287 674 hoc
1315 638 1397 686 ipso

341 691 445 738 quod
466 690 648 726 exteriora
677 689 872 726 moventia
891 689 938 726 ad
958 690 1197 738 peccandum
1227 703 1306 727 non
1325 691 1399 727 suf-

339 743 508 779 ficienter
528 749 564 778 et
584 754 628 792 eg(
647 742 869 779 necessitate
894 742 1089 790 inducunt,
1107 743 1275 791 sequitur
1293 743 1398 790 quod

339 802 533 831 remaneat
560 795 598 832 in
627 795 737 832 nobis
766 807 924 844 peccare
954 803 990 832 et
1018 807 1096 832 non
1124 807 1294 844 peccare.

391 909 418 941 α)
436 909 528 941 aliqua
546 916 637 934 causa.
655 922 674 927 -
692 909 753 940 Οιιι.
772 909 806 939 E;
825 916 906 934 causa
925 917 978 934 om.
997 909 1025 934 F.

391 951 415 985 β)
430 956 580 984 peccatum.
597 966 616 971 -
630 952 796 984 peccandum
815 953 861 977 Pa.

1005 191 1270 238 QUAESTIO
1300 192 1452 239 LXXV,
1481 193 1776 230 ARTICULUS
1806 195 1857 231 IV

1510 273 1569 307 AD
1588 283 1778 309 SECUNDUM
1797 284 1980 310 01οΕΝοοΜ
2003 275 2108 323 quod
2135 287 2204 324 per
2223 275 2297 312 hoc
2325 275 2428 324 quod
2448 287 2516 323 po-

1458 322 1558 360 nitur
1585 323 1737 360 interior
1765 337 1879 361 causa
1906 326 2062 373 peccati,
2085 339 2162 363 non
2187 327 2392 365 excluditur
2417 335 2515 364 exte-

1457 375 1551 412 rior:
1586 389 1664 413 non
1698 376 1798 413 enim
1828 377 1864 414 id
1900 377 2004 426 quod
2033 386 2087 415 est
2116 379 2276 416 exterius
2314 388 2368 417 est
2401 392 2515 417 causa

1457 429 1612 476 peccati,
1634 429 1702 465 nisi
1732 429 1922 466 mediante
1951 442 2066 467 causa
2093 430 2278 479 interiori,
2305 441 2347 469 ut
2374 432 2513 470 dictum

1458 489 1512 518 est
1539 481 1570 517 ³².

1509 536 1567 570 An
1582 546 1740 571 TER-nun
1756 546 1939 572 mei-:noum
1955 536 2069 583 quod,
2085 535 2336 584 multiplicatis
2356 537 2514 574 exterio-

1456 586 1558 623 ribus
1587 587 1708 623 causis
1736 587 1998 624 inclinantibus
2027 589 2075 625 ad
2103 590 2360 636 peccandum,
2389 589 2512 626 multi-

1455 639 1640 686 plicantur
1660 647 1765 676 actus
1784 641 1949 687 peccati:
1972 641 2058 689 quia
2078 642 2205 689 plures
2225 653 2271 677 ex
2289 641 2358 678 illis
2379 642 2511 688 causis,

1456 699 1491 727 et
1509 691 1659 738 pluries,
1679 691 1905 730 inclinantur
1923 698 1938 721 Υ
1966 694 2015 730 ad
2044 702 2148 730 actus
2171 694 2328 742 peccati.
2359 694 2436 730 Sed
2460 701 2514 734 ta-.

1453 755 1543 779 men
1571 743 1754 780 minuitur.
1771 745 1866 781 ratio
1887 746 2032 794 culpae,
2054 758 2153 794 quae
2179 746 2347 783 consistit
2374 746 2412 782 in
2439 746 2514 783 hoc

1454 795 1560 843 quod
1587 795 1727 844 aliquid
1756 796 1801 832 sit
1826 798 2084 835 voluntarium
2115 807 2150 835 et
2168 797 2181 820 δ
2210 799 2248 836 in
2276 798 2399 836 nobis.

1506 908 1533 942 γ)
1554 909 1724 934 inclinantur.
1744 922 1761 927 -·
1781 909 1910 934 inclinant
1929 910 1998 935 PKa.

1506 951 1531 984 δ)
1551 955 1586 977 et.
1603 966 1622 971 -
1640 952 1702 977 Om.
1720 952 1808 976 BEHI.

1012 1031 1344 1063 Commentaria
1366 1030 1617 1063 Car-dinalis
1639 1031 1839 1064 Caietam

367 1122 387 1142 N
411 1111 541 1142 articulo
566 1111 656 1141 tertio
681 1110 822 1140 eiusdem
844 1109 1046 1150 quaestionis,
1067 1109 1202 1140 occurrit
1225 1119 1396 1148 suggeren-

341 1123 447 1186 Idurn
470 1155 584 1195 primo,
606 1155 694 1195 quod
710 1154 837 1193 colligas
855 1160 1012 1184 extraneas
1030 1163 1137 1183 causas
1157 1153 1284 1193 peccati.
1305 1153 1346 1183 Et
1362 1163 1397 1183 ex

337 1206 425 1240 parte
448 1198 588 1234 subiecti,
612 1198 752 1233 nullam,
778 1197 852 1238 quia
869 1198 956 1227 solus
975 1197 1061 1227 Deus
1081 1196 1154 1227 hinc
1176 1203 1221 1227 est
1238 1203 1335 1227 extra:
1362 1207 1398 1226 ex

337 1250 424 1283 parte
448 1243 571 1278 obiecti,
598 1243 675 1272 duas
699 1242 840 1277 retineas,
866 1241 982 1271 scilicet
1002 1250 1231 1281 persuasorem,
1249 1247 1279 1271 et
1298 1241 1394 1270 sensi-

338 1287 421 1318 bilia.
450 1287 497 1317 De
521 1286 589 1316 aliis
618 1293 725 1316 autem
755 1285 900 1321 obiectis,
924 1294 1005 1325 quae
1034 1295 1100 1315 non
1128 1291 1259 1314 movent
1282 1284 1341 1314 nisi
1365 1284 1397 1314 in

338 1331 453 1367 anima,
478 1330 564 1360 nulla
582 1329 618 1360 fit
636 1329 773 1360 mentio:
799 1329 874 1369 quia
895 1328 976 1359 inter
1001 1338 1109 1359 causas
1132 1328 1294 1359 interiores
1310 1338 1397 1358 com-

337 1381 499 1414 putantur.
530 1374 618 1404 Haec
651 1370 736 1404 enim
768 1372 939 1403 differentia
962 1373 1000 1402 ab
1023 1372 1210 1409 Aristotele,
1243 1372 1276 1402 in
1306 1372 1333 1402 11
1357 1372 1396 1402 de

335 1419 453 1448 Anima
464 1417 492 1454 ᾗ
518 1418 588 1448 data
608 1424 663 1454 est,
681 1417 771 1458 quod
794 1416 916 1447 obiecta
938 1415 1114 1447 intellectus
1130 1415 1313 1452 sumimus,
1330 1426 1398 1446 sen-

337 1473 389 1492 sus
412 1472 488 1492 vero
513 1469 605 1493 extra.

391 1506 548 1542 Secundo,
574 1506 662 1546 quod
685 1505 757 1535 ideo
782 1507 903 1535 Auctor
925 1504 999 1535 dicit
1023 1503 1180 1534 sensibilia
1203 1513 1269 1534 non
1293 1513 1399 1534 neces-

336 1551 417 1581 sario
441 1560 569 1580 movere
593 1549 770 1590 appetitum
789 1548 983 1584 sensitivum,
1006 1549 1068 1578 nisi
1074 1547 1168 1588 forte
1183 1548 1291 1588 aliquo
1307 1548 1399 1578 modo

336 1595 533 1635 dispositum,
559 1593 634 1635 quia
657 1593 814 1633 appetitus
835 1592 1000 1623 sensitivus
1017 1592 1048 1622 in
1066 1591 1158 1622 nobis
1175 1599 1222 1622 est
1236 1591 1314 1622 liber
1332 1601 1400 1631 par-

1450 1109 1617 1149 ticipative,
1638 1116 1673 1140 ut
1692 1110 1812 1140 dictum
1832 1116 1878 1140 est
1892 1109 1925 1145 *;
1950 1117 1980 1140 et
2002 1109 2075 1140 ideo
2099 1121 2164 1141 non
2188 1112 2390 1143 necessitatur
2405 1113 2443 1143 ab
2458 1123 2511 1153 ap-

1451 1153 1571 1193 petibili
1595 1161 1678 1184 extra
1703 1153 1837 1184 obiecto.
1862 1154 1982 1183 Verum
2006 1153 2081 1194 quia
2110 1164 2176 1185 non
2200 1162 2246 1186 est
2268 1156 2312 1186 sic
2334 1156 2412 1187 liber
2434 1157 2512 1198 quin

1451 1197 1564 1228 habeat
1591 1198 1729 1228 multum
1759 1197 1983 1233 naturalitatis,
2009 1197 2034 1227 si
2058 1197 2167 1228 habitu
2196 1199 2437 1239 superinducto,
2461 1201 2512 1231 vel

1451 1241 1585 1271 naturali
1609 1241 1715 1282 aliqua
1730 1240 1943 1276 inclinatione,
1960 1241 2010 1271 vel
2026 1241 2236 1281 applicatione
2252 1244 2511 1283 praedominante

1452 1285 1491 1315 sit
1521 1285 1634 1326 aliquis
1663 1285 1849 1325 dispositus,
1878 1284 2055 1315 necessitari
2083 1285 2228 1316 videmus
2257 1286 2452 1327 appetitum:
2476 1295 2513 1319 ut

1451 1335 1537 1368 patet
1559 1329 1599 1361 in
1616 1329 1793 1365 timoribus,
1811 1328 1973 1359 doloribus
1998 1335 2028 1359 et
2051 1329 2311 1360 delectationibus
2334 1330 2512 1363 involunta-

1451 1372 1518 1409 riis,
1543 1373 1760 1412 praesentibus
1788 1372 1925 1403 motivis.
1949 1372 2035 1403 Dixit
2058 1379 2165 1403 autem
2189 1375 2311 1405 Auctor
2326 1373 2438 1414 forte,
2462 1375 2512 1406 vel

1452 1416 1526 1456 quia
1554 1416 1783 1447 determinandi
1811 1417 1848 1446 de
1877 1416 1938 1446 hoc
1969 1416 2059 1447 locus
2087 1416 2138 1447 hic
2168 1427 2234 1447 non
2262 1424 2341 1448 erat:
2365 1417 2415 1448 vel
2437 1418 2514 1459 quin

1452 1460 1636 1490 huiusmodi
1653 1460 1817 1501 dispositio
1833 1459 1936 1501 forte,
1961 1460 2041 1491 idest
2064 1470 2126 1491 non
2144 1471 2208 1501 per
2221 1471 2266 1499 se,
2283 1461 2442 1492 invenitur
2457 1472 2511 1503 ap·

1452 1504 1573 1544 petitui,
1591 1511 1626 1535 ut
1640 1504 1717 1534 liber
1740 1511 1795 1540 est,
1820 1503 1996 1534 convenire.
2023 1504 2114 1535 Unde
2137 1505 2213 1535 tales
2236 1512 2354 1542 motus,
2378 1505 2513 1547 inquan-

1453 1555 1523 1578 tum
1545 1548 1638 1578 alieni
1661 1555 1734 1579 sunt
1757 1558 1775 1578 a
1798 1554 1904 1578 nostra
1926 1554 2094 1588 potestate,
2119 1548 2214 1579 etiam
2236 1548 2328 1579 alieni
2352 1559 2370 1579 a
2392 1549 2513 1581 ratione

1453 1599 1571 1632 peccati
1595 1599 1677 1623 sunt.
2153 1598 2156 1601 ’

1115 1743 1432 1786 ARTICULUS
1462 1743 1733 1795 QUARTUS

984 1833 1138 1864 UTRUM
1161 1832 1399 1864 PECCATUM
1423 1833 1490 1864 SIT
1514 1833 1655 1864 CAUSA
1678 1833 1864 1864 PECCATI

595 1914 615 1938 11
635 1913 717 1942 Sent„
738 1912 795 1937 dist.
809 1919 897 1943 xxxvx,
917 1917 964 1936 art.
982 1919 989 1936 ι
1000 1920 1007 1942 ;
1027 1912 1085 1936 dist.
1099 1919 1164 1942 an,
1184 1919 1227 1944 qu.
1246 1918 1278 1942 11,
1298 1916 1345 1936 art.
1363 1919 1384 1943 ι,
1405 1910 1433 1942 3;
1454 1911 1495 1936 De
1513 1911 1595 1941 Malo,
1616 1919 1660 1944 qu.
1675 1919 1734 1941 vm,
1754 1916 1800 1936 art.
1818 1919 1844 1942 1;
1864 1911 1907 1936 Ad
1924 1911 2011 1941 Rom„
2031 1919 2085 1944 cap.
2100 1919 2121 1942 ι,
2141 1912 2199 1938 lect.
2211 1920 2257 1938 vn.

377 2019 433 2059 0²5¹
455 2019 513 2048 μί(
551 2014 573 2038 D
598 2013 770 2044 QUARTUM
784 2012 837 2037 SIC
857 2011 1095 2037 paoeaorrua.
1111 1999 1269 2036 Videtur
1293 2000 1396 2048 quod

366 2044 531 2112 αξξ
551 2062 750 2103 peccatum
778 2065 856 2090 non
885 2053 930 2090 sit
967 2065 1079 2089 causa
1113 2052 1269 2101 peccati.
1301 2053 1397 2089 Sunt

356 2088 479 2167 pflan-
489 2093 522 2152 ’ᾖ
536 2105 653 2143 enirn
670 2114 834 2156 quatuor
848 2118 987 2154 genera
1002 2117 1214 2152 causarum,
1231 2117 1395 2154 quorum

397 2136 487 2191 §75¹5
510 2153 697 2198 &nullum
724 2166 849 2208 potest
877 2158 925 2195 ad
948 2159 1023 2195 hoc
1052 2170 1259 2206 congruere
1291 2158 1397 2207 quod

337 2220 536 2262 peccatum
565 2213 612 2249 sit
640 2225 753 2249 causa
772 2211 927 2261 peccati.
950 2211 1052 2248 Finis
1081 2211 1183 2248 enim
1207 2212 1321 2248 habet
1341 2223 1396 2247 ra-

338 2266 482 2302 tionem
511 2266 622 2302 boni:
653 2266 758 2313 quod
785 2277 864 2301 non
893 2263 1074 2312 competit
1100 2272 1270 2312 peccato,
1292 2264 1396 2312 quod

339 2318 386 2355 de
407 2330 476 2354 sua
503 2318 647 2355 ratione
668 2325 723 2354 est
741 2318 899 2354 malurn.
925 2318 974 2353 Et
1003 2316 1138 2353 eadem
1159 2316 1302 2353 ratione
1327 2329 1397 2353 nec

337 2378 538 2419 peccatum
557 2378 682 2419 potest
700 2382 782 2407 esse
803 2382 916 2407 causa
936 2369 1119 2406 efficiens:
1142 2369 1231 2418 quia
1251 2370 1395 2406 malum

338 2436 417 2460 non
436 2430 491 2460 est
506 2436 619 2460 causa
639 2435 766 2471 agens,
783 2423 850 2460 sed
872 2430 926 2459 est
945 2423 1138 2470 infirmum
1155 2428 1191 2459 et
1203 2423 1395 2470 impotens,

338 2484 380 2513 ut
398 2476 605 2524 Dionysius
635 2476 733 2523 dicit,
759 2488 793 2512 1v
813 2488 895 2524 cap.
916 2476 961 2512 de
979 2475 1066 2512 Div.
1090 2476 1207 2512 Nom.
1223 2474 1243 2496 ²¹⁸
1272 2475 1397 2512 Causa

339 2537 466 2566 autem
487 2529 686 2566 materialis
717 2537 752 2565 et
780 2528 946 2565 formalis
970 2527 1148 2565 videntur
1172 2528 1314 2564 habere
1337 2540 1398 2564 so-

339 2583 420 2619 lum
447 2582 574 2618 locum
603 2582 642 2618 in
670 2581 902 2618 naturalibus
928 2581 1164 2629 corporibus,
1194 2593 1293 2628 quae
1312 2588 1399 2617 sunt

340 2634 550 2683 composita
580 2646 624 2671 ex
650 2634 807 2670 materia
836 2642 872 2671 et
899 2634 1031 2670 forma.
1067 2634 1168 2681 Ergo
1197 2641 1397 2682 peccatum

340 2700 417 2724 non
428 2694 552 2736 potest
565 2688 708 2724 habere
719 2699 872 2723 causam
889 2686 1124 2723 materialem
1136 2694 1172 2723 et
1186 2687 1396 2723 formalem.

394 2752 429 2777 2.
450 2741 691 2786 PRAETEREA,
718 2751 835 2789 agere
867 2740 938 2776 sibi
962 2739 1081 2775 simile
1109 2745 1163 2776 est
1196 2740 1253 2775 rei
1272 2740 1398 2788 perfe-

340 2799 431 2840 ctae,
451 2801 493 2829 ut
512 2793 646 2830 dicitur
673 2793 711 2829 in
741 2793 792 2828 IV
810 2793 970 2829 Meteor.
990 2791 1010 2813 '³¹‘
1030 2792 1106 2829 Sed
1130 2799 1330 2840 peccatum
1351 2793 1398 2829 de

341 2846 398 2883 sui
426 2845 570 2882 ratione
591 2853 646 2882 est
674 2845 950 2894 imperfectum.
972 2846 1073 2892 Ergo
1102 2852 1301 2894 peccatum
1321 2857 1399 2882 non

340 2906 464 2948 potest
493 2911 574 2935 esse
605 2910 718 2935 causa
746 2898 901 2946 peccati.

397 2952 430 2988 3.
451 2952 683 2998 PRAETEREA,
709 2950 740 2987 si
767 2950 879 2987 huius
907 2949 1051 2999 peccati
1080 2950 1125 2987 sit
1158 2963 1271 2987 causa
1299 2951 1399 2988 aliud

341 3011 554 3052 peccatum,
576 3005 711 3041 eadem
740 3003 883 3040 ratione
914 3010 949 3039 et
977 3003 1072 3039 illius
1102 3003 1168 3039 erit
1195 3015 1308 3040 causa
1337 3004 1399 3040 ali-

343 3057 447 3105 quod
475 3057 576 3094 aliud
604 3064 817 3105 peccatum,
839 3063 875 3092 et
895 3055 947 3092 sic
966 3056 1194 3104 procedetur
1218 3055 1256 3092 in
1276 3056 1399 3092 infini-

344 3117 424 3146 tum
445 3115 482 3146 ²:
512 3110 617 3159 quod
645 3117 700 3146 est
727 3109 1012 3146 inconveniens.
1045 3109 1135 3145 Non
1156 3120 1246 3156 ergo
1267 3121 1400 3157 pecca-

344 3169 425 3198 tum
455 3170 509 3198 est
537 3175 651 3199 causa
679 3162 834 3211 peccati.

398 3214 471 3250 SED
500 3227 644 3252 CONTRA
672 3227 738 3251 EST
770 3215 876 3262 quod
910 3213 1116 3262 Gregorius
1153 3213 1260 3260 dicit,
1290 3225 1402 3262 super

344 3267 476 3314 Ezech.
497 3266 532 3303 *z
561 3268 758 3304 Peccatum
787 3268 888 3316 quod
908 3279 981 3316 per
1000 3266 1266 3315 poenitentiam
1295 3267 1400 3303 citius

346 3331 420 3355 non
449 3319 600 3364 deletur,
627 3326 824 3367 peccatum
853 3326 907 3357 est
932 3326 966 3356 et
993 3331 1108 3356 causa
1130 3320 1278 3368 peccati
1294 3317 1320 3356 β.

399 3440 426 3472 α)
441 3440 603 3472 procedetur
622 3441 647 3464 in
668 3441 808 3472 infinitum.
826 3455 844 3460 —
857 3443 1051 3474 procederetur
1070 3442 1096 3467 in
1117 3442 1247 3475 infinitum
1262 3443 1293 3471 H,
1309 3449 1403 3474 proce-

347 3476 422 3501 ditur
441 3475 466 3499 in
487 3475 618 3507 infinitum
639 3475 724 3500 ceteri.

401 3509 426 3543 β)
440 3511 542 3535 deletur
552 3527 559 3535 .
571 3527 578 3535 .
589 3527 596 3534 .
611 3511 724 3542 peccati.
739 3524 757 3528 —
776 3511 884 3540 deletur,
902 3519 968 3536 mox
980 3519 1028 3536 suo
1040 3512 1160 3544 pondere
1173 3512 1211 3536 ad
1223 3513 1298 3536 aliud
1311 3513 1403 3537 trahit.

1505 2000 1730 2042 RESPONDEO
1758 2011 1941 2037 mcssNDuM
1970 1999 2087 2048 quod,
2109 2012 2197 2037 cum
2216 2008 2416 2049 peccatum
2445 2002 2511 2038 ha-

1451 2052 1539 2089 beat
1567 2064 1721 2089 causam
1759 2065 1803 2089 ex
1831 2060 1937 2101 parte
1973 2060 2098 2100 actus,
2129 2053 2204 2090 hoc
2237 2054 2356 2091 modo
2388 2067 2509 2092 unum

1449 2113 1647 2153 peccatum
1678 2113 1807 2153 posset
1836 2117 1918 2142 esse
1947 2117 2061 2142 causa
2095 2106 2262 2152 alterius,
2289 2106 2383 2144 sicut
2410 2119 2509 2145 unus

1451 2165 1556 2194 actus
1584 2159 1775 2194 humanus
1803 2165 1928 2206 potest
1956 2170 2037 2195 esse
2073 2170 2186 2195 causa
2214 2159 2376 2197 alterius.
2408 2160 2509 2197 Con-

1450 2210 1554 2258 tingit
1572 2211 1681 2258 igitur
1700 2223 1818 2247 unum
1836 2218 2036 2259 peccatum
2067 2223 2149 2248 esse
2174 2224 2329 2248 causam
2357 2212 2508 2250 alterius

1451 2263 1662 2300 secundum
1687 2271 1850 2312 quatuor
1877 2276 2016 2311 genera
2036 2276 2246 2302 causarum.
2268 2265 2398 2301 Primo
2427 2266 2508 2315 qui-

1451 2316 1559 2363 dem,
1596 2316 1808 2353 secundum
1845 2316 2006 2353 modum
2045 2329 2180 2354 causae
2219 2317 2415 2355 efficientis
2445 2319 2508 2356 vel

1451 2369 1653 2416 moventis,
1675 2377 1711 2405 et
1737 2381 1806 2417 per
1824 2381 1863 2405 se
1885 2377 1920 2405 et
1939 2381 2007 2418 per
2025 2370 2212 2407 accidens.
2233 2371 2306 2407 Per
2333 2371 2508 2408 accidens

1450 2422 1619 2470 quidem,
1636 2422 1731 2458 sicut
1750 2434 1954 2459 removens
1969 2422 2175 2470 prohibens
2195 2422 2329 2460 dicitur
2345 2435 2508 2461 movens

1450 2487 1519 2523 per
1546 2474 1741 2511 accidens:
1772 2487 1860 2510 cum
1891 2475 1991 2511 enirn
2019 2487 2088 2523 per
2114 2487 2236 2512 unum
2265 2483 2390 2512 actum
2418 2488 2506 2525 pec-

1452 2527 1522 2564 cati
1551 2528 1669 2564 homo
1694 2527 1828 2564 amittit
1855 2527 2024 2575 gratiam,
2045 2528 2108 2564 vel
2127 2528 2333 2575 caritatem,
2351 2529 2415 2565 vel
2441 2540 2508 2566 ve-

1452 2580 1694 2626 recundiam,
1723 2581 1787 2616 vel
1816 2580 2089 2628 quodcumque
2126 2580 2227 2618 aliud
2263 2581 2456 2618 retrahens
2485 2593 2508 2618 a

1451 2641 1620 2682 peccam,
1643 2632 1770 2670 incidit
1789 2645 1834 2669 ex
1861 2633 1936 2669 hoc
1963 2632 2001 2669 in
2029 2632 2130 2670 aliud
2149 2641 2368 2682 peccatum;
2398 2641 2436 2670 et
2453 2633 2506 2671 sic

1452 2685 1619 2734 primum
1654 2693 1854 2734 peccatum
1892 2693 1947 2722 est
1975 2697 2089 2722 eausa
2123 2686 2279 2736 secundi
2311 2698 2380 2734 per
2413 2686 2508 2723 acci-

1453 2738 1558 2775 dens.
1589 2739 1661 2774 Per
1694 2751 1734 2775 se
1771 2746 1900 2775 autem
1924 2743 1958 2784 Υ,
1988 2738 2084 2774 sicut
2112 2751 2198 2775 cum
2231 2751 2277 2775 ex
2310 2751 2389 2775 uno
2424 2747 2509 2776 actu

1452 2791 1595 2839 peccati
1607 2792 1729 2827 'homo
1747 2790 1956 2839 disponitur
1970 2790 2018 2828 ad
2032 2791 2108 2827 hoc
2127 2791 2231 2839 quod
2251 2791 2366 2828 alium
2381 2799 2509 2829 actum

1454 2843 1688 2880 consimilem
1719 2843 1860 2880 facilius
1895 2842 2110 2880 committit:
2147 2856 2192 2881 ex
2227 2845 2372 2881 actibus
2407 2844 2509 2883 enim

1454 2904 1655 2933 causantur
1683 2896 1947 2944 dispositiones
1976 2904 2013 2933 et
2035 2896 2185 2933 habitus
2213 2896 2432 2934 inclinantes
2460 2897 2509 2934 ad

1455 2949 1595 2986 similes
1616 2956 1732 2985 actus.
1749 2970 1772 2976 -
1790 2949 2010 2986 Secundum
2025 2961 2119 2986 vero
2139 2962 2258 2997 genus
2279 2962 2416 2987 causae
2430 2961 2511 2987 ma-

1454 3002 1612 3048 terialis,
1641 3014 1763 3038 unum
1791 3010 1991 3050 peccatum
2027 3010 2082 3039 est
2111 3015 2226 3039 causa
2258 3002 2428 3049 alterius,
2457 3002 2512 3040 in-

1454 3062 1639 3104 quantum
1674 3062 1874 3103 praeparat
1906 3054 1939 3091 ei
1973 3054 2190 3092 materiam:
2226 3055 2322 3092 sicut
2357 3054 2512 3092 avaritia

1454 3115 1653 3156 praeparat
1681 3107 1878 3143 materiam
1909 3107 2039 3155 litigio,
2071 3109 2173 3156 quod
2202 3109 2430 3157 plerumque
2458 3114 2514 3145 est

1456 3161 1501 3198 de
1532 3160 1669 3197 divitiis
1698 3160 1943 3207 congregatis.
1973 3181 1996 3188 -
2022 3161 2243 3198 Secundum
2271 3173 2365 3197 vero
2393 3171 2512 3208 genus

1456 3226 1591 3250 causae
1618 3212 1752 3259 finalis,
1773 3225 1891 3249 unum
1910 3221 2111 3262 peccatum
2133 3221 2188 3250 est
2217 3225 2331 3250 causa
2350 3211 2510 3258 alterius,

1456 3266 1679 3315 inquantum
1714 3274 1870 3315 propter
1906 3266 2023 3303 finem
2058 3266 2171 3303 unius
2208 3265 2352 3315 peccati
2379 3263 2512 3313 aliquis

1458 3318 1656 3355 committit
1675 3318 1775 3356 aliud
1794 3327 2014 3367 peccatum:
2036 3318 2132 3356 sicut
2152 3330 2240 3355 cum
2260 3316 2391 3366 aliquis
2410 3328 2512 3353 com-

1459 3442 1533 3475 Ergo
1548 3444 1686 3473 peccatum
1706 3445 1744 3466 est
1764 3441 1804 3473 (et
1823 3441 1920 3465 addunt
1937 3440 2012 3472 BpE)
2030 3430 2111 3465 causa
2131 3438 2235 3471 peccati
2252 3438 2330 3469 REI-‘3
2349 3437 2395 3463 cfr.
2414 3438 2513 3463 Mor-al.

1458 3477 1500 3502 lib.
1514 3477 1591 3506 XXV,
1612 3484 1667 3509 cap.
1681 3484 1710 3510 9,
1730 3476 1754 3500 in
1774 3481 1825 3500 vet.
1840 3483 1894 3507 cap.
1913 3475 1950 3500 13.

1510 3513 1536 3545 γ)
1556 3515 1653 3537 autem.
1671 3525 1690 3531 -
1709 3511 1813 3544 quidem
1834 3511 1860 3535 Ρ.

2542 494 2551 503 ”
2566 493 2591 514 In
2607 495 2715 520 corpore}
