2840 4010
116 685 125 694 ·
139 683 165 705 In
180 689 285 711 corpore.

112 1375 204 1406 'Art.3,
211 1375 265 1406 dub.
272 1381 326 1397 con-

113 1405 146 1424 tra
156 1407 224 1429 prim.
235 1408 304 1423 viam.

106 2350 116 2359 ·
131 2348 166 2370 Cf.
181 2354 246 2370 num.
262 2355 278 2370 ι.

183 2662 296 2683 ..ΠΗ-ΠΙ

107 2682 132 2705 8.
143 2682 187 2704 T.
203 2673 255 2705 lect.
269 2689 309 2704 vn.

359 186 428 213 102

114 263 186 312 'Qu-
195 269 273 290 mv¹
285 266 327 285 art·
350 256 567 294 secundum
593 257 794 293 essentiam
822 256 1028 305 propriam,
1049 263 1090 291 ut
1109 255 1147 291 in
1166 255 1296 291 Primo
1311 254 1330 276 *
1350 254 1415 291 ha-

355 309 475 345 bitum
506 317 571 346 est.
601 309 711 346 Unde
740 309 867 345 anima
896 309 1107 345 secundum
1129 307 1330 344 essentiam
1360 314 1416 343 est

354 361 521 410 primurn
549 362 760 398 subiectum
790 360 978 408 originalis
1005 359 1160 410 peccati.

408 416 466 451 An
486 426 622 451 PRIMUM
643 425 741 450 ERGO
761 425 944 450 DJCENDUM
965 413 1081 460 quod,
1098 413 1193 449 sicut
1212 412 1331 448 motio
1346 424 1415 449 vo-

355 467 504 503 luntatis
519 466 674 503 alicuius
690 466 866 514 propriae
880 466 1054 513 pervenit
1068 466 1117 502 ad
1132 466 1320 514 potentias
1335 465 1415 502 ani-

355 531 453 566 mae,
483 531 561 555 non
590 526 716 554 autem
742 519 790 555 ad
810 518 960 554 animae
986 518 1206 564 essentiam3
1226 518 1275 554 ita
1295 518 1414 555 motio

352 571 556 608 voluntatis
574 571 688 618 primi
707 571 931 618 generantis,
947 583 1015 620 per
1028 571 1131 608 viam
1152 571 1414 619 generationis,

351 623 526 672 pervenit
551 623 678 672 primo
707 624 756 660 ad
785 624 934 661 animae
964 625 1178 671 essentiam,
1208 632 1249 661 ut
1272 624 1414 661 dictum

354 684 410 712 est
427 676 457 712 ³¹².

406 730 464 765 AD
485 740 675 766 SECUNDUM
695 740 879 767 DICENDUM
899 731 1004 778 quod
1025 729 1138 767 etiam
1154 729 1341 777 originalis
1360 729 1415 765 iu-

352 781 447 817 stitia
457 781 670 830 pertinebat
679 781 970 830 primordialiter
980 783 1027 820 ad
1039 782 1240 819 essentiam
1251 782 1414 818 animae:

352 841 431 870 erat
450 834 552 870 enim
572 835 718 871 donum
739 835 916 872 divinitus
941 835 1070 872 datum
1091 836 1282 871 humanae
1307 841 1414 871 natu—

351 898 428 933 rae,
449 898 567 936 quam
582 899 651 936 per
668 888 773 936 prius
792 888 941 937 respicit
960 887 1120 925 essentia
1134 887 1282 923 animae
1298 898 1413 935 quam

350 940 553 987 potentiae.
570 941 766 977 Potentiae
782 941 883 978 enim
900 941 1021 988 magis
1035 940 1212 977 videntur
1225 940 1413 988 pertinere

406 1070 432 1101 α)
448 1070 564 1103 propria
582 1071 707 1096 subiecta.
724 1083 742 1089 —
756 1071 886 1102 proprius
904 1071 1022 1096 subiecta
1036 1070 1174 1103 ADEFpB,
1185 1071 1315 1102 proprius
1328 1071 1413 1096 subie-

350 1109 394 1131 cto
413 1106 441 1135 C,
457 1106 570 1138 proprie
588 1109 663 1131 actus
681 1106 796 1131 subiecto
815 1106 846 1135 G,
866 1106 907 1130 vel
920 1105 1036 1138 propria
1054 1106 1172 1131 subiecta
1189 1106 1226 1137 H,
1241 1112 1294 1138 per
1307 1106 1414 1138 primus

994 177 1260 224 QUAESTIO
1290 177 1501 223 LXXXIII,
1530 177 1826 214 ARTICULUS
1854 177 1887 214 ΙΙ

1467 255 1517 291 ad
1535 266 1754 303 personam,
1784 255 2009 303 inquantum
2038 264 2125 294 sunt
2146 258 2328 307 principia
2346 268 2526 307 persona-

1468 307 1558 344 lium
1578 315 1743 345 actuum.
1764 308 1875 351 Unde
1895 316 1982 345 sunt
2001 309 2155 358 propria
2174 310 2341 348 subiecta
2357 315 2374 332 ‘²‘
2393 322 2526 360 pecca-

1466 368 1592 398 torum
1619 360 1832 406 actualium,
1863 372 1960 410 quae
1989 369 2077 399 sunt
2097 370 2253 410 peccata
2274 362 2498 411 personalia.

1521 417 1579 450 An
1607 425 1766 450 ‘reanum
1790 425 1974 451 Dicannum
2003 415 2107 463 quod
2128 422 2266 463 corpus
2288 422 2527 464 comparatur

1468 467 1516 503 ad
1545 467 1714 503 animam
1743 466 1838 503 sicut
1865 467 2022 503 materia
2050 467 2099 504 ad
2126 467 2303 514 formam,
2333 479 2432 516 quae
2458 468 2527 504 etsi

1468 520 1514 556 sit
1531 520 1719 568 posterior
1745 520 1878 556 ordine
1906 519 2170 567 generationis,
2200 527 2255 556 est
2276 528 2407 557 tamen
2425 520 2528 569 prior

1468 572 1601 609 ordine
1637 571 1879 621 perfectionis
1917 580 1953 609 et
1973 580 2152 609 naturae.
2189 572 2363 609 Essentia
2399 580 2527 610 autem

1468 625 1620 661 animae
1640 633 1882 674 comparatur
1901 625 1948 663 ad
1967 625 2155 674 potentias
2180 625 2275 662 sicut
2292 625 2461 662 subiecta
2479 625 2529 662 ad

1468 677 1678 713 accidentia
1705 678 1858 726 propria
1876 678 1907 724 *,
1937 690 2037 727 quae
2066 686 2154 715 sunt
2175 678 2385 727 posteriora
2404 672 2564 715 suffic--

1469 737 1529 766 cto
1554 737 1590 766 et
1609 729 1740 766 ordine
1765 731 2018 777 generationis
2043 739 2079 768 et
2102 731 2215 768 etiarn
2241 726 2527 780 perfectionis-¹⁸.

1467 782 1578 819 Unde
1608 793 1687 818 non
1716 789 1772 818 est
1798 781 1927 820 similis
1955 784 2061 821 ratio.
2445 803 2449 809 ·
2499 806 2515 809 ’ν

1520 837 1579 871 An
1608 845 1780 877 QUARTUM
1808 846 1991 873 mesanum
2023 837 2128 886 quod
2157 837 2462 886 concupiscentia
2488 848 2530 874 se

1466 888 1581 924 habet
1616 887 1854 925 materialiter
1883 895 1919 925 et
1946 901 1991 925 ex
2020 891 2265 939 consequenti
2301 890 2340 927 in
2371 897 2529 939 peccato

1468 940 1649 988 originali,
1678 948 1720 977 ut
1747 952 1862 989 supra
1880 940 1901 962 ¹⁸
1929 941 2071 978 dictum
2100 951 2167 980 est.

1465 1071 1582 1096 subiecta
1596 1072 1626 1102 K,
1643 1073 1682 1097 vel
1691 1073 1804 1104 proprie
1818 1072 1898 1104 prius
1911 1073 2028 1098 subiecta
2040 1073 2070 1104 L,
2081 1074 2194 1106 proprie
2207 1076 2248 1100 vel
2258 1076 2337 1110 prius
2350 1076 2467 1102 subiecta
2480 1077 2528 1108 sB;

1466 1107 1507 1132 vel
1519 1107 1633 1139 proprie
1651 1115 1741 1141 margo
1760 1107 1788 1132 C.

1029 1194 1362 1227 Commenta-ria
1384 1195 1634 1228 cardinalis
1656 1196 1856 1229 Caietani

354 1291 400 1354 In
416 1281 548 1312 articulo
568 1281 708 1312 secundo
725 1281 1044 1322 octogesimaetertiae
1060 1282 1264 1324 quaestionis,
1282 1281 1416 1312 dubium
1467 1284 1634 1324 proprium
1657 1285 1798 1321 habetur,
1815 1285 2002 1327 relinquitur
2017 1288 2106 1328 quod
2125 1287 2236 1328 culpae
2251 1264 2417 1333 originalis
2423 1282 2529 1327 anima

381 1325 516 1356 occurrit
535 1325 614 1356 circa
628 1325 832 1366 principalem
851 1326 1099 1363 conclusionem,
1115 1337 1151 1357 ex
1166 1326 1284 1366 duplici
1304 1326 1414 1366 capite.

349 1370 467 1406 Primo,
484 1380 521 1400 ex
537 1370 644 1406 Scoto,
659 1370 692 1400 in
707 1381 790 1400 xxxn
809 1370 1009 1401 distinctione
1027 1370 1163 1401 Secundi
1174 1370 1200 1407 *‚
1218 1380 1255 1401 ex
1271 1380 1310 1400 eo
1326 1371 1415 1411 quod

348 1414 482 1445 essentia
500 1414 633 1453 animae,
650 1421 686 1446 ut
700 1414 842 1451 essentia,
859 1424 925 1445 non
942 1422 988 1446 est
1003 1415 1180 1456 susceptiva
1195 1415 1316 1455 culpae.
1339 1415 1414 1445 Non

348 1459 443 1498 igitur
464 1458 498 1488 in
522 1468 558 1489 ea
581 1465 628 1488 est
649 1458 754 1499 primo
778 1466 944 1499 peccatum
968 1459 1128 1499 originale.

402 1503 440 1533 ΙΙ.
458 1503 616 1538 Secundo,
640 1513 677 1533 ex
692 1506 842 1539 Auctore,
857 1503 932 1544 quia
952 1504 1140 1534 conclusum
1160 1509 1207 1533 est
1228 1503 1260 1533 in
1280 1502 1412 1533 articulo

348 1546 440 1577 tertio
456 1547 651 1587 quaestionis
670 1548 892 1587 praecedentis,
910 1549 999 1588 quod
1017 1548 1084 1578 sola
1103 1547 1237 1588 privatio
1253 1547 1413 1586 originalis

347 1591 484 1622 iustitiae
506 1601 563 1631 per
585 1601 683 1631 quam
706 1592 854 1622 voluntas
878 1593 1070 1623 subdebatur
1093 1592 1180 1627 Deo,
1205 1598 1251 1622 est
1279 1591 1412 1622 formale

347 1635 381 1665 in
404 1642 534 1675 peccato
562 1635 716 1675 originali.
742 1636 788 1666 Ex
811 1636 874 1666 hoc
897 1646 1035 1677 namque
1063 1636 1205 1676 sequitur
1228 1635 1317 1676 quod
1340 1645 1412 1675 pec-

348 1686 454 1710 catum
471 1679 621 1719 originale
640 1679 773 1710 formale
793 1687 847 1710 aut
862 1687 908 1711 est
923 1681 955 1711 in
975 1681 1042 1711 sola
1058 1681 1231 1716 voluntate,
1248 1687 1302 1710 aut
1318 1686 1364 1710 est
1379 1679 1411 1709 in

348 1733 383 1753 ea
406 1723 627 1764 principaliter.
651 1724 808 1754 Probatur
830 1725 976 1765 sequela:
1001 1724 1076 1766 quia
1100 1724 1216 1755 iustitia
1240 1723 1410 1764 originalis,

348 1777 410 1808 qua
433 1768 582 1798 voluntas
605 1768 798 1799 subdebatur
820 1769 900 1806 Deo,
926 1776 990 1799 erat
1013 1776 1068 1800 aut
1090 1769 1122 1799 in
1147 1769 1215 1799 sola
1237 1768 1410 1804 voluntate,

347 1818 402 1842 aut
420 1812 454 1842 in
477 1822 514 1842 ea
527 1812 749 1853 principaliter.
765 1830 787 1836 -
802 1813 844 1843 Et
856 1812 1070 1845 confirmatur.
1096 1813 1180 1851 Quia
1194 1813 1342 1843 voluntas
1366 1819 1412 1845 est

346 1856 554 1896 praecipuum
568 1856 601 1887 in
617 1863 722 1888 mente
739 1857 878 1888 subiecta
893 1858 973 1894 Deo,
987 1864 1017 1888 et
1032 1858 1239 1898 praecipuum
1256 1857 1288 1887 in
1305 1863 1410 1888 mente

347 1910 414 1931 non
433 1901 572 1932 subiecta
595 1901 679 1932 Deo:
704 1908 834 1942 propter
856 1902 944 1943 quod
969 1912 1004 1932 ex
1028 1909 1116 1942 parte
1131 1902 1198 1932 eius
1215 1908 1342 1942 sumpta
1365 1907 1411 1932 est

347 1955 440 1975 causa
460 1952 490 1975 et
506 1945 679 1975 formalitas
703 1945 821 1986 peccati
837 1946 998 1986 originalis
1021 1945 1054 1976 in
1078 1946 1263 1988 quaestione
1286 1955 1410 1986 praece-

347 1990 450 2020 dente.
470 1990 554 2029 Ergo
571 1990 604 2019 in
619 1990 783 2021 voluntate
800 1997 846 2021 est
861 1990 1082 2031 principaliter,
1100 1998 1130 2021 et
1145 2001 1211 2021 non
1228 1990 1259 2020 in
1277 1990 1411 2022 essentia

346 2034 479 2064 animae.
499 2051 520 2056 —
540 2034 581 2064 Et
604 2034 680 2064 haec
709 2034 907 2065 confirmatio
937 2042 983 2065 est
1011 2035 1107 2066 etiam
1134 2035 1250 2066 directe
1274 2035 1410 2066 obiectio

347 2085 455 2108 contra
482 2078 724 2118 responsionem
755 2080 793 2109 ad
818 2079 994 2110 secundum
1018 2086 1048 2110 et
1070 2079 1198 2110 tertium
1221 2079 1316 2110 huius
1339 2078 1410 2111 arti-

346 2122 418 2159 culi,
437 2129 467 2152 et
481 2122 522 2152 ad
537 2123 714 2153 secundum
729 2123 888 2164 sequentis
908 2123 1040 2154 articuli.
1064 2124 1096 2155 Si
1115 2134 1255 2165 namque
1272 2135 1308 2155 ex
1323 2130 1410 2165 parte

343 2166 516 2197 voluntatis
540 2173 586 2197 est
605 2177 699 2198 causa
717 2167 877 2208 originalis
895 2167 1031 2199 iustitiae
1051 2175 1081 2199 et
1099 2168 1229 2208 peccati,
1249 2179 1315 2199 non
1334 2177 1409 2209 ergo

345 2210 589 2250 primordialiter
605 2218 635 2241 et
653 2211 864 2252 principaliter
883 2219 929 2242 est
947 2213 979 2242 in
997 2213 1143 2249 essentia;
1169 2223 1226 2243 nec
1244 2213 1283 2243 ab
1306 2222 1410 2244 essen-

345 2255 397 2291 tia,
422 2255 631 2294 generationis
651 2262 681 2286 et
704 2256 904 2296 perfectionis
929 2257 1048 2293 ordine,
1073 2257 1112 2287 ad
1135 2257 1334 2288 voluntatem
1358 2258 1409 2288 de-

344 2299 471 2330 rivatur.

402 2343 453 2374 111.
470 2344 519 2373 Ad
535 2343 676 2383 primum
693 2344 809 2375 horum
825 2345 851 2381 *‚
871 2352 1004 2384 negatur
1020 2345 1108 2386 quod
1125 2346 1258 2377 essentia
1274 2347 1407 2383 animae,

345 2394 381 2417 ut
399 2387 541 2424 essentia,
561 2388 642 2418 idest
656 2395 692 2419 ut
706 2389 851 2420 distincta
867 2396 975 2420 contra
993 2389 1161 2429 potentias,
1178 2400 1243 2421 non
1258 2390 1299 2422 sit
1312 2400 1409 2431 capax

345 2431 467 2472 culpae.
492 2432 532 2462 Et
556 2432 729 2463 declaratur
756 2434 827 2464 hoc.
854 2434 937 2471 Quia
967 2434 1073 2464 anima
1102 2435 1277 2465 secundum
1305 2445 1407 2466 essen-

345 2475 431 2512 tiam,
447 2485 522 2507 cum
533 2476 573 2507 sit
584 2476 755 2515 rationalis,
768 2485 799 2508 et
814 2478 955 2518 primum
970 2478 1162 2518 principium
1178 2489 1214 2510 ac
1229 2479 1408 2510 subiectum

344 2526 475 2550 actuum
496 2521 668 2552 moralium
690 2522 860 2557 malorum,
877 2529 1004 2563 oportet
1019 2533 1085 2553 esse
1101 2523 1280 2554 subiectum
1296 2524 1408 2565 culpae

344 2564 536 2601 mediatum,
566 2565 723 2596 mediante
751 2566 866 2597 scilicet
894 2566 1051 2606 potentia:
1080 2567 1123 2598 ita
1151 2568 1240 2608 quod
1266 2568 1408 2610 potentia

345 2615 392 2639 est
414 2608 592 2639 subiectum
615 2619 692 2650 quo,
717 2616 746 2640 et
769 2610 874 2640 anima
898 2610 1076 2642 subiectum
1095 2612 1198 2653 quod;
1222 2612 1308 2643 iuxta
1327 2612 1408 2643 illud

307 2652 386 2682 111
410 2652 450 2683 de
470 2652 628 2689 Anima*,
651 2653 703 2684 De
719 2660 817 2694 parte
839 2660 945 2685 autem
965 2656 1095 2686 animae
1116 2665 1180 2696 qua
1204 2657 1355 2698 intelligit
1377 2661 1408 2687 et

343 2697 426 2737 sapit
441 2695 560 2727 anima.
575 2697 615 2728 Et
626 2697 652 2727 si
668 2697 773 2728 anima
788 2705 869 2729 esset
883 2699 1003 2740 absque
1016 2699 1120 2730 media
1136 2700 1279 2740 potentia
1291 2700 1405 2741 princi-

343 2740 435 2781 pium
453 2741 564 2782 culpae
582 2742 722 2778 actualis,
739 2742 919 2773 immediate
938 2751 1019 2774 esset
1033 2754 1130 2784 capax
1143 2745 1255 2785 culpae
1267 2745 1407 2776 actualis.

343 2785 427 2816 Tota
451 2795 526 2825 ergo
549 2785 629 2816 ratio
653 2796 750 2827 quare
773 2787 907 2817 essentia
929 2787 1052 2818 animae
1075 2799 1141 2819 non
1164 2796 1210 2820 est
1229 2789 1406 2820 subiectum

343 2829 472 2860 actualis
496 2830 616 2870 culpae,
642 2837 688 2860 est
711 2830 787 2871 quia
802 2831 960 2862 mediante
976 2832 1117 2872 potentia
1139 2833 1227 2863 illam
1241 2833 1351 2864 habet:
1376 2840 1407 2864 et

342 2883 407 2903 non
431 2873 620 2914 incapacitas
644 2874 710 2905 eius
739 2882 882 2915 respectu
914 2875 1034 2916 culpae.
1060 2876 1091 2907 Si
1115 2876 1210 2916 igitur
1233 2884 1278 2909 est
1301 2877 1406 2919 aliqua

342 2918 434 2957 culpa
457 2918 497 2948 ad
520 2928 618 2958 quam
641 2928 708 2949 non
730 2918 899 2960 requiritur
922 2919 1071 2950 mediatio
1091 2921 1265 2970 potentiae,
1285 2931 1341 2962 per
1359 2931 1406 2952 se-

341 2961 444 3001 ipsam
464 2962 642 2993 subiectum
661 2962 745 2993 illius
762 2973 828 2994 esse
844 2969 960 3003 potest.
983 2964 1024 2994 Et
1045 2963 1119 3005 quia
1136 2965 1229 3005 culpa
1246 2966 1406 3006 originalis

342 3013 388 3036 est
410 3005 612 3043 huiusmodi,
637 3007 792 3047 quoniam
816 3017 872 3047 per
900 3007 1055 3048 originem
1079 3015 1110 3039 et
1133 3019 1198 3040 non
1223 3019 1278 3049 per
1300 3017 1407 3041 actum

1467 1329 1644 1359 secundum
1668 1329 1835 1360 essentiam
1860 1339 1956 1370 capax
1978 1330 2027 1368 sit,
2052 1337 2087 1362 ut
2109 1330 2142 1362 in
2164 1332 2266 1363 littera
2289 1332 2490 1375 monstratur.

1523 1373 1575 1403 IV.
1592 1373 1643 1403 Ad
1658 1373 1835 1403 secundum
1849 1373 1867 1392 *
1890 1373 2003 1405 dicitur
2025 1375 2114 1416 quod
2126 1375 2276 1407 voluntas
2292 1387 2357 1407 non
2374 1382 2421 1408 est
2436 1384 2564 1415 causa

1466 1416 1646 1466 principalis
1674 1417 1834 1468 originalis
1862 1418 1998 1449 iustitiae
2025 1426 2080 1450 aut
2107 1421 2227 1460 peccati
2252 1421 2450 1462 simpliciter,
2474 1422 2530 1452 sed

1464 1460 1546 1491 inter
1564 1468 1667 1501 partes
1691 1462 1830 1492 animae:
1855 1469 1891 1493 ut
1913 1469 2000 1503 patet
2021 1473 2059 1494 ex
2081 1463 2203 1495 ratione
2225 1465 2259 1496 in
2281 1465 2382 1497 littera
2409 1460 2529 1496 reddis·

1465 1505 1498 1535 in
1521 1505 1655 1545 allegato
1680 1506 1828 1542 articulo,
1853 1506 1928 1546 quia
1950 1507 2093 1539 scilicet'
2084 1518 2152 1548 1psa
2170 1509 2318 1540 voluntas
2341 1516 2388 1540 est
2409 1509 2530 1540 motiva

1466 1549 1614 1580 omnium
1636 1550 1760 1580 animae
1784 1550 1922 1590 partium
1935 1551 1969 1581 in
1983 1551 2092 1583 finem.
2106 1552 2311 1585 obiectionos
2331 1560 2440 1585 autem
2454 1563 2529 1594 pro—

1466 1594 1582 1624 cedunt
1598 1604 1633 1624 ac
1645 1595 1670 1624 si
1679 1595 1827 1625 voluntas
1843 1602 1924 1626 esset
1937 1594 2040 1635 prima
2055 1597 2347 1638 causa-simpliciter
2362 1597 2396 1628 in
2410 1598 2527 1630 anima.

1520 1638 1658 1669 Privatio
1682 1648 1813 1679 quoque
1837 1639 1998 1678 originalis
2021 1640 2156 1671 iustitiae
2179 1651 2235 1681 per
2261 1651 2359 1683 quarn
2380 1642 2529 1674 voluntas

1465 1683 1657 1713 subdebatur
1679 1683 1759 1719 Deo,
1784 1693 1866 1733 quae
1886 1690 1932 1714 est
1947 1683 2102 1715 formale'
2094 1695 2127 1715 in
2142 1692 2272 1726 peccato
2291 1686 2446 1726 originali,
2461 1696 2528 1717 non

1465 1726 1601 1757 sumitur
1615 1737 1674 1767 pro
1691 1726 1867 1778 privatione
1885 1727 2022 1759 iustitiae
2038 1728 2222 1769 originalis'
2213 1739 2246 1759 m
2251 1729 2425 1772 voluntate
2437 1709 2528 1779 pra}-

1465 1770 1542 1802 eise:
1567 1771 1621 1801 sed
1644 1781 1703 1811 pro
1726 1771 1902 1812 privatione
1925 1772 2060 1803 iustitiae
2084 1772 2276 1813 originalis
2266 1783 2300 1804 m
2322 1773 2391 1815 ipsa
2413 1764 2528 1826 volun-3

1463 1822 1535 1852 tate,
1560 1822 1591 1846 et
1613 1816 1870 1856 praecedentibus
1894 1817 2076 1848 naturaliter
2098 1827 2179 1848 eam.
2202 1817 2307 1850 Dictio
2322 1819 2462 1861 n'am‘que
2476 1829 2528 1855 ex·

1463 1859 1582 1890 clusiva
1604 1870 1670 1890 non
1699 1860 1835 1891 excludit
1857 1870 1876 1891 a
1899 1861 2186 1893 concomitantibus
2210 1869 2240 1893 et
2262 1862 2528 1914 praesuppositis,

1463 1911 1499 1934 ut
1521 1910 1617 1944 patet.
1641 1904 1733 1935 Unde
1757 1911 1787 1935 et
1805 1907 1927 1935 Auctor
1950 1915 2016 1936 non
2040 1905 2116 1937 dixit
2139 1907 2228 1948 quod
2242 1906 2376 1952 privatio
2391 1905 2528 1942 iustitiae

1463 1947 1623 1988 originalis
1647 1950 1679 1978 in
1705 1949 1876 1999 voluntate,
1901 1949 1956 1980 sed
1972 1955 2037 1990 per
2054 1960 2149 1990 quam
2167 1946 2315 1982 voluntas
2333 1950 2528 1983 subdebatur

1462 1993 1549 2023 Deo:
1573 1993 1648 2023 haec
1678 1993 1763 2022 enim
1795 1993 1911 2024 claudit
1933 1994 1966 2024 in
1995 2004 2027 2024 se
2051 1995 2288 2035 primordialem
2316 1995 2526 2036 privationem

1462 2036 1494 2066 in
1519 2037 1652 2067 essentia
1680 2047 1782 2078 usque
1805 2038 1843 2067 ad
1866 2037 2082 2075 voluntatem;
2111 2045 2141 2069 et
2164 2039 2241 2069 haec
2265 2046 2312 2070 est
2338 2039 2502 2070 formale'
2493 2050 2526 2070 m

1462 2088 1592 2121 peccato
1617 2081 1773 2121 originali.
1798 2082 1981 2113 Putandum
2009 2090 2055 2114 est
2078 2083 2162 2113 enim
2193 2083 2297 2124 quod,
2321 2083 2403 2114 sicut
2429 2084 2528 2124 gratia

1462 2132 1493 2156 et
1515 2125 1624 2156 caritas
1648 2126 1680 2156 in
1705 2126 1818 2162 anima,
1835 2126 1867 2156 in
1887 2127 1997 2157 ordine
2017 2127 2056 2157 ad
2080 2127 2229 2158 meritum
2251 2127 2303 2158 vel
2326 2128 2526 2165 demeritum,

1461 2180 1520 2209 pro
1536 2170 1649 2200 eodem
1665 2176 1908 2210 computantur;
1932 2178 1962 2202 et
1977 2180 2052 2202 cum
2070 2171 2132 2202 hoc
2150 2173 2239 2213 quod
2254 2172 2351 2212 gratia
2371 2179 2417 2203 est
2433 2181 2528 2203 causa

1462 2214 1595 2245 caritatis
1619 2214 1795 2245 secundum
1819 2225 1861 2251 se,
1887 2222 1947 2245 stat
1970 2215 2058 2256 quod
2081 2215 2240 2252 voluntas,
2263 2216 2297 2246 in
2321 2226 2384 2258 qua
2407 2223 2453 2248 est
2476 2226 2526 2248 ca-

1461 2258 1544 2295 ritas,
1570 2265 1615 2289 est
1640 2258 1853 2289 conservativa
1873 2266 1902 2290 et
1921 2259 2110 2290 destructiva
2128 2260 2244 2300 gratiae
2258 2271 2295 2292 ex
2310 2267 2398 2302 parte
2416 2259 2526 2296 nostri,

1461 2302 1536 2344 quia
1559 2302 1627 2342 ipsa
1651 2309 1697 2333 est
1719 2303 1821 2343 prima
1844 2313 1916 2342 pars
1936 2303 2074 2334 animae:
2098 2303 2140 2334 ita
2162 2304 2196 2335 in
2219 2305 2385 2345 proposito
2409 2304 2527 2335 iustitia

1461 2346 1647 2387 originalis'
1639 2357 1672 2377 in
1692 2347 1807 2383 anima,
1823 2357 1882 2387 pro
1898 2354 2019 2388 quanto
2039 2358 2076 2378 ex
2092 2358 2128 2378 ea
2142 2355 2250 2380 manat
2265 2349 2446 2380 voluntatis
2453 2349 2526 2387 sub·

1460 2391 1564 2428 iectio,
1589 2401 1654 2422 non
1678 2391 1771 2432 ponit
1793 2391 1825 2421 in
1849 2401 2020 2423 numerum
2044 2400 2118 2423 cum
2137 2393 2205 2424 eius
2219 2393 2252 2423 in
2270 2393 2436 2430 voluntate
2453 2386 2525 2428 ὦ·

1461 2442 1532 2472 ctu3
1557 2442 1588 2466 et
1611 2445 1685 2466 cum
1708 2435 1770 2466 hoc
1793 2436 1881 2476 quod
1899 2435 1954 2466 illa
1977 2443 2024 2468 est
2046 2436 2142 2468 huius
2166 2447 2260 2468 causa
2281 2436 2464 2469 secundum
2475 2445 2523 2478 oe,

1459 2480 1607 2511 voluntas
1623 2480 1736 2511 dicitur
1751 2489 1853 2516 causa,
1870 2479 1949 2531 quia
1961 2481 2023 2511 ab
2015 2490 2084 2522 ipsa
2099 2491 2136 2512 ex
2151 2487 2240 2521 parte
2254 2481 2354 2513 nostri
2368 2481 2390 2512 d
2390 2480 2528 2531 ependet

1461 2524 1637 2556 conservari
1659 2531 1690 2555 et
1714 2524 1854 2556 desinere
1876 2524 2012 2556 iustitiae
2035 2525 2142 2557 totius.
2167 2525 2209 2556 Et
2227 2525 2330 2557 simile
2344 2531 2392 2556 est
2407 2524 2456 2558 de
2460 2519 2527 2566 pifi-

1458 2568 1585 2599 vatione
1609 2568 1767 2609 opposita.

1515 2613 1557 2643 Et
1580 2623 1635 2652 per
1657 2612 1735 2643 haec
1757 2619 1843 2653 patet
1873 2611 1991 2643 solutio
2019 2612 2227 2650 obiectorum.
2251 2613 2408 2644 Voluntas
2438 2612 2525 2646 enim

1461 2667 1527 2688 non
1551 2663 1597 2687 est
1620 2655 1815 2707 simpliciter,
1840 2657 1894 2687 sed
1918 2666 1955 2688 ex
1978 2663 2064 2708 parte
2087 2657 2207 2694 nostri,
2231 2666 2286 2689 seu
2314 2657 2395 2688 inter
2422 2663 2527 2699 partes

1460 2701 1593 2737 animae,
1610 2701 1713 2740 posita
1733 2707 1779 2731 est
1802 2710 1896 2732 causa
1918 2700 2054 2732 iustitiae
2077 2707 2109 2732 et
2130 2701 2251 2742 peccati
2274 2701 2444 2741 originalis.
2468 2700 2527 2749 Es-

1460 2745 1559 2777 sentia
1581 2752 1689 2776 autem
1712 2745 1842 2785 ponitur
1864 2754 1958 2776 causa
1980 2745 2164 2796 simpliciter
2183 2754 2225 2776 ex
2236 2751 2324 2786 parte
2346 2746 2391 2776 rei
2414 2753 2528 2777 secun*

1463 2790 1540 2820 dum
1565 2799 1606 2820 se.
1621 2807 1642 2812 -
1659 2790 1700 2820 Et
1721 2789 1794 2820 licet
1816 2789 1964 2827 voluntas
1987 2789 2027 2820 sit
2045 2789 2078 2820 in
2097 2799 2249 2830 supremo
2265 2790 2389 2824 animae
2407 2789 2539 2830 praec&

1461 2843 1564 2885 puum
1587 2834 1668 2864 inter
1690 2840 1793 2874 partes
1817 2833 1940 2864 animae
1955 2833 1988 2864 in
2008 2834 2169 2864 movendo
2185 2834 2226 2864 ad
2240 2840 2356 2870 actum,
2377 2833 2403 2864 si
2417 2841 2527 2865 tamen

1459 2879 1492 2908 in
1508 2878 1579 2928 ipso
1596 2887 1746 2919 supremo
1767 2878 1913 2908 voluntas
1930 2878 1969 2908 ad
1986 2878 2154 2909 essentiam
2169 2884 2379 2920 comparetur,
2394 2876 2526 2909 inferior

1459 2922 1627 2953 invenitur.

1514 2967 1561 2997 De
1585 2966 1677 2997 tertio
1701 2973 1732 2998 et
1754 2972 1868 3006 quarto
1892 2966 2030 2997 articulis
2054 2965 2197 2997 eiusdem
2217 2965 2421 3008 quaestionis,
2445 2963 2527 2996 nihil

1461 3021 1546 3042 nunc
1570 3009 1745 3042 necessario
1770 3009 1972 3040 scribendum
1995 3010 2140 3042 occurrit.
2431 3030 2434 3033 -

2555 691 2607 714 ·D.
2621 697 2668 714 ποι.

2555 740 2608 762 “Ι).
2624 745 2684 768 ¹⁰73-

2554 924 2564 936 ·
2573 923 2621 952 Qu.
2628 929 2717 953 unu,
2723 927 2770 947 art.

2579 1383 2616 1407 cf.
2630 1389 2695 1407 num.
2709 1389 2737 1406 ιι.
