2840 4010
875 162 1138 208 QUAESTIO
1168 164 1359 210 LXXVII,
1388 163 1682 200 ARTICULUS
1711 164 1777 210 III,
1807 164 1859 200 IV
2397 165 2444 202 65

1085 287 1398 347 ARTICULUS
1426 288 1652 330 TERTIUS

535 378 691 409 UTRUM
714 378 950 410 PECCATUM
974 379 1095 416 QUOD
1119 378 1200 408 EST
1223 379 1280 408 Ex
1302 378 1520 416 PAssmNE,
1545 381 1716 411 DEBEAT
1739 381 1825 412 mei
1850 381 1907 412 Ex
1929 381 2208 413 INFIRMITATE

848 456 921 486 Infra,
940 464 986 489 qu.
998 463 1086 484 um,
1104 461 1150 480 art.
1167 455 1189 485 3,
1209 456 1240 480 ad
1252 463 1289 487 ·4;
1310 456 1351 480 De
1369 455 1451 485 Malo,
1471 464 1514 489 qu.
1533 465 1573 486 11¹,
1592 463 1638 483 art.
1656 466 1685 491 9;
1705 459 1732 483 In
1751 459 1847 484 Psalm.
1861 466 1896 484 vr.

374 551 383 573 ι
414 545 436 572 7
480 531 523 570 ὐ
552 545 710 571 TERTmM
729 545 782 571 Sic
801 544 1038 571 PROCEDITUR.
1057 532 1217 570 Videtur
1240 533 1344 580 quod
1369 536 1373 588 Ι
1398 533 1554 591 malium
1563 534 1594 572 ²⁸.
1606 535 1715 572 Unde
1732 544 1768 572 et
1781 537 1979 574 infirmitas
1993 537 2141 575 animae
2153 538 2285 576 dicitur
2295 540 2448 587 quando
2477 548 2485 557 ”
2500 547 2557 574 Cap.
2572 553 2588 573 ι,
2603 552 2626 568 n·
2641 554 2657 570 ι.

482 593 700 638 peccatum
715 585 820 635 quod
841 592 895 621 est
914 596 959 621 ex
977 584 1166 633 passione,
1183 597 1261 622 non
1282 585 1346 622 de-

311 683 321 691 *
346 665 442 721 (⁷³⁴ss
458 682 489 723 k
503 690 659 738 quidam
685 690 893 726 vehemens
913 697 1040 726 motus
1059 689 1245 738 appetitus
1264 702 1346 726 sen-

53 741 161 768 ·An.1.
292 741 402 788 sitivi,
429 749 470 778 ut
497 742 639 779 dictum
668 749 724 778 est
741 741 772 778 *.
791 741 1040 779 vehementia
1069 750 1195 779 autem
1219 749 1347 779 motus

292 794 412 842 magis
431 800 623 830 attestatur
650 793 856 831 fortitudini
876 806 990 842 quarn
1009 794 1223 832 infirmitati.
1244 795 1346 842 Ergo

290 851 490 895 peccatum
518 846 623 894 quod
651 853 707 883 est
735 858 780 882 ex
806 846 1000 895 passione,
1029 859 1108 884 non
1137 847 1250 884 debet
1277 846 1348 884 dici

293 910 339 935 ex
365 897 591 935 infirmitate.

345 961 381 986 2.
402 949 634 996 Pam-mm,
650 949 847 988 infirmitas
866 951 1031 988 hominis
1048 950 1212 988 maxime
1231 958 1347 988 atten-

293 1001 392 1041 ditur
406 1002 618 1039 secundum
633 1002 724 1039 illud
742 1003 848 1051 quod
868 1011 922 1040 est
941 1004 979 1040 in
999 1016 1045 1040 eo
1066 1003 1240 1050 fragilius.
1262 1003 1348 1040 Hoc

293 1061 419 1091 autem
447 1061 504 1091 est
530 1067 639 1092 caro:
668 1055 771 1093 unde
795 1055 927 1093 dicitur
945 1055 983 1093 in
1002 1055 1154 1093 Psalmo
1174 1067 1293 1092 Lxxvn
1311 1056 1346 1092 *ε

230 1148 233 1151 ,
292 1106 523 1146 Recordatus
533 1113 587 1144 est
599 1108 687 1155 quia
698 1119 788 1144 caro
803 1114 898 1146 sunt.
911 1109 1012 1156 Ergo
1023 1107 1143 1156 magis
1153 1107 1266 1145 debet
1277 1108 1347 1145 dici

290 1163 492 1207 peccatum
512 1171 556 1196 ex
570 1159 785 1197 infirmitate
805 1161 909 1210 quod
929 1168 983 1197 est
1002 1173 1048 1198 ex
1066 1160 1192 1210 aliquo
1214 1173 1348 1209 corpo-

232 1260 234 1265 ,
292 1210 342 1250 ris
371 1210 677 1260 defectuhquam
706 1213 810 1262 quod
834 1221 889 1250 est
912 1219 962 1250 ex>
985 1213 1134 1253 animae
1157 1213 1345 1262 passione.

300 1307 306 1313 .
339 1264 635 1311 ⁷37PRKETEREA,
656 1265 705 1302 ad
725 1277 769 1303 ea
788 1278 867 1303 non
884 1265 1034 1302 videtur
1051 1266 1170 1303 homo
1192 1278 1274 1302 esse
1293 1266 1347 1302 in-

195 1327 205 1366 ''.
235 1343 238 1346 .
291 1315 439 1364 firmus,
459 1328 558 1364 quae
579 1316 659 1354 eius
676 1317 860 1355 voluntati
880 1317 1103 1356 subduntur.
1129 1318 1207 1355 Sed
1224 1318 1348 1356 facere

209 1360 219 1374 ¹
251 1366 265 1372 ’“
291 1367 354 1404 vel
382 1380 460 1405 non
488 1369 611 1406 facere
644 1382 689 1406 ea
717 1371 765 1407 ad
798 1382 896 1417 quae
924 1369 1050 1418 passio
1078 1369 1251 1417 inclinat,
1279 1371 1348 1407 ho-

293 1420 405 1457 minis
419 1421 604 1458 voluntati
619 1422 805 1459 subditur:
827 1423 1036 1459 secundum
1055 1422 1146 1459 illud
1164 1423 1299 1459 Gen.1v
1312 1423 1347 1460 *ε

292 1473 370 1509 Sub
390 1478 425 1509 te
442 1473 514 1509 erit
529 1474 709 1522 appetitus
733 1481 826 1520 tuus,
852 1480 887 1511 et
904 1481 942 1511 tu
961 1475 1211 1512 dominaberis
1239 1475 1347 1512 illius.

292 1525 395 1572 Ergo
422 1534 623 1573 peccatum
643 1527 747 1575 quod
768 1535 823 1563 est
843 1539 887 1563 ex
906 1527 1093 1575 passione,
1114 1540 1192 1564 non
1221 1535 1276 1564 est
1304 1540 1349 1564 ex

292 1577 520 1615 infirmitate.

347 1630 420 1666 San
449 1641 594 1667 CONTRA
622 1643 687 1668 EST
716 1631 818 1680 quod
848 1631 1010 1678 Tullius,
1039 1631 1078 1668 in
1102 1632 1154 1668 IV
1179 1632 1275 1668 libro
1304 1633 1350 1668 de

53 1684 196 1714 *Or-”¹
210 1690 248 1706 ι’·
295 1682 333 1718 T
329 1682 443 1719 uscul.
468 1682 616 1724 Quaest.
636 1683 667 1730 ²¹⁶,
697 1683 893 1732 passiones
921 1684 1070 1721 animae
1098 1684 1351 1734 aegritudines

291 1742 416 1771 vocat.
445 1735 708 1783 Aegritudines
740 1743 867 1773 autem
896 1736 969 1773 alio
1001 1735 1157 1773 nomine
1194 1736 1349 1773 infirmi-

291 1793 386 1824 tates
414 1786 599 1825 dicuntur.
629 1789 730 1836 Ergo
758 1797 959 1837 peccatum
987 1788 1091 1836 quod
1119 1797 1174 1826 est
1202 1801 1246 1825 ex
1265 1802 1349 1838 pas-

293 1838 412 1886 sione,
441 1839 555 1877 debet
583 1840 656 1877 dici
685 1853 730 1877 ex
759 1841 986 1878 infirmitate.

326 1891 570 1930 -stponm-:o
598 1905 782 1930 mCENDUM
815 1893 918 1942 quod
951 1905 1064 1930 causa
1090 1893 1235 1943 peccati
1262 1905 1350 1943 pro-

290 1943 374 1992 pria
401 1952 457 1981 est
485 1957 531 1982 ex
558 1953 663 1994 parte
687 1946 847 1993 animae,
871 1946 910 1982 in
929 1957 1004 1994 qua
1022 1946 1276 1995 principaliter
1295 1954 1350 1983 est

70 1998 164 2043 ἔξω)
191 2003 227 2018 *²¹
290 1999 503 2044 peccatum.
533 1999 663 2034 Potest
690 2005 817 2035 autem
847 1998 918 2035 dici
944 1998 1141 2036 infirmitas
1164 1998 1203 2035 in
1222 1998 1349 2036 anima

293 2049 342 2086 ad
370 2048 652 2089 similitudinem
673 2049 898 2088 infirmitatis
918 2050 1098 2099 corporis.
1119 2050 1264 2088 Dicitur
1283 2064 1347 2088 au·

292 2106 370 2139 tem
399 2114 538 2151 corpus
564 2102 731 2140 hominis
760 2115 842 2140 esse
870 2103 1076 2151 infirmum,
1105 2104 1259 2151 quando
1285 2104 1349 2140 de—

292 2153 456 2191 bilitatur
473 2155 535 2192 vel
553 2155 757 2204 impeditur
775 2155 814 2192 in
833 2155 1053 2192 executione
1067 2156 1244 2205 propriae
1260 2168 1349 2205 ope-

292 2206 457 2254 rationis,
477 2215 633 2256 propter
659 2208 824 2257 aliquam
851 2207 1167 2246 inordinationem
1186 2209 1348 2257 partium

294 2258 483 2307 corporis,
512 2259 563 2297 ita
591 2260 729 2297 scilicet
761 2260 865 2308 quod
897 2261 1079 2298 humores
1112 2269 1147 2298 et
1174 2262 1349 2298 membra

291 2311 459 2349 hominis
472 2324 552 2349 non
566 2313 778 2358 subduntur
791 2312 920 2350 virtuti
938 2313 1115 2361 regitivae
1132 2321 1168 2350 et
1181 2313 1348 2351 motivae

294 2364 474 2412 eorporis.
502 2365 614 2402 Unde
647 2373 684 2402 et
716 2365 934 2402 membrum
967 2365 1100 2403 dicitur
1132 2378 1214 2403 esse
1246 2366 1350 2404 infir-

32 1054 196 1088 '‘ven-39.

293 2426 413 2463 mum,
442 2418 597 2465 quando
627 2430 705 2455 non
731 2425 856 2466 potest
882 2417 1065 2466 perficere
1088 2418 1349 2468 operationem

292 2469 457 2506 membri
476 2470 574 2507 sani:
596 2470 691 2507 sicut
705 2471 836 2507 oculus
851 2470 1004 2519 quando
1019 2483 1098 2508 non
1112 2478 1236 2520 potest
1251 2472 1349 2508 clare

291 2521 434 2570 videre,
449 2530 492 2559 ut
511 2522 598 2560 dicit
615 2523 883 2572 Philosophus,
903 2523 940 2560 in
955 2523 991 2560 X
1005 2524 1050 2560 de
1064 2523 1244 2561 Historiis
1257 2524 1350 2560 Ani-

1399 586 1600 634 impeditur
1626 587 1753 624 anima
1784 588 1822 626 in
1848 589 2002 638 propria
2030 591 2268 640 operatione,
2295 599 2450 641 propter

1399 636 1716 676 inordinationem
1743 640 1906 687 partium
1933 642 2060 691 ipsius.

1454 690 1557 727 Sicut
1584 698 1711 728 autem
1738 699 1863 739 partes
1892 694 2060 742 corporis
2088 694 2261 732 dicuntur
2288 708 2370 734 esse
2393 696 2448 734 in-

1400 741 1615 790 ordinatae,
1645 744 1798 791 quando
1831 757 1909 781 non
1940 754 2148 794 sequuntur
2180 747 2352 785 ordinem
2384 761 2448 786 na·

1399 801 1526 840 turae;
1555 794 1606 831 ita
1634 803 1669 832 et
1694 803 1819 843 partes
1847 797 1994 834 animae
2015 798 2185 836 dicuntur
2204 800 2448 847 inordinatae,

1401 847 1554 896 quando
1575 859 1653 884 non
1667 847 1877 884 subduntur
1895 849 2018 886 ordini
2037 850 2205 888 rationis:
2235 853 2327 889 ratio
2348 853 2449 890 enim

1402 906 1456 937 est
1474 899 1532 936 vis
1551 899 1706 947 regitiva
1724 900 1886 948 partium
1915 901 2075 939 animae.
2106 903 2168 939 Sic
2187 916 2274 951 ergo
2294 906 2448 952 quando

1402 959 1504 988 extra
1524 951 1695 989 ordinem
1719 951 1870 989 rationis
1889 953 1947 990 vis
1967 955 2264 1003 concupiscibilis
2292 964 2356 993 aut
2381 957 2450 994 ira-

1401 1003 1537 1040 scibilis
1565 1003 1688 1052 aliqua
1714 1004 1891 1052 passione
1918 1006 2095 1052 afficitur,
2126 1015 2162 1043 et
2187 1020 2255 1055 per
2281 1009 2356 1045 hoc
2382 1009 2450 1046 im-

1400 1055 1663 1104 pedimentum
1682 1065 1891 1105 praestatur
1907 1058 2024 1094 modo
2044 1059 2235 1107 praedicto
2257 1061 2276 1081 ’⁸
2304 1060 2450 1098 debitae

1402 1108 1539 1145 actioni
1565 1109 1746 1157 hominis,
1777 1109 1909 1146 dicitur
1935 1118 2133 1158 peccatum
2163 1123 2245 1149 esse
2277 1125 2323 1149 ex
2350 1113 2451 1150 infir-

1402 1161 1541 1198 mitate.
1570 1161 1680 1198 Unde
1710 1169 1746 1198 et
1770 1162 2037 1211 Philosophus,
2057 1163 2095 1200 in
2116 1165 2130 1199 1
2148 1164 2267 1201 Ethic.
2287 1164 2319 1210 ²¹⁶,
2348 1178 2451 1202 com-

1400 1221 1508 1262 parat
1533 1213 1830 1251 incontinentem
1858 1215 2075 1263 paralytico,
2105 1215 2210 1252 cuius
2229 1224 2353 1264 partes
2371 1230 2452 1254 mo-

1400 1273 1537 1302 ventur
1564 1266 1603 1303 in
1632 1266 1858 1303 contrarium
1888 1267 1967 1303 eius
1995 1267 2099 1316 quod
2125 1268 2207 1316 ipse
2236 1269 2410 1317 disponit,

1455 1317 1513 1354 AD
1542 1330 1678 1355 PRxMUM
1704 1331 1801 1355 ERGO
1830 1331 2012 1356 DiCENDUM
2040 1321 2155 1366 quod,
2186 1320 2280 1357 sicut
2307 1330 2448 1369 quanto

1402 1370 1511 1406 fuerit
1538 1378 1665 1407 motus
1692 1371 1823 1407 fortior
1850 1371 1887 1407 in
1916 1384 2075 1419 corpore
2103 1380 2250 1420 praeter
2277 1374 2450 1411 ordinem

1403 1430 1575 1469 naturae,
1607 1430 1711 1460 tanto
1746 1431 1800 1459 est
1831 1423 1953 1459 maior
1981 1424 2197 1470 infirmitas;
2230 1425 2279 1462 ita
2312 1435 2451 1474 quanto

1402 1475 1511 1511 fuerit
1539 1483 1665 1512 motus
1688 1475 1818 1512 fortior
1835 1476 2020 1523 passionis
2039 1484 2187 1523 praeter
2205 1478 2377 1514 ordinem
2397 1491 2453 1515 ra-

1402 1527 1524 1574 tionis,
1553 1535 1656 1564 tanto
1686 1535 1741 1564 est
1767 1528 1890 1563 maior
1916 1527 2110 1564 infirmitas
2139 1529 2298 1566 animae.

1454 1582 1512 1616 An
1541 1591 1728 1617 SECUNDUM
1756 1591 1938 1616 DmENDUM
1967 1580 2071 1628 quod
2098 1588 2295 1628 peccatum
2319 1582 2454 1630 princi-

1403 1632 1533 1680 paliter
1561 1632 1727 1668 consistit
1758 1632 1795 1668 in
1824 1639 1908 1668 actu
1935 1633 2154 1680 voluntatis,
2188 1633 2251 1682 qui
2280 1646 2357 1670 non
2385 1635 2454 1670 im-

1402 1684 1551 1733 peditur
1587 1697 1656 1733 per
1687 1684 1855 1733 corporis
1887 1683 2164 1722 infirmitatem:
2197 1693 2322 1734 potest
2354 1687 2454 1723 enim

1403 1737 1467 1784 qui
1496 1744 1551 1773 est
1579 1749 1736 1785 corpore
1770 1737 1954 1783 infirmus,
1973 1745 2191 1785 promptam
2218 1739 2359 1775 habere
2386 1751 2454 1775 vo-

1403 1790 1585 1826 luntatem
1613 1789 1663 1826 ad
1691 1789 1830 1837 aliquid
1850 1789 2076 1825 faciendum.
2102 1790 2309 1838 Impeditur
2327 1798 2453 1827 autem

1404 1854 1471 1890 per
1497 1841 1726 1890 passionem,
1754 1849 1796 1878 ut
1814 1854 1928 1890 supra
1946 1841 1966 1862 *
1986 1841 2128 1878 dictum
2149 1850 2214 1878 est.
2235 1843 2346 1879 Unde
2367 1856 2452 1879 cum
2483 1852 2491 1859 ·
2504 1849 2554 1870 Af*-
2570 1854 2585 1869 ¹·

1405 1893 1537 1931 dicitur
1569 1901 1768 1943 peccatum
1802 1906 1883 1930 esse
1916 1905 1961 1930 ex
1988 1893 2217 1941 infirmitate,
2250 1895 2369 1943 magis
2401 1903 2456 1932 est

1404 1946 1643 1983 referendum
1664 1946 1712 1983 ad
1731 1945 1988 1983 infirmitatem
2017 1946 2167 1982 animae
2195 1950 2312 1994 quarn
2333 1947 2382 1984 ad
2401 1948 2455 1984 i'n-

1403 1999 1615 2038 firmitatem
1645 1998 1825 2047 corporis.
1850 2019 1874 2026 -
1898 1998 2043 2036 Dicitur
2075 2006 2201 2036 tamen
2230 1999 2343 2036 etiam
2374 1999 2456 2049 ipsa

1403 2051 1599 2088 infirmitas
1628 2050 1777 2087 animae
1798 2050 1995 2087 infirmitas
2016 2051 2147 2098 carnis,
2167 2051 2390 2100 inquantum
2411 2064 2455 2089 ex

1405 2103 1647 2140 condititione
1677 2102 1797 2140 carnis
1815 2102 2011 2152 passiones
2031 2103 2179 2140 animae
2204 2103 2401 2154 insurgunt
2419 2105 2455 2141 in

1404 2155 1525 2202 nobis,
1543 2168 1588 2192 eo
1604 2155 1709 2205 quod
1723 2156 1910 2204 appetitus
1929 2155 2127 2192 sensitivus
2147 2163 2202 2192 est
2214 2156 2332 2193 virtus
2346 2164 2455 2193 utens

1404 2221 1545 2256 organo
1575 2207 1772 2256 corporali.

1457 2263 1515 2297 Ab
1534 2272 1692 2297 TERTIUM
1711 2271 1894 2297 D1CENDUM
1914 2259 2018 2309 quod
2037 2259 2075 2296 in
2094 2267 2275 2308 potestate
2301 2260 2455 2309 quidem

1403 2313 1604 2351 voluntatis
1632 2320 1688 2349 est
1715 2312 1892 2349 assentire
1924 2313 1986 2349 vel
2012 2324 2091 2349 non
2124 2312 2302 2350 assentire
2334 2313 2391 2350 his
2419 2313 2456 2349 in

1405 2378 1502 2414 quae
1530 2365 1655 2413 passio
1684 2364 1856 2402 inclinat:
1886 2371 1922 2401 et
1948 2377 2018 2414 pro
2046 2371 2149 2402 tanto
2179 2364 2311 2402 dicitur
2330 2373 2457 2402 noster

1406 2418 1590 2467 appetitus
1605 2417 1674 2454 sub
1694 2417 1805 2454 nobis
1825 2429 1919 2453 esse.
1941 2417 2018 2453 Sed
2037 2424 2164 2454 tamen
2183 2417 2262 2465 ipse
2282 2429 2455 2454 assensus

1403 2471 1465 2508 vel
1485 2470 1675 2507 dissensus
1694 2469 1897 2506 voluntatis
1916 2469 2120 2518 impeditur
2136 2481 2205 2518 per
2226 2470 2454 2518 passionem,

1405 2523 1522 2560 modo
1550 2522 1743 2571 praedicto
1762 2521 1793 2559 ³³².

2476 1068 2485 1077 ·
2502 1070 2553 1090 Art.
2565 1074 2581 1090 1.

2479 1171 2686 1218 'Can'mmmAfia

2479 1197 2503 1219 S.
2549 1213 2554 1219 .
2570 1198 2620 1220 lect.
2635 1205 2674 1219 xx.

2483 2527 2493 2538 ⁸
2507 2526 2565 2548 lbid.

1072 2685 1388 2728 ARTICULUS
1418 2683 1687 2737 QUARTUS
1719 2683 1722 2702 ¹

820 2776 975 2806 UTRUM
998 2776 1123 2807 AMOR
1146 2776 1212 2807 sur
1237 2776 1303 2807 SIT
1326 2775 1573 2806 PRINCIPIUM
1597 2774 1729 2806 OMNIS
1752 2773 1937 2805 PECCATI

486 2856 559 2886 Infm.
579 2864 623 2889 qu.
637 2864 734 2886 Lxxm,
754 2863 800 2882 art.
816 2865 838 2888 2,
858 2859 890 2882 ad
910 2857 940 2889 3;
959 2858 990 2882 11·
1010 2858 1063 2888 11⁴⁸,

1082 2866 1126 2891 qu.
1139 2866 1195 2888 xm,
1215 2863 1261 2882 art.
1276 2866 1300 2890 7,
1319 2858 1351 2882 ad
1374 2865 1394 2888 13
1415 2865 1459 2890 qu.
1477 2864 1551 2886 cmu,
1570 2861 1616 2880 art.
1632 2855 1654 2887 5,
1675 2856 1706 2880 ad
1727 2855 1756 2887 3;
1775 2856 1795 2880 11
1815 2856 1896 2885 Sent„
1917 2856 1974 2880 dist.
1987 2862 2051 2884 xm,
2071 2862 2114 2887 qu.
2129 2862 2160 2883 ιι,
2180 2859 2226 2879 art.
2243 2862 2263 2884 13

1123 2893 1165 2918 De
1182 2893 1265 2923 Malo,
1287 2901 1330 2925 qu.
1349 2900 1409 2923 vm,
1429 2898 1475 2917 art.
1499 2899 1519 2922 1,
1539 2892 1570 2916 ad
1593 2899 1631 2924 ¹9·

380 2989 389 3012 ;
459 3013 461 3016 .
506 2982 528 3007 D
549 2981 720 3011 QUARTUM
739 2983 792 3008 s1c
810 2983 1048 3009 Paocfimrun.
1069 2971 1228 3009 Videtur
1246 2971 1351 3019 quod

361 3021 369 3067 J
432 3023 483 3083 (3²4
507 3034 616 3059 amor
635 3023 698 3060 suiv
712 3035 790 3060 non
810 3024 856 3060 sit
874 3024 1101 3072 principium
1120 3024 1246 3061 omnis
1264 3035 1352 3072 pec-

312 3078 315 3082 ’
361 3091 430 3119 ρ’,
448 3067 474 3115 '¹6
487 3074 494 3079 “
507 3075 590 3112 cati.
611 3075 654 3112 ld
673 3075 774 3112 enim
793 3077 899 3124 quod
918 3083 974 3113 est
991 3076 1204 3115 secundum
1222 3088 1263 3113 se
1282 3077 1353 3113 bo-

351 3120 447 3162 ᾗῖΨ)
462 3120 494 3163 N
507 3139 601 3164 num
630 3135 666 3164 et
684 3127 872 3175 debitum,
892 3140 970 3166 non
990 3136 1046 3166 est
1064 3129 1216 3178 propria
1238 3141 1352 3165 causa

294 3180 450 3229 peccati.
480 3180 557 3216 Sed
585 3191 696 3216 amor
722 3180 779 3216 sui
806 3187 862 3216 est
894 3180 1104 3218 secundum
1132 3193 1172 3218 se
1205 3181 1352 3218 bonum

297 3240 333 3270 et
352 3233 541 3270 debiturn:
571 3232 674 3269 unde
698 3239 734 3268 et
751 3232 980 3280 praecipitur
1001 3233 1149 3270 homini
1167 3240 1208 3270 ut
1227 3233 1353 3280 diligat

294 3286 513 3334 proximum
533 3284 626 3321 sicut
645 3284 824 3333 seipsum,
844 3285 962 3322 Levit.
981 3296 1042 3321 xlx
1059 3284 1090 3321 *.
1120 3285 1222 3332 Ergo
1244 3297 1353 3322 amor

297 3338 355 3375 sui
381 3350 461 3375 non
487 3345 613 3386 potest
641 3349 722 3374 esse
750 3337 905 3385 propria
933 3349 1046 3374 causa
1072 3337 1227 3385 peccati.

351 3402 386 3427 2.
417 3392 647 3437 PRAETEREA,
677 3390 883 3438 Apostolus
904 3389 1001 3436 dicit,
1021 3391 1132 3426 Rom.
1153 3390 1251 3426 vu*:
1286 3389 1353 3426 Oc-

297 3443 446 3480 casione
472 3448 634 3490 accepta,
658 3448 854 3490 peccatum
877 3453 950 3490 per
977 3442 1195 3479 mandatum
1222 3453 1352 3489 opera-

438 3513 547 3538 Smman
565 3512 666 3536 Tutor..
685 3512 716 3536 D.
731 3511 844 3536 Tamum
863 3511 895 3536 Τ.
914 3511 956 3536 IV.

22 3274 193 3319 ,Pver-AS.

59 3399 70 3410 ¹
83 3397 150 3420 Vero.
167 3398 189 3420 8.

1405 2976 1483 3007 tum
1498 2975 1552 3006 est
1564 2970 1600 3006 in
1617 2982 1676 3006 me
1690 2981 1839 3006 omnem
1853 2969 2203 3015 concupiscentiam:
2217 2967 2283 3004 ubi
2293 2967 2458 3004 Glossa*

1406 3023 1493 3060 dicit
1521 3023 1621 3070 quod
1651 3023 1748 3059 bona
1775 3027 1830 3058 est
1853 3021 1926 3066 lex,
1956 3032 2063 3068 quae,
2091 3020 2179 3056 dum
2199 3020 2458 3067 concupiscen-

1405 3076 1494 3112 tiam
1508 3075 1692 3123 prohibet,
1708 3085 1818 3110 omne
1836 3072 1978 3110 malum
1991 3072 2181 3120 prohihet:
2201 3073 2305 3119 quod
2324 3071 2458 3109 dicitur

1404 3135 1560 3176 propter
1578 3127 1663 3174 hoc,
1683 3126 1771 3174 quia
1798 3124 2100 3172 concupiscentia
2119 3131 2174 3160 est
2193 3136 2307 3161 causa
2333 3124 2458 3161 omnis

1405 3179 1560 3228 peccati.
1599 3179 1675 3215 Sed
1713 3177 2016 3225 concupiscentia
2051 3184 2106 3213 est
2141 3176 2212 3213 alia
2245 3176 2371 3225 passio
2409 3177 2456 3214 ab

1406 3243 1553 3278 amore,
1582 3238 1624 3267 ut
1650 3241 1764 3278 supra
1781 3229 1801 3251 ‘¹‘
1828 3229 1999 3266 habitum
2028 3236 2094 3266 est.
2128 3229 2230 3276 Ergo
2263 3241 2372 3267 amor
2399 3228 2457 3266 sui

1406 3296 1483 3321 non
1513 3290 1567 3319 est
1594 3294 1706 3319 causa
1733 3281 1858 3318 omnis
1884 3281 2039 3329 peccati.

1461 3337 1495 3372 3.
1515 3336 1746 3380 ΡΜΕΤΕΒΕΑ,
1767 3334 2010 3381 Augustinus,
2031 3345 2145 3382 super
2162 3333 2252 3370 illud
2270 3333 2412 3371 Psalmi
2425 3333 2456 3380 *,
2485 3344 2596 3391 ‘vei’s⁸¹'1¹¹¹'
2610 3349 2692 3370 unx,

1405 3389 1564 3425 Incensa
1592 3387 1674 3436 igni
1699 3392 1735 3424 et
1758 3386 1930 3435 suffossa,
1960 3386 2047 3422 dicit
2075 3386 2180 3433 quod
2202 3397 2312 3422 omne
2324 3398 2458 3434 pecca·
2537 3385 2543 3391 ⁴
2568 3376 2588 3397 ⁷*

1406 3446 1483 3476 tum
1512 3445 1565 3476 est
1590 3451 1639 3475 ex
1665 3451 1796 3476 amore
1822 3439 1921 3475 male
1952 3439 2227 3486 inflammante,
2255 3438 2315 3475 vel
2341 3451 2390 3475 ex
2417 3439 2458 3474 ti-

2303 3516 2319 3541 9

2485 2983 2494 2992 ·
2502 2981 2692 3004 ord.e11nternn.

2485 3014 2512 3029 ex
2526 3009 2588 3036 Aug.

2485 3241 2494 3249 ·
2508 3239 2554 3266 Qu.
2567 3246 2632 3266 xxm,
2647 3243 2689 3261 art.

2484 3272 2510 3313 ‘2²³
2526 3272 2564 3294 qu.
2579 3272 2632 3292 xxx,
2648 3270 2690 3288 m.
