2840 4010
110 411 167 439 cap.
184 416 230 432 xxi.

86 1047 96 1058 ·
109 1045 137 1068 D·
152 1046 190 1074 ⁷⁶,
206 1051 243 1074 97-

82 1626 95 1639 ·
106 1624 174 1648 Vero.
189 1632 222 1654 ³⁵·

82 1803 205 1828 ·D.⁶as.

76 2684 90 2696 ⁸
105 2684 135 2707 D.
149 2684 179 2707 68
217 2690 276 2707 1022.

79 2710 180 2768 inss‘i’ai'ss
190 2737 206 2759 ι
216 2711 291 2763 iiiiii:

78 2769 100 2786 c.
110 2769 143 2790 183
153 2763 176 2785 in
187 2767 233 2786 vet.
248 2769 290 2785 111.

103 1835 152 1864 Qu.
162 1841 239 1863 mxxv,
250 1839 293 1858 nrt.

979 168 1244 214 QUAEsrto
1274 169 1376 215 mx,
1406 169 1701 206 ARTICULUS
1730 170 1815 206 vm

324 246 471 282 bonum
495 245 558 281 vel
582 245 736 281 malum.
763 246 811 282 Et
839 246 888 283 ita
915 253 1040 295 potest
1060 247 1180 284 horno
1200 246 1280 283 sine
1300 258 1382 294 gra-

324 298 374 340 tia
400 297 519 334 vitare
548 305 760 346 peccatum.

377 350 452 387 SED
473 361 618 387 CONTRA
642 362 707 388 EST
727 351 831 400 quod
854 352 1087 399 Augustinus
1112 350 1210 398 dicit,
1227 349 1265 387 in
1286 350 1381 387 libro

323 403 369 441 de
399 403 556 450 Perfect.
585 404 703 440 Iustit.
733 403 776 440 ²¹⁶.-
812 404 985 453 Quisquis
1016 410 1132 454 negat
1168 415 1235 440 nos
1270 415 1384 440 orare

323 456 457 492 debere
485 468 531 492 ne
558 456 737 493 intremus
763 458 799 494 in
829 457 1066 494 tentationem
1095 456 1233 505 (negat
1257 461 1381 492 autem

323 509 395 545 hoc
421 509 487 557 qui
504 509 691 546 contendit
711 510 764 546 ad
788 521 863 546 non
881 509 1116 557 peccandum
1143 508 1293 558 gratiae
1310 509 1385 544 Dei

323 561 551 598 adiutorium
571 573 645 598 non
665 573 743 598 esse
760 561 904 598 homini
921 561 1184 607 necessarium,
1203 561 1278 606 sed,
1302 560 1382 597 sola

324 614 407 664 lege
433 619 596 663 accepta,
616 615 822 651 humanam
850 614 1025 661 sufficere
1051 613 1309 662 voluntatem),
1334 614 1383 650 ab

323 667 478 704 auribus
493 667 661 704 omnium
675 667 954 712 removendum,
971 672 1006 703 et
1024 678 1090 703 ore
1104 667 1271 704 omnium
1290 677 1383 702 ana-

324 720 637 768 thematizandum
665 730 743 756 esse
770 730 844 756 non
868 718 1010 756 'dubita
1306 740 1308 742 v

377 773 602 809 RESPONDEO
620 783 804 808 met-:unum
824 772 934 819 quod⁴
946 772 993 809 de
1012 772 1170 809 homine
1187 770 1383 820 dupliciter

324 825 427 874 loqui
446 836 667 874 possumus:
683 836 761 860 uno
777 824 908 870 modo,
926 825 1139 862 secundum
1159 831 1296 861 statum
1317 836 1381 861 na-

323 884 428 914 turae
448 877 630 925 integrae;
649 876 719 913 alio
741 877 871 924 modo,
888 878 1098 915 secundum
1118 885 1255 915 statum
1275 884 1382 913 natu-

323 942 388 967 rae
408 937 616 978 corruptae.
639 929 860 967 Secundum
879 938 1017 968 statum
1046 930 1202 980 quidem
1225 937 1381 967 naturae

323 983 500 1030 integrae,
518 982 632 1020 etiam
652 982 730 1019 sine
750 983 866 1030 gratia
883 983 1076 1031 habituali,
1096 990 1243 1032 poterat
1260 983 1380 1020 horno

323 1047 402 1072 non
420 1047 580 1084 peccare
598 1047 668 1072 nec
692 1036 899 1073 mortaliter
918 1049 988 1073 nec
1015 1036 1211 1073 venialiter
1223 1036 1263 1071 *z
1293 1036 1383 1082 quia

322 1091 481 1136 peccare
501 1087 592 1125 nihil
612 1088 711 1124 aliud
732 1096 786 1126 est
810 1101 927 1137 quam
947 1089 1126 1126 recedere
1145 1089 1193 1126 ab
1213 1100 1260 1124 eo
1276 1090 1381 1136 quod

324 1148 379 1178 est
393 1141 605 1178 secundum
626 1148 814 1189 naturam,
835 1142 939 1191 quod
958 1142 1076 1179 vitare
1095 1142 1214 1179 homo
1233 1148 1382 1190 poterat

323 1193 361 1230 in
389 1193 596 1242 integritate
624 1202 780 1231 naturae
804 1199 831 1232 Υ.
862 1195 954 1232 Non
981 1203 1110 1232 tamen
1137 1195 1212 1231 hoc
1234 1201 1382 1243 poterat

255 1279 266 1282 -
302 1245 568 1284 „sineauxilio
588 1247 660 1284 Dei
679 1247 718 1284 in
738 1248 840 1284 bono
861 1247 1121 1285 conservantis
1134 1247 1172 1284 *ε
1197 1259 1274 1296 quo
1294 1248 1382 1284 sub-

322 1306 452 1350 tracto,
485 1300 598 1336 etiam
627 1300 708 1348 ipsa
737 1308 870 1337 natura
894 1301 931 1337 in
959 1301 1116 1338 nihilum
1145 1300 1344 1337 decideret.

377 1353 419 1389 In
456 1359 552 1389 statu
590 1360 717 1389 autern
746 1351 760 1374 δ
795 1361 949 1390 naturae
988 1361 1207 1403 corruptae,
1242 1353 1383 1401 indIget

322 1405 443 1442 homo
471 1404 591 1453 gratia
618 1405 797 1442 habituali
826 1414 982 1443 sanante
1016 1414 1200 1453 naturam,
1230 1406 1278 1444 ad
1305 1407 1381 1443 hoc

323 1458 425 1506 quod
446 1458 605 1495 omnino
634 1471 656 1494 a
684 1466 840 1506 peccato
870 1459 1064 1497 abstineat.
1087 1460 1197 1507 Quae
1225 1458 1380 1508 quidem

322 1509 467 1548 sanatio
503 1510 629 1559 primo
667 1511 710 1548 fit
745 1511 784 1548 in
825 1513 1013 1560 praesenti
1049 1512 1128 1550 vita
1169 1512 1380 1549 secundum

321 1570 504 1611 mentem,
525 1563 693 1612 appetitu
723 1565 860 1601 carnali
889 1567 1062 1603 nondum
1087 1565 1247 1602 totaliter
1275 1577 1381 1614 repa-

321 1622 424 1652 rato:
443 1592 547 1653 un⁷de
566 1618 785 1665 Apostolus,
806 1619 858 1654 ad
882 1619 994 1655 Rom.
1013 1630 1062 1655 vu
1080 1618 1112 1665 ¹⁸³,
1131 1618 1204 1656 in⁸
1218 1630 1382 1667 persona

321 1668 487 1711 hominis
507 1669 680 1718 reparati,
702 1670 805 1706 dicit.
825 1671 912 1720 Ego
932 1672 1009 1720 ipse
1027 1677 1148 1709 mente
1164 1671 1287 1708 servio
1307 1671 1384 1721 legi

321 1718 415 1767 Dei,
447 1733 562 1759 carne
598 1728 722 1759 autem
751 1723 828 1773 legi
847 1724 1077 1772 peccati.1n
1110 1737 1188 1773 quo
1226 1717 1380 1773 quidem

321 1781 418 1811 statu
436 1782 562 1823 potest
580 1775 700 1812 homo
720 1776 907 1814 abstinere
927 1789 950 1813 a
971 1785 1130 1826 peccato
1151 1777 1163 1804 ζ
1182 1777 1366 1814 mortali*

322 1827 427 1875 quod
451 1827 489 1864 in
515 1828 660 1865 ratione
680 1829 857 1876 consistit,
878 1838 919 1866 ut
942 1841 1056 1879 supra
1075 1829 1095 1852 ’¹‘
1122 1829 1294 1867 habitum
1314 1838 1379 1867 est.

321 1880 413 1916 Non
433 1887 559 1917 autem
587 1888 713 1930 potest
730 1881 850 1918 homo
879 1882 1065 1920 abstinere
1086 1883 1133 1920 ab
1163 1883 1266 1920 omni
1294 1896 1380 1932 pec-

322 1939 406 1970 cato
434 1933 585 1981 veniali,
605 1941 761 1983 propter
790 1935 1073 1984 corruptionem
1102 1935 1286 1973 inferioris
1315 1949 1379 1985 ap-

320 1985 457 2034 petitus
476 1987 735 2034 sensualitatis,
756 1987 861 2025 cuius
889 1996 1018 2026 motus
1038 1988 1205 2037 singulos
1224 1989 1380 2038 quidem

320 2038 414 2075 ratio
448 2039 654 2087 reprimere
689 2047 814 2088 potest
841 2043 902 2087 (et
929 2053 974 2078 ex
1001 2043 1076 2079 hoc
1102 2043 1245 2079 habent
1272 2043 1382 2079 ratio-

320 2102 410 2128 nem
439 2092 583 2140 peccati
612 2100 648 2129 et
673 2093 911 2142 voluntarii),
946 2106 1023 2131 non
1061 2102 1188 2132 autern
1223 2108 1380 2133 omnes:

321 2144 409 2192 quia
439 2144 531 2181 dum
560 2145 626 2182 uni
649 2146 820 2183 resistere
849 2146 986 2194 nititur,
1012 2148 1176 2185 fortassis
1205 2148 1298 2186 alius
1326 2149 1378 2185 in-

321 2197 451 2245 surgit;
483 2204 518 2234 et
547 2198 658 2235 etiam
688 2199 777 2248 quia
796 2205 814 2226 η
843 2199 937 2237 ratio
970 2213 1048 2238 non
1076 2213 1228 2250 semper
1254 2210 1380 2250 potest

322 2262 403 2287 esse
429 2250 588 2299 pervigil
613 2251 663 2288 ad
690 2251 910 2290 huiusmodi
936 2261 1063 2291 motus
1090 2254 1266 2292 vitandos
1285 2254 1320 2300 *;
1340 2264 1382 2293 ut

286 2326 292 2332 ·
320 2315 435 2351 supra
462 2303 482 2324 '¹‘
510 2303 652 2341 dictum
686 2312 752 2341 est.

374 2356 552 2393 Similiter
588 2357 699 2394 etiam
727 2355 740 2378 θ
773 2365 979 2406 antequam
1008 2359 1173 2397 hominis
1201 2361 1312 2408 ratio,
1342 2362 1379 2399 in

319 2421 395 2460 qua
416 2417 471 2445 est
488 2417 688 2458 peccatum
717 2411 888 2459 mortale,
915 2419 1109 2460 reparetur
1126 2425 1195 2462 per
1222 2390 1378 2474 gratiam

320 2461 605 2509 iustificantem,
632 2470 758 2511 potest
786 2463 929 2511 singula
955 2473 1111 2513 peccata
1135 2466 1307 2504 mortalia
1324 2468 1380 2505 vi-

318 2523 413 2563 tare,
433 2522 470 2551 et
489 2516 700 2553 secundum
725 2516 879 2564 aliquod
908 2525 1080 2576 tempuS.
1110 2518 1199 2567 quia
1226 2531 1304 2557 non
1325 2528 1380 2557 est

319 2580 474 2605 necesse
494 2568 599 2616 quod
629 2569 808 2606 continuo
832 2578 964 2618 peccet
991 2570 1029 2607 in
1050 2578 1147 2609 actu.
1169 2572 1246 2609 Sed
1274 2575 1379 2621 quod

319 2621 382 2658 diu
418 2628 572 2657 maneat
604 2622 748 2670 absque
788 2630 944 2670 peccato
982 2624 1151 2671 mortali,
1182 2637 1264 2662 esse
1301 2638 1379 2663 non

317 2681 488 2723 potest.
457 2673 477 2694 ’¹‘
510 2673 621 2710 Unde
642 2681 678 2710 et
697 2675 902 2722 Gregorius
923 2676 1020 2723 dicit,
1041 2688 1153 2725 super
1169 2679 1303 2727 Erech.
1324 2679 1378 2726 **,

319 2725 423 2775 quod
440 2731 638 2773 peccatum
667 2727 768 2774 quod
794 2740 886 2764 mox
905 2740 978 2777 per
1001 2730 1265 2777 poenitentiam
1305 2744 1378 2769 non

318 2778 476 2824 deletur,
495 2790 564 2815 suo
586 2779 756 2837 pondere
780 2780 831 2816 ad
856 2781 960 2818 aliud
983 2782 1105 2819 trahit.
1126 2783 1175 2820 Et
1193 2784 1305 2822 huius
1324 2797 1380 2822 ra-

318 2831 370 2868 tio
391 2838 447 2868 est
474 2831 577 2878 quia,
598 2831 694 2868 sicut
712 2832 847 2869 rationi
872 2834 983 2871 subdi
1004 2835 1116 2872 debet
1134 2836 1288 2874 inferior
1316 2850 1380 2886 ap-

318 2884 478 2932 petitus,
508 2884 558 2920 ita
596 2884 710 2921 etiarn
745 2885 838 2922 ratio
877 2886 990 2924 debet
1018 2888 1127 2925 subdi
1155 2890 1252 2937 Deo,
1279 2898 1314 2927 et
1342 2891 1379 2927 in

370 2988 398 3021 γ)
418 2988 574 3021 integritate
592 2991 744 3013 naturae.-
761 2993 832 3014 statu
853 2994 966 3016 naturae
986 2992 1108 3025 integrae
1126 2994 1171 3018 Ρα.

370 3023 395 3056 δ)
417 3024 445 3048 In
465 3027 537 3049 statu
555 3027 654 3049 autem.
667 3037 686 3042 -
705 3024 741 3049 Et
765 3025 791 3049 in
816 3029 888 3050 statu
914 3027 1072 3059 CGHlpAB,
1092 3028 1146 3053 Sed
1165 3029 1191 3053 in
1210 3033 1283 3054 statu
1310 3030 1377 3054 DFK

318 3059 390 3089 sAB
410 3059 500 3084 Etiam
519 3059 546 3083 in
565 3062 638 3084 statu
658 3059 687 3089 E,
708 3058 790 3092 (spat.
808 3060 878 3094 vac.)
899 3061 925 3086 in
944 3065 1016 3087 statu
1036 3063 1066 3087 L.

371 3095 392 3127 ε)
413 3094 450 3119 in.
467 3109 485 3112 -
503 3098 530 3119 et
548 3094 574 3119 in
594 3094 776 3126 ABDEGHIL,
795 3096 875 3121 etiam
895 3097 921 3120 in
942 3097 970 3122 C.

370 3129 396 3162 ζ)
415 3137 432 3154 a
446 3132 566 3161 peccato.
584 3143 603 3148 -
620 3130 653 3155 ab
672 3130 746 3155 omni
759 3134 869 3162 peccato
889 3131 934 3156 Pa.

371 3166 397 3196 η)
417 3168 444 3189 et
461 3165 541 3189 etiam
560 3165 664 3197 quia.-
676 3166 738 3198 quia
756 3166 836 3190 etiam
856 3166 960 3196 ACDG,
980 3167 1021 3191 vel
1034 3168 1098 3200 quia
1116 3169 1196 3193 etiam
1217 3169 1259 3200 Bl,
1274 3174 1301 3195 et
1314 3170 1377 3202 quia

317 3200 398 3225 etiam
417 3200 542 3225 EFHKL.

370 3234 395 3268 θ)
414 3235 503 3261 etiam.
521 3249 540 3254 -
559 3236 643 3268 igitur
661 3236 841 3261 ABCDHIKL.

2423 171 2495 207 303

1438 248 1520 296 ipso
1542 248 1766 285 constituere
1786 249 1904 286 finem
1925 260 2015 285 suae
2039 248 2253 287 voluntatis.
2275 250 2349 286 Per
2377 250 2496 287 finem

1438 308 1564 337 autern
1586 308 1734 350 oportet
1762 301 1867 360 quod
1894 302 2110 350 regulentur
2134 314 2269 338 omnes
2298 310 2403 339 actus
2427 303 2496 339 hu-

1438 354 1559 390 mani:
1590 354 1684 390 sicut
1701 366 1770 402 per
1789 354 1942 391 rationis
1962 354 2144 392 iudicium
2173 355 2331 403 regulari
2357 355 2498 392 debent

1438 413 1564 442 motus
1583 406 1769 444 inferioris
1788 407 1984 466 appetitus
2002 407 2106 445 Sicut
2125 419 2226 467 ergo,
2246 407 2412 444 inferiori
2432 421 2497 456 ap-

1438 459 1555 505 petitu
1583 471 1661 495 non
1698 459 1859 496 totaliter
1886 459 2055 497 subiecto
2085 460 2236 507 rationi,
2265 473 2344 497 non
2373 468 2497 509 potest

1438 522 1520 546 esse
1549 511 1639 559 quin
1669 512 1886 571 contingant
1920 513 2118 550 inordinati
2155 521 2282 550 motus
2310 513 2348 550 in
2381 525 2496 562 appe-

1438 562 1503 599 titu
1533 564 1732 610 sensitivo;
1763 565 1812 601 ita
1841 565 1965 612 etiam,
1997 566 2141 604 ratione
2177 566 2343 604 hominis
2381 578 2460 603 non
2488 573 2495 587 ‘

1439 615 1616 653 existente
1637 617 1804 654 subiecta
1833 619 1930 666 Deo,
1952 631 2190 668 consequens
2211 626 2266 656 est
2283 627 2324 656 ut
2352 619 2496 656 contin-

1437 675 1526 715 gant
1544 670 1685 706 multae
1709 669 2006 708 inordinationes
2034 672 2072 709 in
2095 671 2184 720 ipsis
2212 672 2357 709 actibus
2386 671 2495 709 ratio-

1438 721 1506 758 nis.
1537 722 1636 758 Cum
1674 722 1775 758 enim
1803 724 1922 760 homo
1951 736 2029 761 non
2057 725 2171 761 habet
2199 737 2264 762 cor
2291 737 2403 762 suum
2432 726 2494 762 fir-

1438 781 1583 810 matum
1610 774 1648 810 in
1677 776 1773 822 Deo,
1795 783 1835 811 ut
1862 788 1931 824 pro
1955 778 2058 813 nullo
2088 778 2191 814 bono
2222 778 2494 826 consequendo

1436 827 1498 862 vel
1518 827 1619 863 malo
1639 827 1794 864 vitando
1816 829 1863 864 ab
1884 841 1930 864 eo
1952 830 2115 878 separari
2142 831 2271 877 vellet;
2293 838 2495 867 occurrunt

1438 879 1555 915 multa
1569 887 1724 928 propter
1738 892 1834 928 quae
1851 882 2119 930 consequenda
2130 884 2191 920 vel
2206 883 2360 920 vitanda
2373 884 2493 920 homo

1438 931 1578 968 recedit
1606 945 1628 968 a
1655 933 1740 969 Deo
1770 936 2049 971 contemnendo
2074 944 2274 984 praecepta
2302 936 2430 985 ipsius,
2459 944 2495 973 et

1437 983 1486 1020 ita
1510 993 1641 1032 peccat
1659 985 1883 1023 mortaliter.
1906 987 2108 1035 praecipue
2129 988 2215 1036 quia
2235 989 2272 1025 in
2292 989 2494 1037 repentinis

1437 1037 1555 1073 homo
1584 1045 1764 1085 operatur
1788 1040 1999 1076 secundum
2021 1040 2139 1077 finem
2159 1050 2492 1090 praeconceptum,

1438 1097 1474 1125 et
1493 1091 1702 1127 secundum
1723 1091 1894 1128 habitum
1919 1093 2244 1152 praeexistentem,
2264 1102 2304 1130 ut
2324 1094 2494 1131 Philoso-

1436 1143 1535 1190 phus
1551 1142 1648 1190 dicit,
1670 1143 1707 1180 in
1728 1144 1777 1180 III
1797 1145 1916 1181 Ethic.
1932 1145 1967 1192 *;
1988 1146 2164 1194 quamvis
2184 1159 2229 1183 ex
2246 1147 2494 1196 praemedita-

1437 1195 1538 1232 tione
1567 1195 1721 1233 rationis
1748 1197 1868 1233 homo
1892 1198 2011 1246 possit
2039 1199 2179 1247 aliquid
2206 1212 2317 1247 agere
2344 1208 2493 1248 praeter

1438 1249 1610 1285 ordinem
1639 1249 1725 1286 finis
1750 1251 2028 1300 praeconcepti,
2051 1260 2085 1288 et
2112 1259 2261 1300 praeter
2288 1253 2494 1290 inclinatio-

1437 1314 1525 1338 nem
1554 1302 1715 1339 habitus.
1738 1303 1814 1339 Sed
1834 1303 1920 1351 quia
1940 1305 2058 1341 homo
2087 1317 2164 1342 non
2189 1313 2314 1354 potest
2342 1318 2494 1354 semper

1437 1367 1519 1391 esse
1549 1355 1585 1391 in
1614 1355 1675 1391 tali
1703 1356 2059 1404 praemeditatione,
2087 1370 2165 1394 non
2194 1366 2318 1407 potest
2351 1359 2493 1396 contin-

1437 1420 1524 1455 gere
1551 1415 1592 1444 ut
1613 1408 1675 1444 diu
1703 1417 1926 1456 permaneat
1955 1410 2045 1458 quin
2074 1418 2250 1459 operetur
2279 1412 2491 1449 secundum

1438 1461 1749 1509 consequentiam
1760 1467 1776 1482 κ
1790 1462 1993 1499 voluntatis
2009 1463 2252 1500 deordinatae
2268 1476 2289 1500 a
2304 1465 2402 1512 Deo,
2423 1465 2492 1501 nisi

1438 1514 1509 1550 cito
1529 1526 1597 1562 per
1624 1514 1782 1562 gratiam
1811 1515 1859 1551 ad
1889 1515 2058 1552 debitum
2087 1516 2260 1553 ordinem
2285 1525 2489 1565 reparetur.

1490 1569 1547 1603 Ab
1576 1578 1712 1604 PR1MUM
1745 1579 1842 1604 ERGO
1871 1579 2054 1605 mCENDUM
2086 1570 2190 1616 quod
2219 1570 2338 1606 homo
2367 1578 2491 1618 potest

1435 1619 1553 1656 vitare
1583 1620 1748 1667 singulos
1769 1627 1872 1656 actus
1900 1621 2064 1669 peccati:
2086 1634 2163 1658 non
2192 1629 2320 1659 tamen
2345 1635 2491 1670 ornnes,

1437 1672 1506 1708 nisi
1531 1685 1600 1720 per
1627 1673 1796 1720 gratiam,
1819 1681 1859 1709 ut
1887 1674 2027 1710 dictum
2058 1682 2112 1711 est
2130 1674 2160 1712 ³⁸.
2182 1676 2231 1711 Et
2249 1683 2378 1713 tamen
2406 1675 2493 1725 quia
2520 1687 2568 1708 ‘111
2585 1693 2690 1714 corpore-

1437 1738 1482 1761 ex
1518 1725 1598 1762 eius
1627 1726 1776 1762 defectu
1810 1734 1864 1763 est
1898 1727 2002 1775 quod
2029 1728 2149 1765 homo
2185 1740 2224 1764 se
2258 1728 2307 1765 ad
2334 1729 2491 1776 gratiam

1435 1778 1652 1815 habendam
1681 1791 1759 1815 non
1795 1788 2014 1838 praeparet,
2043 1792 2112 1828 per
2139 1779 2153 1803 λ
2179 1781 2254 1817 hoc
2281 1794 2304 1818 a
2335 1790 2491 1829 peccato

1436 1843 1513 1867 non
1543 1839 1752 1880 excusatur,
1773 1832 1879 1881 quod
1907 1832 1987 1869 sine
2006 1834 2126 1896 gratia
2150 1841 2349 1882 peccatum
2374 1834 2491 1871 vitare

1436 1896 1513 1920 non
1541 1891 1676 1933 potest.

1489 1939 1547 1974 An
1567 1949 1755 1974 SECUNDUM
1769 1948 1953 1975 DtCENDUM
1972 1939 2076 1987 quod
2093 1939 2278 1988 correptio
2294 1945 2311 1968 μ
2326 1940 2423 1976 utilis
2439 1948 2494 1977 est
2619 1944 2636 1968 μ

1437 1996 1475 2026 ut
1501 2002 1551 2026 ex
1577 1990 1705 2027 dolore
1733 1991 1975 2038 correptionis
2001 1992 2172 2028 voluntas
2201 1994 2493 2042 regenerationis

1435 2043 1591 2080 oriatur.
1612 2044 1654 2080 Si
1670 2049 1793 2080 tamen
1822 2044 1886 2091 qui
1912 2045 2114 2092 corripitur
2133 2045 2240 2092 filius
2265 2051 2319 2082 est
2330 2047 2491 2094 promis-

1434 2097 1564 2133 sionis:
1584 2102 1633 2142 ut,
1648 2096 1799 2144 strepitu
1814 2097 2057 2145 correptionis
2070 2098 2282 2144 forinsecus
2299 2099 2493 2135 insonante

1435 2161 1481 2186 ac
1495 2154 1507 2170 ⁹
1518 2149 1751 2199 flagellante,
1772 2150 1876 2186 Deus
1899 2150 1936 2186 in
1957 2150 2019 2187 illo
2038 2151 2256 2188 intrinsecus
2275 2152 2418 2188 occulta
2438 2152 2492 2188 in·
2617 2159 2629 2174 V

1434 2203 1635 2250 spiratione
1654 2207 1827 2250 operetur
1845 2208 1879 2239 et
1896 2202 2008 2246 velle,·
2027 2211 2068 2240 ut
2086 2203 2316 2251 Augustinus
2337 2204 2435 2251 dicit,
2454 2204 2492 2241 in

1434 2255 1529 2292 libro
1553 2255 1598 2292 de
1621 2255 1789 2303 Corrept.
1809 2261 1844 2291 et
1866 2255 1970 2292 Grat.
1991 2255 2022 2292 ²⁸.
2053 2256 2143 2293 Ideo
2164 2269 2252 2304 ergo
2282 2257 2493 2294 necessaria
2519 2272 2529 2282 ⁸
2545 2271 2602 2298 cap.
2617 2277 2648 2292 νι.

1436 2316 1490 2345 est
1518 2308 1716 2356 correptio,
1738 2307 1827 2355 quia
1849 2309 2025 2345 voluntas
2044 2309 2208 2346 hominis
2227 2310 2426 2359 requiritur
2444 2311 2493 2347 ad

1434 2362 1508 2398 hoc
1523 2361 1628 2409 quod
1643 2373 1664 2397 a
1678 2368 1836 2409 peccato
1856 2362 2051 2398 abstineat.
2069 2363 2145 2399 Sed
2160 2370 2289 2399 tamen
2305 2363 2490 2411 correptio

1435 2427 1512 2451 non
1540 2421 1596 2450 est
1623 2413 1813 2450 sufficiens
1842 2413 1922 2451 sine
1950 2414 2021 2451 Dei
2041 2414 2198 2451 auxilio:
2226 2416 2328 2452 unde
2357 2415 2491 2453 dicitur

1433 2467 1555 2504 Eccle.
1576 2478 1623 2503 vu
1639 2466 1673 2503 *z
1700 2467 1904 2504 Considera
1924 2479 2038 2516 opera
2057 2468 2141 2514 Dei,
2163 2469 2264 2516 quod
2282 2480 2390 2505 nemo
2403 2481 2491 2516 pos-

1432 2521 1479 2557 sit
1504 2520 1698 2569 corrigere
1725 2531 1835 2567 quem
1863 2519 1923 2556 ille
1949 2521 2168 2568 despexerit.

1486 2575 1544 2609 AD
1572 2583 1731 2609 TER'rmM
1763 2584 1947 2610 DICENDUM
2006 2574 2105 2620 uod,
2135 2574 2229 2610 sicut
2256 2574 2488 2621 Augustinus

2521 1159 2616 1207 ’δεῖμ’
2601 1166 2650 1186 νιιι,
2658 1166 2679 1182 n.
2686 1167 2714 1188 15
2721 1171 2732 1176 -

2619 1191 2662 1208 CCI.
2675 1193 2731 1210 xv.

2616 1774 2633 1800 λ

2519 2482 2529 2492 ⁸
2544 2481 2608 2503 Vers.
2625 2488 2656 2507 ¹4-

1438 2626 1534 2672 dicit‚
1569 2625 1606 2661 in
1634 2626 1877 2675 Hypognost.
1905 2625 1942 2673 *,
1971 2627 2133 2663 verbum
2162 2626 2252 2663 illud
2275 2626 2488 2685 intelligitur
2517 2640 2587 2660 -ιιι,
2597 2640 2634 2663 ιιι
2643 2645 2694 2667 cap
2703 2646 2726 2661 ιι.

1436 2679 1483 2716 de
1511 2678 1667 2715 homine
1703 2678 1914 2715 secundum
1944 2686 2080 2715 statum
2115 2687 2268 2716 naturae
2302 2678 2488 2726 integrae,
2516 2666 2726 2719 Αἰξιᾶῗ““””’“’

1435 2731 1589 2780 quando
1611 2731 1782 2767 nondum
1802 2738 1881 2768 erat
1895 2743 2027 2768 servus
2046 2732 2200 2780 peccati,
2221 2731 2322 2768 unde
2341 2739 2489 2780 poterat

1435 2796 1594 2833 peccare
1623 2791 1659 2820 et
1682 2796 1761 2820 non
1783 2796 1953 2832 peccare.
1971 2806 1994 2811 -
2015 2777 2129 2821 Nunc
2149 2785 2260 2821 etiam
2281 2785 2491 2832 quodcum-

1436 2849 1510 2885 que
1538 2837 1619 2873 vult
1645 2837 1775 2883 homo,
1805 2838 1914 2874 datur
1943 2837 1987 2874 ei.
2018 2837 2095 2874 Sed
2122 2838 2196 2874 hoc
2219 2838 2323 2886 quod
2343 2838 2489 2874 bonum

1435 2890 1537 2936 velit,
1567 2890 1682 2926 hahet
1710 2901 1755 2925 ex
1783 2889 1919 2926 auxilio
1947 2890 2098 2937 gratiae.

1486 2995 1503 3026 ι)
1524 3002 1585 3020 non.
1604 3008 1622 3013 ·-
1642 2995 1760 3019 totaliter
1779 2995 1876 3018 addunt
1895 2994 1940 3019 Pa.
2080 2986 2083 3001 ¹

1484 3031 1508 3060 κ)
1528 3030 1781 3061 consequentiam-
1762 3029 2003 3054 -convenientiam
2024 3029 2198 3062 lsB,9rtt1'am
2218 3030 2414 3060 ACDEFGHL,
2429 3038 2491 3056 con-

1431 3066 1590 3098 tingentiam
1612 3065 1660 3089 PB.

1483 3099 1510 3132 λ)
1525 3103 1683 3132 praeparat,
1700 3107 1759 3131 per.
1777 3112 1796 3119 —
1808 3102 1989 3131 praepararet
2003 3103 2118 3131 propter
2136 3099 2212 3124 Pa.-
2224 3100 2275 3125 Pro
2289 3102 2368 3133 quod,
2383 3102 2445 3142 quia
2461 3103 2491 3127 E.

1484 3135 1511 3168 μ)
1531 3134 1703 3166 correptio.—
1685 3134 1846 3159 —correctio
1857 3134 1957 3158 codices
1973 3133 1997 3158 e't
2009 3142 2026 3158 a
2041 3134 2080 3158 hic
2095 3139 2120 3158 et
2134 3134 2210 3165 infra3
2224 3135 2285 3160 item
2302 3132 2491 3166 correctionis,·

1431 3171 1456 3195 in
1477 3170 1543 3194 libro
1564 3170 1596 3194 de
1616 3169 1792 3194 Correctione.

1483 3205 1507 3238 ν)
1527 3212 1566 3229 αε.
1585 3219 1603 3223 -
1621 3208 1669 3228 aut
1687 3204 1952 3229 PBCDEFGHIKLa.

994 3290 1326 3325 Commentaria
1348 3293 1598 3325 cardinalis
1619 3292 1819 3324 Caietani

322 3364 369 3426 IN
393 3354 524 3385 articulo
542 3362 654 3385 octavo
671 3354 812 3385 eiusdem
829 3355 1031 3396 quaestionis,
1053 3356 1186 3386 dubium
1202 3357 1306 3398 primo
1326 3368 1378 3389 oc-

1434 3358 1519 3388 enim
1542 3365 1664 3397 poterat
1688 3368 1724 3388 ex
1739 3358 1934 3389 naturalibus
1957 3357 2088 3397 implere
2111 3367 2315 3400 praeceptum
2339 3361 2490 3396 caritatis,

350 3397 445 3429 currit
469 3398 547 3429 circa
563 3398 658 3429 illud:
675 3399 811 3429 Homo
802 3409 835 3429 in
856 3406 937 3430 statu
955 3407 1083 3430 naturae
1100 3400 1236 3440 integrae
1256 3408 1378 3442 poterat
1433 3402 1564 3438 scilicet,
1589 3403 1715 3443 Diliges
1737 3403 1910 3433 Dominum
1926 3402 2031 3433 Deum
2055 3408 2158 3442 tuum,
2175 3411 2205 3435 et
2228 3404 2351 3441 similia,
2368 3412 2403 3435 ut
2418 3413 2491 3436 sunt

319 3441 415 3482 vitare
444 3443 552 3473 omnia
584 3450 713 3483 peccata
736 3452 772 3473 ex
795 3442 860 3473 suis
891 3443 1096 3474 naturalibus.
1126 3444 1288 3481 Quoniam
1312 3455 1376 3476 non
1432 3453 1597 3486 praecepta
1621 3446 1767 3483 caritatis;
1794 3454 1828 3477 ut
1852 3454 1936 3486 patet
1953 3456 1989 3477 ex
2015 3447 2104 3478 dictis
2119 3446 2146 3478 ἦ
2171 3448 2256 3498 firgo
2281 3459 2346 3479 non
2370 3455 2525 3488 poterat·
2541 3457 2591 3477 An
2606 3463 2630 3482 ⁴·

319 3492 442 3526 poterat
456 3487 552 3517 vitare
569 3493 695 3527 peccata
712 3486 893 3518 omissionis
909 3495 1149 3528 praeceptorum
1165 3489 1290 3528 gratiae.
1304 3489 1377 3519 Non
1432 3499 1468 3520 ex
1492 3490 1685 3520 naturalibus
1708 3490 1806 3521 vitare
1829 3498 1994 3531 peccatum
2018 3491 2196 3535 omissionis
2221 3493 2341 3524 talium
