2840 4010
118 1239 127 1248 ·
142 1238 192 1259 Art.
210 1237 315 1265 praeced.

353 188 425 236 296

1036 180 1301 227 QUAEsrio
1332 179 1434 225 mx,
1464 177 1760 214 ARTICULUS
1790 178 1839 213 111

1023 301 1355 335 Commentaria
1377 299 1628 332 Cardinalis
1649 299 1850 332 Caietam

386 409 405 429 N
420 398 551 429 articulo
565 395 657 427 tertio
675 393 814 424 eiusdem
831 390 1123 421 centesimaenonae
1135 387 1338 428 quaestionis,
1356 387 1412 417 du-

357 412 474 473 Ibium
498 439 632 471 occurrit
656 439 693 468 de
715 434 917 467 conclusione
935 440 964 463 et
980 433 1100 463 ratione
1116 432 1192 462 eius.
1217 432 1265 461 De
1285 431 1412 461 conclu-

355 488 443 517 sione
467 485 605 526 quidem,
624 481 698 522 quia
713 480 789 510 falsa
805 478 937 508 videtur.
961 477 1044 507 Nam
1062 477 1162 506 homo
1179 485 1236 516 pro
1253 481 1335 506 statu
1350 475 1411 506 isto

355 537 459 571 potest
481 539 517 558 ex
536 527 600 557 suis
617 523 808 555 naturalibus
832 521 916 557 solis,
932 521 1012 551 idest
1035 521 1153 560 absque
1169 519 1276 559 gratia,
1294 529 1411 559 cogno-

355 584 437 605 scere
461 572 549 613 quod
572 571 658 600 Deus
682 574 727 598 est
750 565 930 596 naturaliter
953 564 1109 605 diligibilis
1129 573 1224 604 super
1247 563 1355 594 omnia
1374 564 1412 594 ab

354 617 502 652 homine,
531 621 566 644 ut
588 618 682 652 patet.
704 611 744 641 Et
771 610 834 640 hoc
864 608 1010 648 cognito,
1039 614 1144 648 potest
1174 607 1350 638 consentire
1380 607 1413 637 in

354 668 459 691 actum
488 657 637 697 diligendi
668 656 790 690 Deum,
822 659 857 684 ut
886 652 983 683 finem
1011 652 1186 683 naturalem
1216 651 1354 682 universi
1383 658 1414 684 et

356 704 511 738 omnium,
528 710 623 741 super
646 699 764 734 omnia,
780 705 932 738 tanquam
957 706 1121 727 summum
1138 695 1285 726 omniurn
1309 696 1412 726 bono—

354 758 426 779 rum
449 757 467 776 a
490 755 555 786 quo
579 750 653 774 sunt
676 743 784 773 omnia
809 742 902 772 bona.

409 792 449 822 Et
473 789 677 821 confirmatur
704 787 775 817 hoc.
797 785 881 823 Quia
907 785 988 815 sicut
1011 791 1116 824 potest
1139 785 1240 815 homo
1266 784 1299 814 in
1327 790 1411 814 statu

354 836 414 866 isto
434 834 532 865 alium
555 839 662 864 actum
685 829 845 862 moraliter
868 830 991 860 bonum
1015 828 1125 865 facere,
1150 835 1227 870 puta
1243 835 1351 859 actum
1366 828 1413 858 iu-

356 879 464 915 stitiae,
488 877 649 908 reddendo
674 874 761 906 alteri
776 873 900 904 homini
916 873 1005 914 quod
1021 873 1066 903 illi
1086 873 1229 909 debetur;
1252 872 1295 903 ita
1310 878 1416 912 potest

354 923 481 954 reddere
504 922 573 952 Deo
598 921 683 951 hunc
707 925 813 950 actum
833 917 981 958 diligendi
998 923 1028 947 et
1044 916 1285 956 magnifaciendi
1308 916 1415 956 ipsum

354 977 449 1007 super
471 965 588 996 omnia.
613 967 712 995 Actus
737 962 822 993 enirn
845 961 975 1003 quidam
998 961 1193 1001 particularis
1218 967 1264 991 est
1283 960 1340 991 iste
1356 961 1414 991 sub

354 1010 466 1042 morali
489 1010 587 1046 bono,
612 1008 694 1039 sicut
717 1013 747 1038 et
770 1006 902 1048 quilibet
924 1005 1014 1036 alius.

409 1055 446 1085 11.
470 1054 518 1086 De
541 1053 662 1084 ratione
686 1058 807 1087 autern,
831 1050 907 1091 quia
930 1049 1054 1080 medius
1077 1049 1230 1080 terminus
1258 1049 1291 1079 in
1313 1049 1415 1080 littera

356 1106 402 1130 est
425 1098 500 1140 quia
523 1098 649 1138 diligere
672 1096 777 1127 Deum
798 1104 892 1135 super
915 1094 1024 1124 omnia
1049 1100 1095 1124 est
1114 1103 1196 1133 opus
1213 1093 1416 1124 connaturale

355 1143 489 1174 homini.
510 1142 542 1173 Si
557 1142 642 1172 enim
657 1141 734 1171 haec
749 1139 828 1170 ratio
844 1139 969 1174 valeret,
986 1145 1169 1178 sequeretur
1185 1138 1274 1178 quod
1289 1137 1416 1168 nullum

357 1197 439 1228 opus
464 1185 666 1217 connaturale
688 1183 811 1214 homini
834 1181 934 1223 possit
957 1181 1057 1212 homo
1080 1181 1113 1211 in
1137 1187 1218 1212 statu
1233 1181 1294 1212 isto
1312 1191 1348 1211 ex
1363 1191 1416 1211 na-

356 1231 508 1262 turalibus
528 1228 692 1271 perficere:
718 1227 807 1258 cuius
824 1225 1010 1267 oppositum
1027 1225 1146 1255 dictum
1172 1231 1218 1255 est
1232 1224 1260 1256 θ.
1273 1225 1314 1255 Et
1327 1225 1352 1255 si
1372 1225 1416 1255 di-

356 1282 444 1306 catur
467 1274 555 1315 quod
577 1273 610 1303 in
633 1272 734 1303 littera
757 1270 939 1310 adiungitur
963 1269 1082 1310 aliquid
1099 1269 1185 1299 aliud
1201 1269 1275 1300 huic
1299 1269 1415 1306 medio,

357 1320 435 1350 dum
458 1317 659 1358 subiungitur
681 1316 770 1356 quod
785 1315 825 1345 ab
847 1315 907 1345 hoc
924 1314 1017 1344 homo
1041 1313 1146 1354 deficit
1163 1313 1338 1344 secundum
1361 1323 1417 1354 ap-

350 1364 484 1404 petitum
503 1362 674 1394 voluntatis
688 1359 858 1396 naturalis,
875 1368 957 1399 quae
965 1362 1101 1399 propter
1112 1358 1347 1398 corruptionem
1361 1368 1417 1388 na-

356 1413 450 1438 turae
465 1407 610 1447 sequitur
632 1405 747 1436 bonum
761 1405 940 1444 privatum,
957 1403 1019 1433 nisi
1033 1406 1168 1433 sanetur
1176 1411 1240 1442 per
1251 1403 1396 1442 gratiam
1404 1410 1418 1440 ,·

356 1452 398 1482 ita
425 1452 513 1492 quod
537 1450 584 1480 vis
607 1448 703 1479 medii
732 1446 875 1478 consistit
901 1446 934 1477 in
965 1447 1026 1476 hoc
1056 1445 1145 1487 quod
1172 1453 1218 1476 est
1241 1456 1307 1476 esse
1335 1456 1417 1487 opus

357 1495 559 1526 connaturale
583 1492 706 1524 homini
731 1502 748 1522 a
771 1501 837 1532 quo
861 1490 966 1521 deficit
988 1496 1099 1520 natura
1124 1497 1286 1530 corrupta:
1311 1491 1337 1520 si
1358 1491 1415 1527 sic,

356 1540 498 1580 inquam,
519 1539 649 1574 dicatur,
675 1535 884 1567 committitur
902 1534 1012 1575 pen‘tio
1037 1533 1197 1575 principii,
1219 1534 1257 1564 ad
1281 1535 1417 1575 proban-

357 1584 435 1614 dum
451 1583 540 1624 quod
562 1583 595 1613 in
619 1588 701 1612 statu
726 1587 855 1611 naturae
875 1586 1040 1619 corruptae
1056 1578 1156 1608 homo
1173 1588 1238 1609 non
1253 1586 1359 1619 potest
1373 1580 1418 1610 di-

355 1628 451 1668 ligere
474 1628 579 1658 Deum
603 1635 698 1666 super
721 1624 840 1655 omnia.
864 1624 947 1654 Nam
970 1623 1002 1653 in
1027 1623 1205 1663 praemissis
1229 1630 1356 1663 oportet
1370 1634 1419 1654 as-

357 1681 481 1703 sumere
504 1671 593 1712 quod
617 1670 743 1710 diligere
767 1669 872 1699 Deum
891 1674 937 1698 est
956 1668 1160 1698 connaturale
1183 1677 1201 1697 a
1224 1677 1290 1708 quo
1314 1667 1419 1699 deficit

357 1722 504 1756 corrupta
527 1722 654 1746 natura:
679 1713 766 1754 quod
791 1719 837 1743 est
859 1712 1071 1753 probandum.

412 1760 464 1791 111.
479 1759 530 1790 Ad
553 1757 742 1789 evidentiam
764 1757 860 1787 huius
884 1755 982 1792 dubii,
1002 1756 1219 1796 praenotanda
1242 1762 1317 1786 sunt
1340 1756 1416 1787 duo.

356 1804 474 1840 Primo,
499 1803 588 1844 quod
611 1802 738 1842 diligere
761 1802 868 1832 Deum
891 1809 986 1840 super
1005 1800 1114 1830 omnia
1138 1800 1188 1830 hic
1205 1800 1342 1831 sumitur
1356 1810 1414 1840 pro

358 1855 430 1880 actu
454 1848 604 1883 secundo,
629 1846 684 1887 qui
709 1852 755 1876 est
778 1854 892 1881 amare,
910 1844 1078 1875 terminato
1098 1845 1137 1874 ad
1153 1845 1258 1875 Deum
1274 1854 1340 1875 non
1359 1845 1417 1875 im-

357 1893 472 1934 plicite,
496 1892 551 1922 sed
574 1890 788 1931 explicite,·ex
811 1889 931 1920 ratione
954 1888 1061 1929 ipsum
1085 1895 1281 1920 monstrante
1303 1889 1418 1919 volun-

357 1937 422 1968 tati.
447 1937 488 1968 Et
506 1942 672 1976 propterea
695 1934 820 1965 adverte
841 1939 931 1964 caute
947 1933 1036 1974 quod
1059 1943 1125 1963 non
1140 1940 1186 1964 est
1203 1933 1289 1964 idem
1304 1933 1419 1964 habere

357 1982 463 2012 Deum
495 1990 553 2020 pro
585 1979 700 2010 ultimo
728 1978 790 2008 fine
820 1977 951 2008 alicuius
975 1984 1078 2013 actus;
1103 1984 1134 2007 et
1156 1976 1283 2018 diligere
1313 1977 1419 2008 Deum

358 2035 452 2066 super
475 2024 593 2055 omnia.
610 2023 694 2060 Quia
710 2022 749 2052 ad
765 2022 843 2052 illud
860 2020 975 2052 sufficit
988 2021 1140 2061 implicite
1158 2021 1229 2051 ferri
1245 2021 1277 2051 in
1294 2021 1416 2052 Deum:

359 2070 398 2099 ad
421 2069 482 2099 hoc
506 2068 674 2109 requiritur
696 2066 839 2107 explicite
862 2065 933 2096 ferri
958 2065 991 2095 in
1013 2065 1131 2106 ipsum.

413 2114 466 2144 IV.
483 2112 640 2148 Secundo,
661 2111 750 2152 quod
779 2110 906 2150 diligere
933 2110 1039 2140 Deum
1063 2119 1157 2149 super
1180 2109 1289 2140 omnia
1312 2115 1419 2150 potest

359 2157 523 2198 dupliciter
546 2156 744 2196 contingere:
769 2164 835 2186 uno
860 2154 970 2190 modo,
993 2153 1191 2194 simpliciter;
1216 2154 1279 2185 alio
1304 2154 1415 2190 modo,

359 2201 535 2242 secundum
557 2206 755 2241 praesentem
774 2205 901 2230 statum.
918 2198 1054 2238 Diligere
1069 2198 1175 2229 Deum
1199 2208 1295 2239 super
1310 2198 1418 2230 omnia

360 2245 550 2286 simpliciter,
570 2251 615 2275 est
634 2245 739 2275 Deum
763 2243 889 2284 diligere
906 2249 942 2273 ut
956 2241 1053 2273 finem
1077 2241 1234 2279 omnium,
1250 2242 1331 2273 idest
1347 2252 1419 2284 pro-

359 2296 428 2329 pter
451 2298 548 2330 quem
572 2288 679 2328 diligat
702 2287 820 2318 omnia.
845 2286 981 2326 Diligere
1004 2287 1111 2317 Deum
1135 2295 1229 2326 super
1248 2286 1357 2317 omnia
1373 2296 1419 2318 se-

359 2333 501 2364 cundum
529 2339 726 2373 praesentem
754 2338 889 2367 statum,
915 2337 960 2361 est
985 2330 1111 2371 diligere
1135 2330 1240 2361 Deum
1265 2338 1301 2362 ut
1323 2329 1419 2361 finem

360 2377 507 2408 omnium
530 2376 734 2407 referibilium
756 2376 789 2406 in
812 2376 919 2416 ipsum
942 2375 1058 2406 Deum.

416 2421 621 2452 Conveniunt
643 2421 675 2451 hi
699 2421 764 2451 duo
788 2419 876 2450 modi
901 2419 1050 2459 diligendi
1073 2419 1179 2449 Deum
1197 2429 1294 2459 super
1309 2419 1419 2451 omnia

359 2466 391 2496 in
416 2466 552 2496 duobus.
569 2465 687 2501 Primo,
711 2465 744 2495 in
767 2464 829 2495 hoc
848 2464 935 2504 quod
955 2470 1028 2494 sunt
1044 2470 1209 2504 praecepta
1225 2463 1419 2495 affirmativa.

360 2510 516 2546 Secundo,
529 2510 562 2540 in
572 2509 633 2540 hoc
649 2509 738 2550 quod
754 2508 879 2549 utrique
892 2513 1045 2547 repugnat
1061 2507 1188 2547 diligere
1200 2507 1319 2549 aliquid
1334 2507 1419 2539 aliud

360 2565 378 2584 a
400 2554 470 2584 Deo
495 2560 530 2584 ut
553 2553 703 2584 ultimum
726 2552 823 2583 finem
847 2551 1076 2592 cuiuscumque
1100 2557 1197 2587 actus,
1222 2559 1257 2583 ut
1279 2557 1374 2592 patet.

415 2597 570 2628 Differunt
600 2604 706 2628 autem
729 2597 762 2627 in
790 2597 870 2633 hoc,
895 2596 983 2636 quod
1011 2595 1116 2636 primo
1146 2596 1246 2626 modo
1270 2596 1420 2636 diligendi

360 2643 466 2672 Deum
482 2651 576 2682 super
592 2642 700 2672 omnia
712 2647 867 2681 repugnat
883 2649 980 2670 omne
994 2640 1116 2670 malum
1132 2640 1259 2679 culpae;
1278 2640 1418 2671 secundo

361 2694 477 2723 autem,
495 2696 570 2716 non.
590 2686 640 2716 Ad
665 2685 847 2716 habendum
870 2694 1009 2725 namque
1028 2691 1134 2714 actum
1149 2684 1298 2724 diligendi
1314 2685 1420 2715 Deum

361 2741 455 2771 super
485 2730 593 2760 omnia
616 2729 812 2770 simpliciter,
838 2735 963 2769 oportet
995 2728 1103 2759 omnia
1130 2738 1187 2759 sua
1210 2728 1323 2759 habere
1347 2728 1420 2760 talia

362 2781 396 2805 ut
420 2775 541 2815 possint
564 2774 596 2804 in
619 2774 725 2805 Deum
748 2773 863 2804 referri.
888 2773 920 2803 Si
944 2772 1029 2803 enim
1052 2772 1172 2813 aliquid
1196 2772 1239 2803 sic
1261 2771 1362 2812 diligit
1385 2779 1421 2804 ut

361 2828 426 2848 non
451 2819 489 2849 sit
512 2818 665 2848 referibile
688 2818 720 2848 in
743 2817 866 2853 Deum,
890 2817 954 2847 iam
978 2816 1244 2857 impedimentum
1266 2816 1359 2856 ponit
1381 2817 1422 2847 ad

361 2863 421 2893 hoc
445 2870 481 2893 ut
504 2872 636 2892 suorum
667 2862 814 2892 omnium
846 2861 947 2901 possit
977 2861 1082 2891 Deum
1105 2860 1219 2891 habere
1247 2859 1359 2891 finem:
1384 2870 1420 2891 ac

361 2916 417 2946 per
440 2907 501 2937 hoc
523 2907 733 2946 impotentem
756 2916 788 2936 se
812 2905 914 2936 reddit
929 2905 968 2935 ad
983 2905 1180 2944 diligendum
1203 2905 1309 2935 Deum
1326 2914 1422 2944 super

361 2950 469 2981 omnia
492 2951 682 2991 simpliciter.
708 2951 748 2981 Et
770 2950 844 2991 quia
861 2949 982 2979 malum
999 2949 1119 2989 culpae,
1137 2949 1366 2990 quodcumque
1382 2949 1423 2980 sit

360 2994 448 3030 illud,
472 3001 625 3035 repugnat
648 2994 849 3025 referibilitati
872 2993 904 3024 in
929 2994 1034 3024 Deum
1054 2999 1089 3023 ut
1103 2992 1200 3023 finem
1208 3001 1216 3030 ;
1232 2992 1305 3023 ideo
1325 3002 1422 3024 omne

362 3038 483 3068 malum
506 3039 616 3079 culpae
639 3044 793 3079 repugnat
816 3037 1026 3068 observationi
1050 3036 1146 3067 huius
1169 3036 1339 3077 praecepti:
1363 3036 1421 3067 Di-

363 3082 442 3122 liges
460 3083 563 3113 Deum
588 3092 684 3122 super
706 3083 813 3113 omnia
836 3082 1033 3122 simpliciter.
1054 3099 1074 3104 —
1092 3081 1153 3111 Sed
1177 3081 1215 3111 ad
1239 3080 1421 3112 habendum

363 3132 468 3156 actum
496 3126 645 3166 diligendi
668 3127 773 3157 Deum
797 3136 892 3166 super
921 3126 1029 3156 omnia
1053 3125 1218 3156 referibilia
1240 3125 1273 3155 in
1295 3123 1421 3165 ipsum,

363 3179 428 3199 non
443 3170 652 3210 impotentem
667 3171 767 3201 reddit
782 3170 947 3201 hominem
964 3171 1191 3211 quodcumque
1215 3169 1337 3200 malum
1357 3169 1422 3199 cul-

363 3221 438 3252 pae:
463 3221 498 3244 ut
521 3214 707 3254 experientia
736 3221 865 3245 testatur
888 3214 921 3244 in
944 3214 1132 3245 habentibus
1162 3213 1342 3250 caritatem,
1367 3212 1423 3254 qui

365 3256 499 3296 diligunt
514 3258 619 3288 Deum
635 3268 728 3298 super
744 3258 852 3288 omnia
867 3265 896 3289 et
911 3265 945 3289 ut
961 3257 1058 3288 finem
1074 3264 1203 3288 naturae
1218 3264 1248 3288 et
1271 3264 1307 3288 ut
1324 3256 1423 3288 finem

364 3300 573 3337 beatitudinis,
590 3302 664 3342 quia
683 3302 779 3341 gratia
799 3301 918 3342 perficit
941 3309 1103 3338 naturam;
1129 3308 1158 3332 et
1181 3308 1287 3332 tamen
1308 3301 1424 3332 habent

365 3344 465 3374 multa
491 3345 572 3374 mala
593 3346 702 3384 culpae
722 3353 752 3376 et
773 3346 806 3375 in
829 3346 991 3376 voluntate
1015 3345 1162 3382 faciendi,
1188 3352 1264 3386 puta
1288 3345 1421 3376 dicendo

365 3388 567 3418 mendacium
591 3388 780 3425 officiosum,
805 3390 1000 3420 comedendo
1025 3389 1128 3425 nimis,
1150 3396 1179 3420 et
1202 3389 1397 3421 huiusmodi.

1517 387 1556 418 V.
1567 387 1625 417 His
1641 386 1828 427 praemissis,
1843 387 1882 416 ad
1899 386 2033 416 dubium
2050 393 2176 416 motum
2188 386 2206 404 '²‘
2219 387 2333 418 dicitur
2347 389 2445 429 quod,
2457 388 2529 420 licet

1466 430 1566 461 homo
1594 431 1627 461 in
1651 438 1732 462 statu
1757 437 1886 461 naturae
1915 436 2096 470 corruptae,
2121 437 2279 470 quantum
2306 438 2352 462 est
2381 441 2418 462 ex
2441 432 2527 463 suffi-

1467 475 1579 505 cientia
1602 485 1669 511 sua,
1686 475 1786 515 possit
1802 485 1839 505 ex
1854 474 1942 515 puris
1958 473 2153 504 naturalibus
2170 474 2298 514 diligere
2313 475 2419 506 Deum
2434 486 2528 517 super

1467 519 1576 549 omnia
1598 519 1763 550 referibilia
1778 519 1810 549 in
1832 519 1938 559 ipsum
1954 527 2036 559 quae
2055 524 2130 548 tunc
2153 525 2227 549 sunt
2241 518 2274 548 in
2291 528 2348 549 sua
2363 525 2527 559 potestate,

1467 570 1502 594 ut
1525 563 1604 593 ratio
1633 564 1761 603 probat;
1786 573 1852 594 non
1881 568 2123 603 tamenlpotest
2146 561 2274 602 diligere
2301 562 2407 593 Deum
2435 573 2530 604 super

1467 607 1575 637 omnia
1590 617 1647 637 sua
1666 607 1858 647 simpliciter.
1873 607 1957 644 Quia
1974 616 2039 636 non
2056 612 2160 646 potest
2176 615 2242 636 non
2259 614 2404 646 peccare:
2422 616 2458 637 ac
2473 617 2530 647 per

1466 651 1538 687 hoc,
1558 661 1624 681 non
1648 658 1753 691 potest
1776 661 1841 681 non
1860 661 1979 692 ponere
2001 650 2268 690 impedimentum
2286 650 2447 681 dilectioni
2469 651 2529 681 Dei

1467 705 1562 735 super
1585 695 1708 731 omnia;
1733 695 1813 725 sicut
1829 702 1934 735 potest
1949 695 1981 725 in
2006 701 2087 725 statu
2105 701 2234 725 naturae
2250 694 2399 734 integrae,
2413 694 2445 725 in
2462 705 2528 735 quo

1467 746 1572 779 potest
1595 748 1790 779 praeservare
1814 749 1847 769 se
1877 740 1915 769 ab
1944 739 2033 769 omni
2062 746 2210 779 peccatu,
2236 745 2266 768 et
2290 745 2528 779 consequenter,

1467 784 1597 824 quando
1620 790 1747 823 tempus
1771 789 1826 819 est,
1847 782 1929 813 exire
1950 783 1983 813 in
2007 789 2114 813 actum
2137 782 2287 823 diligendi
2306 783 2412 813 Deum
2434 792 2530 824 super

1468 827 1577 864 omnia
1604 838 1660 858 sua
1688 826 1883 867 simpliciter,
1911 827 1987 867 quia
2013 827 2091 857 nihil
2121 827 2170 857 sui
2201 833 2247 857 est
2277 826 2458 858 irreferibile
2490 827 2530 857 ad

1468 871 1583 902 Deum.

1524 916 1573 946 Ad
1598 914 1872 946 confirmationem
1896 914 2010 946 dicitur
2033 915 2121 955 quod
2151 925 2218 946 non
2246 921 2292 946 est
2315 915 2427 945 eadem
2447 914 2529 946 ratio

1470 961 1508 991 de
1531 960 1592 991 isto
1623 966 1692 990 actu
1723 966 1753 990 et
1779 959 1818 989 de
1844 957 1912 988 aliis
1939 958 2122 989 moralibus.
2139 959 2228 989 Tum
2258 959 2333 1000 quia
2360 959 2418 989 iste
2441 965 2529 990 actus

1470 1012 1516 1035 est
1531 1014 1698 1044 supremus
1723 1003 1870 1033 omnium
1886 1002 2077 1033 naturalium
2092 1002 2273 1040 moralium,
2290 1010 2326 1034 ut
2340 1009 2437 1043 patet,
2454 1002 2530 1044 quia

1469 1055 1612 1089 respectu
1636 1047 1739 1079 ultimi
1763 1047 1834 1077 finis
1858 1046 2049 1086 simpliciter,
2065 1055 2100 1077 ac
2115 1055 2172 1087 per
2189 1047 2252 1078 hoc
2265 1047 2359 1087 primi
2382 1046 2528 1087 principii

1469 1093 1684 1134 reliquorum:
1708 1091 1821 1132 reliqui
1845 1097 1952 1122 autem
1971 1096 2059 1121 actus
2075 1090 2134 1121 sub
2149 1090 2213 1122 isto
2226 1098 2311 1122 sunt.
2329 1091 2459 1122 Maioris
2474 1100 2528 1122 au·

1469 1144 1535 1168 tem
1557 1137 1680 1167 virtutis
1704 1142 1750 1166 est
1772 1145 1865 1176 posse
1888 1135 1922 1165 in
1946 1141 2052 1165 actum
2075 1143 2240 1166 summum
2264 1145 2364 1176 quam
2385 1135 2418 1166 in
2442 1141 2530 1166 actus

1469 1181 1648 1212 inferiores:
1666 1181 1750 1211 unde
1765 1186 1795 1210 et
1806 1179 1904 1210 virtus
1916 1179 2061 1209 ultimum
2071 1179 2236 1219 potentiae
2248 1179 2386 1210 diciturl
2401 1179 2492 1210 Caeli
2497 1178 2525 1210 *-

1470 1226 1588 1256 -Tum
1610 1225 1685 1266 quia
1708 1229 1795 1255 actus
1819 1223 1875 1254 iste
1899 1222 2135 1253 universitatem
2158 1224 2288 1253 actuum
2311 1222 2528 1254 humanorum

1469 1270 1590 1300 bonam
1614 1269 1707 1308 exigit
1729 1275 1765 1298 ut
1783 1267 1963 1303 materiam;
1980 1275 2046 1297 non
2061 1272 2168 1297 autem
2183 1265 2245 1297 alii.
2267 1266 2343 1297 Non
2357 1266 2444 1297 enim
2459 1267 2531 1308 qui-

1471 1323 1610 1354 cumque
1633 1313 1754 1343 malum
1777 1312 1908 1352 aliquod
1932 1310 2014 1347 facit,
2029 1310 2296 1351 impedimentum
2315 1315 2453 1351 praestat
2469 1310 2529 1340 sibi

1470 1365 1507 1389 ut
1529 1368 1594 1388 non
1618 1357 1718 1397 possit
1740 1356 1870 1397 quando
1894 1361 2021 1396 oportet
2043 1355 2173 1387 reddere
2195 1361 2359 1386 mutuum.
2373 1353 2436 1386 Sed
2458 1354 2528 1395 qui—

1471 1411 1609 1442 cumque
1633 1402 1754 1432 malum
1777 1400 1908 1441 aliquod
1932 1399 2015 1436 facit,
2039 1399 2110 1440 ipso
2133 1398 2217 1430 facto
2241 1398 2343 1430 reddit
2364 1405 2472 1429 actum
2494 1398 2533 1429 il-

1469 1446 1549 1482 lum,
1567 1453 1596 1476 et
1615 1446 1755 1486 seipsum
1773 1445 1829 1475 illo
1846 1443 2010 1480 infectum,
2025 1450 2061 1474 ut
2076 1442 2130 1479 sic,
2147 1442 2363 1474 irreferibilem
2376 1442 2410 1473 in
2424 1442 2533 1474 Deum

1470 1497 1507 1521 ut
1528 1489 1635 1521 finem.
1653 1492 1698 1520 Ac
1716 1499 1770 1530 per
1789 1489 1859 1524 hoc,
1876 1498 1941 1518 non
1957 1494 2062 1528 potest
2081 1486 2189 1518 omnia
2203 1497 2222 1517 a
2240 1497 2273 1517 se
2288 1486 2401 1518 dilecta
2417 1485 2531 1517 referre

1470 1534 1503 1565 in
1526 1535 1632 1565 Deum
1649 1541 1683 1564 ut
1699 1533 1849 1564 ultimum
1867 1531 1975 1563 finem.
1993 1532 2091 1569 Quod
2108 1531 2239 1562 faciebat
2254 1531 2354 1562 homo
2369 1531 2402 1561 in
2419 1537 2531 1562 namra

1470 1578 1599 1618 integra,
1624 1585 1659 1608 ut
1681 1578 1714 1608 in
1737 1577 1837 1607 littera
1861 1576 1984 1607 dicitur.
2184 1609 2187 1613 ⁴

1525 1623 1567 1653 Et
1589 1622 1632 1652 sic
1656 1628 1740 1662 patet
1762 1621 1874 1652 veritas
1898 1619 2112 1651 conclusionis
2134 1626 2292 1660 quantum
2308 1619 2348 1650 ad
2363 1625 2532 1660 utramque

1470 1673 1608 1707 partem:
1634 1666 1749 1697 scilicet
1764 1665 1853 1706 quod
1876 1664 1995 1706 integra
2016 1670 2127 1694 natura
2141 1664 2204 1694 hoc
2226 1669 2350 1704 poterat
2357 1671 2365 1699 ;
2389 1669 2420 1694 et
2441 1663 2532 1704 quod

1471 1718 1618 1751 corrupta
1642 1721 1706 1740 non
1730 1716 1846 1750 potest,
1862 1709 1920 1739 nisi
1935 1707 2093 1739 adiutorio
2109 1707 2225 1748 gratiae
2240 1706 2378 1738 sanantis
2393 1706 2427 1737 in
2441 1715 2530 1746 prae-

1470 1755 1550 1786 senti
1573 1755 1636 1785 vita
1658 1753 1834 1784 inchoative
1862 1763 1918 1793 per
1947 1753 2107 1783 caritatem
2129 1751 2211 1788 viae,
2236 1761 2300 1793 qua
2323 1749 2402 1781 nihil
2424 1756 2532 1781 contra

1470 1799 1529 1830 Dei
1557 1798 1757 1829 dilectionem
1787 1797 2000 1832 admittimus,
2025 1802 2056 1827 et
2077 1805 2173 1837 super
2202 1795 2312 1826 omnia
2334 1801 2442 1825 nostra
2465 1802 2532 1824 non

1470 1843 1667 1884 simpliciter,
1693 1843 1746 1873 sed
1770 1841 1952 1878 referibilia,
1975 1841 2083 1881 ipsum
2107 1839 2289 1880 diligimus3
2313 1845 2533 1870 consummate

1470 1895 1577 1919 autem
1599 1887 1632 1917 in
1656 1887 1769 1927 patria,
1793 1886 1826 1916 in
1850 1895 1913 1927 qua
1937 1884 2046 1916 omnia
2069 1884 2253 1925 simpliciter
2274 1884 2308 1914 in
2330 1883 2436 1915 Deum
2460 1882 2533 1914 diri-

1470 1938 1593 1972 gentur,
1618 1931 1693 1972 quia
1715 1931 1782 1971 ipse
1805 1930 1863 1960 erit
1885 1930 1992 1960 omnia
2017 1930 2048 1959 in
2073 1929 2218 1960 omnibus
2234 1928 2262 1961 *.

1527 1975 1581 2006 VI.
1605 1975 1656 2006 Ad
1681 1974 1911 2005 dubitationem
1927 1980 2048 2004 motam
2065 1979 2174 2004 contra
2189 1972 2346 2003 rationem
2367 1971 2488 2002 litterae
2499 1969 2532 2010 ³,

1471 2020 1585 2051 dicitur
1607 2020 1695 2060 quod
1718 2018 1860 2049 medium
1881 2024 2008 2049 estesse
2024 2027 2106 2058 opus
2123 2015 2339 2048 connaturale.
2359 2014 2421 2046 Sed
2437 2020 2530 2046 natu-

1471 2065 1541 2095 rale
1563 2071 1668 2104 potest
1688 2063 1770 2094 sumi
1795 2062 1971 2103 dupliciter.
1993 2061 2066 2093 Uno
2091 2061 2201 2097 modo,
2221 2070 2280 2100 pro
2304 2069 2343 2090 eo
2359 2060 2448 2100 quod
2462 2058 2535 2090 fluit

1471 2118 1508 2139 ex
1527 2115 1647 2139 natura.
1669 2108 1709 2138 Et
1732 2107 1775 2138 sic
1799 2107 1955 2138 sumendo
1986 2106 2137 2142 naturale,
2159 2104 2315 2136 sufficeret
2338 2104 2378 2134 ad
2400 2103 2535 2134 inferen-

1472 2153 1547 2183 dam
1570 2152 1705 2192 primam
1728 2158 1849 2191 partem
1873 2150 2098 2187 conclusionis,
2119 2149 2236 2181 scilicet
2251 2149 2340 2191 quod
2361 2154 2472 2179 natura
2485 2146 2533 2179 in-

1470 2203 1556 2238 tegra
1579 2203 1692 2237 potest.
1717 2196 1758 2226 Et
1776 2195 1819 2226 sic
1835 2195 1947 2236 accipit
1961 2194 2098 2226 obiectio
2115 2193 2265 2225 naturale.
2289 2192 2350 2224 Sed
2367 2192 2442 2234 quia
2457 2198 2537 2223 tune

1471 2240 1578 2271 minor
1601 2247 1680 2271 esset
1704 2239 1789 2275 falsa,
1814 2239 1890 2280 quia
1913 2238 2041 2279 diligere
2066 2238 2173 2270 Deum
2190 2246 2291 2278 super
2313 2236 2422 2268 omnia
2437 2245 2532 2277 appe-

1471 2285 1530 2316 titu
1554 2284 1707 2320 rationali,
1725 2291 1759 2314 ut
1775 2283 1955 2324 expositum
1971 2289 2017 2314 est
2029 2282 2057 2319 *,
2078 2292 2144 2313 non
2161 2288 2207 2312 est
2222 2281 2315 2312 nobis
2331 2280 2375 2311 sic
2390 2279 2532 2311 naturale

1472 2336 1508 2360 ut
1530 2328 1607 2359 fluat
1630 2339 1667 2358 ex
1690 2335 1810 2364 natura,
1835 2334 1870 2358 ut
1893 2333 1992 2368 patet;
2017 2327 2090 2357 ideo
2114 2326 2176 2357 alio
2201 2325 2301 2356 modo
2324 2324 2461 2355 sumitur
2478 2332 2532 2354 na-

1471 2373 1571 2405 turale
1595 2383 1653 2413 pro
1677 2382 1714 2402 eo
1738 2371 1826 2412 quod
1850 2379 1896 2403 est
1919 2371 2096 2402 secundum
2111 2377 2267 2401 naturam.
2291 2369 2332 2399 Et
2345 2369 2389 2399 sic
2404 2368 2533 2408 diligere

1470 2418 1577 2448 Deum
1596 2427 1691 2457 super
1713 2416 1821 2446 omnia
1840 2423 1886 2447 est
1909 2415 2059 2447 naturale.
2082 2415 2122 2446 Et
2137 2414 2181 2445 sic
2197 2413 2335 2445 sumitur
2352 2412 2412 2444 hic.
2429 2412 2471 2443 Et
2485 2412 2533 2443 in-

1471 2462 1531 2493 fert
1553 2461 1688 2502 primam
1711 2467 1833 2500 partem
1861 2459 2075 2491 conclusionis
2107 2468 2182 2490 cum
2210 2457 2339 2488 veritate
2367 2456 2534 2497 utriusque

1469 2505 1668 2547 praemissae.

1529 2549 1674 2580 Secunda
1697 2555 1803 2579 autern
1828 2546 2041 2579 conclusionis
2065 2556 2146 2588 pars,
2171 2545 2288 2576 scilicet
2308 2543 2398 2586 quod
2421 2549 2531 2574 natura

1472 2601 1619 2634 corrupta
1642 2593 1703 2623 hoc
1727 2603 1793 2623 non
1820 2598 1941 2632 potest,
1966 2601 2032 2622 non
2062 2590 2215 2631 probatur
2237 2589 2270 2620 in
2292 2588 2394 2619 littera
2418 2597 2453 2618 ex
2477 2586 2533 2618 illo

1472 2638 1594 2668 medio:
1619 2644 1654 2668 ut
1676 2643 1761 2677 patet
1784 2636 1919 2667 intuenti
1942 2636 2088 2671 litteram,
2108 2634 2162 2665 ubi
2187 2639 2260 2674 post
2275 2633 2442 2673 probatam
2457 2641 2534 2662 con-

1473 2682 1649 2713 clusionem
1678 2681 1792 2712 directe
1821 2679 2040 2720 responsivam
2069 2678 2230 2720 quaesito,
2255 2677 2343 2718 quod
2367 2676 2400 2707 in
2423 2682 2536 2708 natura

1471 2727 1592 2767 integra
1615 2726 1714 2756 homo
1738 2725 1799 2756 hoc
1822 2731 1947 2765 poterat
1965 2724 2034 2754 sine
2047 2723 2155 2763 gratia,
2172 2721 2335 2752 subiunxit
2349 2723 2480 2756 Auctor,
2497 2729 2536 2751 ex

1473 2770 1628 2811 pronitate
1651 2776 1779 2800 naturae
1804 2775 1970 2809 corruptae
1989 2767 2027 2798 ad
2043 2768 2168 2798 bonum
2184 2765 2360 2808 proprium,
2377 2763 2466 2806 quod
2481 2763 2534 2795 de-

1472 2813 1538 2845 ficit
1560 2820 1671 2844 natura
1695 2820 1841 2853 corrupta
1863 2813 1902 2843 ab
1918 2819 1988 2844 actu
2005 2811 2073 2842 illo.
2098 2811 2190 2842 Unde
2206 2809 2349 2841 medium
2365 2808 2406 2840 ad
2421 2817 2535 2838 secun-

1473 2859 1547 2889 dam
1571 2865 1692 2898 partem
1716 2856 1940 2893 conclusionis,
1961 2866 2016 2887 seu
2034 2855 2073 2886 ad
2089 2854 2262 2886 secundam
2284 2852 2534 2888 conclusionem,

1474 2909 1520 2933 est
1543 2902 1683 2942 pronitas
1714 2901 1886 2932 voluntatis
1909 2901 1949 2931 ad
1977 2900 2136 2940 privatum
2159 2899 2294 2930 bonum.
2317 2898 2405 2928 Haec
2430 2896 2534 2932 enim,

1473 2946 1597 2987 perdito
1613 2945 1731 2985 vigore,
1750 2945 1782 2975 in
1799 2945 1891 2975 nobis
1914 2945 1994 2975 adeo
2017 2944 2111 2983 viget,
2136 2949 2172 2975 ut
2194 2948 2341 2983 oporteat
2360 2941 2397 2972 iu
2412 2940 2539 2973 malum

1475 2991 1606 3032 aliquod
1630 2991 1752 3026 cadere,
1778 2996 1812 3020 ut
1835 2999 1872 3020 ex
1895 2988 1983 3019 dictis
2006 2988 2024 3007 *
2046 2995 2141 3028 patet.
2468 3026 2474 3029 .

1531 3034 1599 3066 VII.
1624 3034 1659 3064 In
1683 3034 1797 3064 eodem
1817 3032 1907 3063 tertio
1932 3032 2065 3063 articulo
2085 3030 2320 3063 discutiendum
2335 3035 2417 3060 esset
2432 3036 2472 3059 an
2488 3026 2533 3058 di-

1474 3079 1569 3119 ligere
1581 3079 1687 3109 Deum
1704 3087 1799 3118 super
1813 3077 1923 3107 omnia
1938 3076 1977 3107 sit
2000 3076 2142 3107 naturale
2157 3074 2290 3110 homini,
2307 3073 2366 3104 nisi
2382 3073 2415 3104 in
2431 3071 2536 3104 Prima

1474 3124 1564 3154 Parte
1582 3122 1600 3142 *
1619 3122 1796 3153 discussum
1819 3121 1938 3152 fuisset.
1963 3120 2179 3151 Veruntamen
2206 3118 2232 3150 si
2254 3123 2424 3161 quaeratur
2446 3114 2538 3148 cuius

1474 3167 1597 3198 virtutis
1612 3166 1740 3197 moralis
1764 3165 1804 3196 sit
1818 3172 1906 3196 actus
1921 3164 2048 3205 diligere
2062 3165 2169 3195 Deum
2182 3170 2280 3204 super
2293 3161 2412 3198 omnia,
2429 3160 2537 3191 dicem

1476 3212 1554 3242 dum
1585 3217 1646 3247 est,
1672 3220 1746 3241 cum
1768 3210 1827 3241 iste
1855 3216 1944 3240 actus
1972 3209 2012 3240 sit
2034 3209 2075 3240 ad
2098 3209 2232 3239 alterum
2264 3206 2316 3238 eui
2342 3215 2410 3237 non
2433 3209 2540 3245 puteat

1475 3255 1563 3287 reddi
1578 3255 1787 3295 aequivalens,
1808 3254 1897 3295 quod
1912 3254 1952 3284 ad
1967 3253 2120 3284 iustitiam
2138 3258 2272 3294 spectat;
2295 3250 2386 3282 cuius
2402 3258 2474 3290 pars
2489 3253 2536 3279 est

1475 3299 1584 3340 pietas,
1610 3309 1691 3340 quae
1714 3297 1905 3339 parentibus,
1925 3297 2042 3338 quibus
2066 3297 2162 3327 etiarn
2184 3305 2250 3327 non
2274 3301 2321 3325 est
2342 3292 2470 3324 reddere
2485 3299 2535 3321 ae-

1476 3343 1649 3384 quivalens,
1668 3342 1810 3373 debitum
1833 3341 1946 3377 reddit;
1971 3348 2002 3372 et
2024 3341 2143 3382 religio,
2161 3349 2243 3382 quae
2259 3338 2381 3370 cultum
2399 3336 2469 3366 Deo
2486 3342 2535 3364 ex—

1475 3387 1569 3423 hibet,
1590 3394 1647 3418 etc.

2556 397 2565 406 ·
2581 395 2617 418 Cf.
2633 401 2696 417 num.
2714 401 2730 418 t.

2556 1181 2771 1231 :effluat

2560 1932 2569 1940 ·
2583 1929 2594 1951 1
2611 1928 2646 1951 ad
2664 1927 2728 1956 Gor„
2749 1934 2773 1950 σ.

2558 1954 2737 2006 *mit-R

2561 2283 2570 2294 ⁹
2583 2282 2656 2304 Num.
2670 2287 2703 2303 iv.

2562 2986 2574 2997 ⁸
2589 2985 2625 3007 Cf.
2639 2973 2704 3007 nain.
2717 2990 2742 3006 v.

2564 3122 2573 3132 ·
2584 3121 2632 3149 Qu.
2646 3125 2684 3147 u,
2699 3122 2741 3141 art.
2753 3125 2774 3148 5.
