2840 4010
90 714 149 735 ⁴Cf.
160 719 199 742 qu.
211 719 256 740 cvi,
267 713 305 735 ln—

91 740 152 762 trod.

93 1519 185 1543 'Vm
201 1525 232 1547 ¹⁴·

94 1683 103 1693 ·
119 1681 186 1704 vm.
200 1687 231 1704 ει.

91 1734 104 1747 ⁸
117 1733 184 1757 ναι.
199 1739 228 1762 17.

1015 123 1280 170 QUAESTIO
1310 123 1446 170 CVIII,
1475 122 1770 159 ARTlCULUS
1800 123 1814 158 I

2427 123 2500 159 283

790 320 1199 400 QUAESTIO
1240 319 2046 376 CENTESIMAOCTAVA

631 450 722 491 DE
763 448 873 490 HIS
917 447 1106 500 QUAE
1149 445 1644 488 CONTINENTUR
1685 448 1751 488 IN
1793 448 1972 488 LEGE
2015 448 2204 488 NOVA

1112 560 1146 585 IN
1176 559 1348 590 QUATUOR
1375 559 1577 585 ARTICULOS
1605 561 1721 586 DIVISA

415 669 523 695 EINDE
555 655 875 697 considerandum
904 661 958 690 est
987 655 1034 691 de
1061 653 1118 691 his
1147 666 1244 703 quae
1274 652 1392 689 conti-

334 669 553 751 Dnentur
580 709 620 746 in
645 710 727 756 lege
755 719 858 745 nova
882 707 912 744 ³¹⁶.

333 764 383 801 Et
410 763 508 800 circa
535 762 609 800 hoc
637 767 870 810 quaeruntur
897 767 1071 809 quatuor.

385 815 537 853 Primo:
565 821 694 851 utrum
730 813 789 850 lex
818 825 921 850 nova
959 813 1096 849 debeat
1123 811 1247 860 aliqua
1275 822 1392 860 opera

439 867 623 905 exteriora
649 866 870 915 praecipere
902 866 963 902 vel
990 865 1204 914 prohibere.

386 918 586 958 Secundo:
614 926 742 956 utrum
772 918 1003 956 sufficienter
1030 930 1070 955 se
1097 917 1236 955 habeat
1263 915 1302 953 in
1331 928 1393 952 ex-

1552 654 1751 691 terioribus
1789 655 1933 692 actibus
1970 656 2245 704 praecipiendis
2279 658 2341 693 vel
2377 657 2504 706 prohi-

1554 707 1697 743 bendis.

1501 759 1653 795 Tertio:
1682 766 1809 796 utrum
1839 761 2109 797 convenienter
2137 762 2303 799 instituat
2329 763 2506 799 homines

1554 819 1739 859 quantum
1768 812 1817 849 ad
1845 820 1949 849 actus
1978 813 2184 851 interiores.

1502 863 1669 909 Quarto:
1698 872 1827 901 utrum
1856 866 2128 903 convenienter
2160 867 2390 915 superaddat
2417 861 2505 904 con-

1554 916 1634 953 silia
1662 918 1883 965 praeceptis.

1147 1023 1463 1069 ARTICULUS
1493 1025 1698 1067 PRIMUS

449 1129 605 1160 UTRUM
629 1129 713 1159 LEX
735 1128 857 1159 NovA
879 1127 1069 1165 ALIQuos
1091 1125 1363 1158 EXTERIORES
1387 1125 1530 1157 ACTUS
1554 1126 1727 1157 DEBEAT
1750 1127 2015 1158 PRAECIPERE
2040 1128 2123 1158 VEL
2146 1128 2389 1159 PROHIBERE

1001 1214 1124 1245 Quodlib.
1142 1213 1185 1243 lv,
1204 1221 1248 1246 qu.
1261 1219 1315 1244 vm,
1334 1218 1380 1237 art.
1395 1220 1423 1244 23
1442 1213 1486 1237 Aa
1504 1214 1590 1243 Rom„
1611 1221 1666 1246 cap.
1680 1221 1720 1246 ιιι,
1741 1215 1847 1240 lect.1V.

367 1320 427 1361 224
420 1323 433 1332 =
470 1326 520 1366 q«
545 1317 567 1342 D
595 1315 733 1341 ptumum
761 1315 814 1340 Sic
842 1314 1082 1340 Pnocemrua.
1101 1301 1259 1339 Videtur
1286 1301 1391 1349 quod

363 1334 520 1416 ''2'124
544 1358 603 1394 lex
630 1369 733 1394 nova
753 1357 877 1393 nullos
901 1355 1104 1392 exteriores
1123 1362 1228 1393 actus
1255 1354 1393 1391 debeat

412 1425 471 1452 v,
492 1406 763 1459 (praecipere
793 1410 854 1446 vel
891 1408 1093 1458 prohibere
1121 1413 1150 1444 ⁴².
1180 1408 1260 1444 Lex
1289 1406 1392 1444 enim

354 1456 364 1464 ”
390 1429 526 1493 (²³⁹⁸)
503 1454 648 1499 &nova
672 1470 729 1498 est
752 1461 1005 1509 Evangelium
1029 1460 1154 1508 regni3
1183 1461 1393 1497 secundum

333 1514 425 1552 illud
443 1515 577 1552 Matth.
593 1527 677 1552 xx1v
691 1514 728 1536 '¹‘-
720 1514 1034 1551 .Praedicabitur
1051 1515 1122 1557 hoc
1139 1513 1392 1563 Evangelium

333 1567 446 1616 regni
467 1567 504 1603 in
530 1568 702 1605 universo
723 1568 824 1604 orbe.
846 1567 922 1604 Sed
942 1578 1100 1615 regnum
1119 1565 1191 1602 Dei
1205 1578 1284 1603 non
1305 1578 1393 1602 con-

333 1619 427 1657 sistit
453 1620 491 1656 in
520 1620 765 1658 exterioribus
794 1619 958 1667 actibus,
988 1619 1056 1656 sed
1084 1619 1207 1656 solum
1236 1618 1274 1655 in
1301 1619 1394 1655 inte-

333 1673 512 1718 rioribus;
533 1674 744 1711 secundum
765 1672 855 1710 illud
871 1674 962 1709 Luc.
978 1684 1050 1709 xvu
1065 1671 1105 1708 *x
1124 1672 1302 1721 Regnum
1321 1672 1397 1708 Dei

333 1727 432 1762 intra
459 1737 527 1762 vos
555 1733 630 1770 est,·
658 1734 694 1763 et
721 1727 834 1763 Rom.
864 1737 924 1762 xw
951 1725 989 1761 *ε
1017 1725 1109 1762 Νοη
1146 1730 1201 1761 est
1231 1736 1393 1774 regnum

332 1779 408 1815 Dei
433 1790 518 1815 esca
546 1785 582 1816 et
602 1785 725 1828 potus,
750 1779 816 1815 sed
843 1778 980 1814 iustitia
998 1783 1032 1814 et
1053 1789 1137 1826 pax
1155 1782 1190 1814 et
1209 1778 1393 1827 gaudium

271 1866 274 1867 ⁷
334 1832 371 1868 in
401 1832 540 1880 Spiritu
565 1833 713 1869 Sancto.
735 1832 837 1878 Ergo
858 1832 916 1867 lex
936 1843 1039 1868 nova
1058 1843 1135 1868 non
1156 1830 1269 1867 debet
1286 1843 1394 1880 prae-

95 1997 105 2007 ·
120 1996 188 2019 Vm.
201 2002 221 2019 ιι.

94 2051 104 2060 ·
118 2049 184 2072 Vm.
201 2055 231 2077 ¹7-

94 2527 168 2582 ·e...
199 2528 308 2577 .z“·.›.¹.¹¹

94 2797 103 2806 ’
119 2795 185 2818 Vers.
202 2795 237 2824 36.

95 2955 104 2964 ·
119 2953 184 2976 Vero.
202 2954 223 2975 ⁸.

96 3221 104 3228 ·
119 3219 166 3247 Qu.
182 3224 228 3245 evi,
238 3222 280 3240 an.
292 3225 307 3245 ι,

93 3251 114 3268 a.

334 1884 459 1932 cipere
491 1885 553 1921 vel
581 1885 784 1934 prohibere
812 1884 960 1931 aliquos
993 1882 1195 1920 exteriores
1223 1890 1339 1920 actus.

389 1949 423 1974 2.
441 1937 674 1983 PRAETEREA,
694 1938 753 1974 lex
781 1949 884 1974 nova
912 1944 968 1973 est
993 1937 1057 1973 lex
1084 1937 1253 1985 Spiritus,
1273 1944 1314 1973 ut
1341 1936 1394 1974 di-

335 1989 429 2026 citur
455 1991 568 2027 Rom.
588 2003 650 2028 vm
668 1990 699 2028 *.
721 1990 798 2027 Sed
828 1990 893 2026 ubi
913 1989 1071 2038 Spiritus
1098 1989 1264 2035 Domini,
1285 1989 1338 2026 ibi
1353 1989 1395 2026 li-

334 2043 469 2090 bertas,
499 2052 540 2080 ut
568 2043 701 2080 dicitur
721 2045 752 2079 II
782 2043 833 2080 ad
855 2043 942 2079 Cor.
964 2054 999 2079 111
1021 2042 1051 2080 ²¹³.
1082 2042 1173 2080 Non
1192 2049 1248 2079 est
1266 2049 1393 2080 autem

333 2094 485 2132 libertas
513 2096 579 2134 ubi
613 2097 739 2138 homo,
764 2095 949 2143 obligatur
981 2095 1030 2132 ad
1058 2094 1183 2143 aliqua
1212 2094 1395 2132 exteriora

334 2160 452 2198 opera
478 2149 651 2187 facienda
678 2150 741 2186 vel
768 2148 934 2186 vitanda.
969 2149 1071 2196 Ergo
1100 2148 1158 2185 lex
1186 2160 1289 2185 nova
1317 2161 1395 2185 non

335 2202 500 2238 continet
527 2202 651 2251 aliqua
678 2209 882 2250 praecepta
909 2201 972 2237 vel
994 2200 1268 2249 prohibitiones
1297 2209 1395 2238 exte-

336 2253 483 2291 riorum
511 2262 678 2292 actuum.

389 2309 424 2344 3.
446 2309 680 2355 PRAETEREA,
700 2319 836 2344 omnes
856 2306 1058 2344 exteriores
1077 2313 1181 2343 actus
1208 2307 1394 2356 pertinere

333 2359 588 2410 intelliguntur
603 2361 652 2398 ad
671 2372 843 2407 manum,
860 2360 955 2396 sicut
974 2358 1169 2396 interiores
1188 2367 1292 2397 actus
1310 2373 1395 2409 per-

331 2411 452 2450 tinent
479 2414 529 2451 ad
557 2414 741 2451 animum.
773 2413 848 2450 Sed
877 2414 972 2449 haec
999 2411 1152 2461 ponitur
1184 2412 1395 2450 differentia

333 2466 429 2503 inter
460 2479 604 2504 novam
634 2467 756 2515 legem
785 2473 821 2502 et
849 2474 1040 2512 veterem,
1072 2466 1176 2514 quod
1202 2471 1306 2503 vetus
1334 2466 1397 2503 lex

333 2519 479 2556 cohibet
504 2531 674 2566 manum,
693 2519 760 2556 sed
785 2519 848 2555 lex
875 2530 973 2555 nova
1002 2518 1146 2555 cohibet
1171 2519 1340 2556 animum
1362 2521 1393 2556 ³³.

332 2571 438 2620 Ergo
466 2573 504 2609 in
533 2573 614 2620 lege
644 2584 747 2609 nova
783 2584 861 2608 non
891 2571 1031 2608 debent
1056 2571 1149 2620 poni
1175 2572 1395 2621 prohibitio-

334 2636 403 2661 nes
428 2632 464 2661 et
489 2632 693 2674 praecepta
720 2625 949 2662 exteriorum
979 2632 1149 2672 actuum,
1176 2625 1243 2662 sed
1270 2625 1395 2662 solum

333 2677 568 2715 interiorum.
594 2689 598 2691 ·

388 2730 462 2767 SED
491 2741 637 2767 CONTRA
659 2741 726 2766 EST
753 2730 856 2778 quod
891 2742 960 2778 per
986 2730 1109 2777 legem
1144 2742 1287 2767 novam
1317 2731 1396 2768 effi-

335 2782 483 2820 ciuntur
497 2782 672 2820 homines
681 2782 761 2830 filii
774 2782 881 2819 lucis:
902 2782 1004 2819 unde
1020 2781 1154 2819 dicitur
1170 2784 1339 2820 Ioan.xl1
1356 2784 1393 2821 *z

339 2835 486 2873 Credite
505 2836 541 2872 in
571 2835 703 2881 lucem,
726 2841 764 2871 ut
770 2835 851 2883 filu
867 2835 959 2872 lucis
975 2835 1063 2872 sitis.
1086 2835 1163 2873 Sed
1185 2836 1283 2873 filios
1303 2837 1395 2874 lucis

335 2889 443 2926 decet
471 2901 589 2938 opera
626 2889 718 2925 lucis
747 2888 892 2936 facere,
924 2896 960 2924 et
996 2900 1114 2937 opera
1150 2890 1394 2926 tenebrarum

334 2941 518 2985 abiicere;
547 2941 758 2978 secundum
786 2940 876 2978 illud
904 2942 1038 2990 Ephes.
1058 2953 1083 2978 v
1104 2941 1144 2978 *z
1173 2943 1302 2979 Eratis
1327 2943 1395 2979 ali-

334 2995 484 3043 quando
513 2995 697 3040 tenebrae,
719 3005 819 3030 nunc
837 2999 962 3031 autem
989 2994 1056 3030 lux
1082 2994 1120 3031 in
1145 2995 1322 3034 Domino.
1349 2996 1398 3033 Ut

322 3047 403 3096 filii
428 3047 520 3084 lucis
547 3047 746 3085 ambulate.
769 3046 870 3095 Ergo
899 3048 958 3083 lex
986 3059 1088 3084 nova
1116 3049 1306 3096 quaedam
1336 3060 1397 3085 ex-

328 3101 471 3138 teriora
500 3112 618 3149 opera
638 3099 765 3138 debuit
786 3098 1002 3149 prohibere,
1024 3106 1061 3136 et
1079 3100 1269 3148 quaedam
1288 3113 1396 3149 prae-

335 3167 368 3191 ci
397 3166 471 3191 ere.

369 3166 614 3244 PREsponnEo
642 3217 826 3243 DICENDUM
855 3206 971 3255 quod,
1000 3205 1096 3242 sicut
1123 3205 1265 3242 dictum
1289 3213 1343 3243 est
1362 3205 1393 3253 ²¹²,

330 3260 593 3310 principalitas·
618 3259 708 3308 legis
736 3271 862 3296 novae
892 3267 947 3296 est
974 3258 1091 3307 gratia
1120 3257 1278 3307 Spiritus
1303 3259 1396 3296 San-

385 3374 413 3409 a)
434 3376 475 3400 vel
488 3374 569 3407 prohz
566 3374 671 3399 bera·
690 3373 752 3398 Om.
771 3373 823 3398 EF.

1447 1302 1512 1349 cti,
1548 1314 1646 1349 quae
1685 1302 1944 1339 manifestatur
1977 1303 2015 1340 in
2048 1304 2125 1340 fide
2158 1316 2227 1352 per
2266 1304 2507 1342 dilectionem

1448 1363 1640 1403 operante.
1662 1356 1773 1392 Hanc
1792 1363 1920 1392 autern
1941 1356 2098 1403 gratiam
2127 1365 2411 1404 consequuntur
2438 1359 2507 1395 ho-

1448 1407 1568 1444 mines
1601 1408 1669 1456 per
1697 1408 1770 1445 Dei
1802 1408 1937 1445 Filium
1972 1409 2170 1446 hominem
2204 1410 2364 1456 factum,
2402 1411 2507 1448 cuius

1446 1461 1721 1497 humanitatem
1749 1461 1874 1510 primo
1900 1461 2057 1510 replevit
2084 1463 2212 1509 gratia⁷
2234 1470 2269 1499 et
2298 1463 2431 1500 exinde
2453 1471 2507 1500 est

1448 1513 1496 1550 ad
1524 1526 1594 1550 nos
1624 1514 1803 1551 derivata.
1824 1514 1935 1551 Unde
1956 1514 2090 1551 dicitur
2115 1516 2217 1552 Ioan.
2240 1528 2248 1551 1
2269 1517 2309 1552 ’τ
2346 1517 2507 1553 Verbum
2536 1533 2544 1542 ¹
2595 1538 2618 1553 rs

1447 1578 1537 1602 caro
1554 1568 1707 1614 sactum
1728 1573 1798 1611 est;
1823 1575 1858 1603 et
1876 1575 2009 1615 postea
2029 1567 2220 1604 subditur:
2243 1568 2399 1616 plenum
2417 1581 2508 1619 gra-

1447 1619 1520 1655 tiae
1555 1625 1592 1655 et
1617 1620 1802 1664 veritatis‚·
1831 1627 1866 1656 et
1893 1620 1988 1656 infra
2015 1619 2056 1656 *ε
2086 1622 2145 1656 De
2166 1621 2395 1668 plenitudine
2431 1623 2509 1659 eius
2537 1639 2544 1647 ·
2583 1644 2618 1659 ers

1448 1684 1515 1708 nos
1530 1684 1658 1709 omnes
1677 1673 1900 1721 accepimus,
1916 1679 1951 1709 et
1966 1674 2132 1722 gratiam
2147 1685 2220 1721 pro
2239 1675 2377 1723 gratia.
2395 1675 2506 1712 Unde

1449 1725 1622 1762 subditur
1640 1725 1660 1746 ³⁶
1679 1726 1784 1774 quod
1806 1726 1934 1775 gratia
1954 1732 1988 1762 et
2006 1727 2142 1762 veritas
2164 1738 2237 1774 per
2255 1728 2379 1763 Iesum
2401 1729 2505 1764 Chri·
2537 1745 2544 1753 ·
2596 1749 2618 1764 rs

1447 1783 1543 1814 stum
1567 1779 1673 1825 facta
1701 1784 1763 1815 est.
1799 1779 1847 1815 Et
1883 1778 1970 1815 ideo
2001 1778 2179 1816 convenit
2215 1787 2256 1815 ut
2283 1792 2350 1828 per
2384 1781 2509 1828 aliqua

1450 1831 1632 1867 exteriora
1660 1831 1849 1868 sensibilia
1867 1831 1985 1879 gratia
2013 1844 2035 1868 a
2054 1832 2181 1868 Verbo
2203 1833 2401 1869 Incarnato
2421 1846 2508 1882 pro-

1449 1884 1571 1920 fluens
1609 1884 1647 1920 in
1680 1896 1750 1921 nos
1791 1884 2018 1930 deducatur;
2054 1892 2090 1921 et
2122 1897 2167 1921 ex
2198 1885 2270 1921 hac
2298 1884 2313 1915 β
2344 1885 2510 1923 interiori

1449 1937 1575 1984 gratia.
1597 1949 1666 1985 per
1693 1949 1809 1986 quam
1839 1950 1927 1974 caro
1956 1937 2100 1986 spiritui
2119 1938 2303 1985 subditur,
2325 1939 2508 1976 exteriora

1450 1990 1639 2037 quaedam
1669 2002 1786 2038 opera
1815 1990 2003 2027 sensibilia
2030 1990 2301 2039 producantur.

1504 2043 1566 2079 Sic
1593 2042 1703 2090 igitur
1722 2043 1907 2079 exteriora
1935 2055 2052 2092 opera
2073 2043 2266 2091 dupliciter
2285 2044 2333 2080 ad
2352 2044 2508 2092 gratiam

1449 2095 1634 2144 pertinere
1653 2102 1823 2144 possunt.
1841 2096 1928 2133 Uno
1948 2096 2078 2142 modo,
2099 2096 2192 2132 sicut
2211 2096 2426 2134 inducentia
2446 2098 2509 2134 ali-

1450 2148 1609 2196 qualiter
1643 2148 1691 2185 ad
1725 2148 1895 2196 gratiam.
1926 2149 1974 2185 Et
2002 2149 2088 2185 talia
2123 2157 2208 2186 sunt
2237 2162 2353 2198 opera
2388 2163 2509 2187 sacra-

1450 2209 1667 2238 mentorum
1694 2213 1793 2250 quae
1812 2201 1851 2238 in
1870 2202 1950 2249 lege
1980 2214 2083 2239 nova
2103 2209 2188 2238 sunt
2207 2202 2389 2239 instituta:
2412 2203 2507 2239 sicut

1450 2254 1671 2303 bapfismm,
1703 2254 1943 2302 eucharistia,
1974 2261 2010 2291 et
2038 2254 2108 2291 alia
2136 2254 2367 2292 huiusmodi.

1502 2307 1585 2344 Alia
1599 2319 1694 2344 vero
1714 2314 1800 2344 sunt
1820 2319 1937 2357 opera
1953 2307 2136 2344 exteriora
2156 2320 2253 2356 quae
2273 2320 2317 2344 ex
2336 2308 2511 2345 instinctu

1450 2360 1587 2408 gratiae
1606 2361 1879 2409 producuntur.
1909 2361 1958 2397 Et
1976 2360 2014 2396 in
2033 2359 2095 2405 his,
2118 2368 2173 2397 est
2192 2361 2379 2409 quaedam
2405 2361 2510 2398 diffe-

1450 2412 1567 2449 rentia
1582 2413 1821 2450 attendenda.
1835 2413 2038 2460 Quaedam
2059 2413 2160 2450 enim
2184 2414 2327 2450 habent
2342 2426 2511 2450 necessa-

1450 2466 1543 2503 riam
1564 2465 1867 2503 convenientiam
1886 2466 1948 2503 vel
1973 2466 2273 2503 contrarietatem
2292 2467 2340 2503 ad
2360 2466 2510 2503 interio-

1451 2531 1530 2556 rem
1547 2518 1717 2566 gratiam,
1729 2527 1828 2567 quae
1845 2518 1883 2555 in
1898 2518 1975 2555 fide
1990 2531 2059 2568 per
2074 2519 2314 2556 dilectionem
2330 2527 2510 2568 operante

1452 2571 1628 2608 consistit.
1655 2572 1704 2607 Et
1721 2571 1942 2608 huiusmodi
1962 2572 2146 2608 exteriora
2166 2584 2282 2620 opera
2301 2580 2387 2608 sunt
2404 2585 2510 2621 prae-

1451 2632 1558 2673 cepta
1578 2625 1639 2662 vel
1657 2624 1848 2673 prohibita
1866 2624 1904 2661 in
1933 2625 2013 2672 lege
2041 2637 2158 2661 nova:
2188 2624 2282 2661 sicut
2308 2633 2510 2674 praecepta

1452 2686 1511 2714 est
1534 2677 1719 2714 confessio
1756 2677 1864 2723 fidei,
1895 2685 1931 2714 et
1957 2677 2146 2726 prohibita
2174 2677 2342 2724 negatio;
2375 2678 2510 2714 dicitur

1451 2731 1551 2768 enim
1581 2731 1713 2767 Matth.
1735 2742 1758 2766 x
1778 2730 1817 2766 *ε
1848 2730 1923 2772 Qui
1947 2731 2180 2778 confitebitur
2203 2742 2263 2766 me
2290 2742 2419 2767 coram
2443 2732 2509 2767 ho-

1450 2784 1622 2828 minibus,
1644 2783 1847 2830 confitebor
1865 2788 1900 2819 et
1917 2795 1988 2832 ego
2017 2795 2102 2819 eum
2129 2795 2258 2819 coram
2278 2783 2390 2819 Patre
2413 2796 2507 2820 meo.

1455 2837 1529 2878 Qui
1545 2842 1669 2873 autem
1685 2836 1882 2885 negaverit
1898 2847 1959 2872 me
1977 2847 2105 2872 coram
2121 2836 2342 2881 hominihus,
2362 2838 2509 2886 negabo

1451 2895 1486 2926 et
1499 2901 1570 2939 ego
1586 2901 1670 2925 eum
1686 2900 1816 2925 coram
1831 2889 1944 2925 Patre
1958 2888 2168 2925 mea-Alia
2182 2900 2276 2924 vero
2292 2896 2377 2924 sunt
2392 2901 2510 2938 opera

1451 2955 1549 2991 quae
1570 2954 1647 2979 non
1675 2942 1817 2978 habent
1840 2941 2090 2978 necessariam
2120 2941 2419 2978 contrarietatem
2446 2943 2509 2979 vel

1452 2994 1756 3032 convenientiam
1785 2994 1833 3031 ad
1854 2994 1971 3031 fidem
1991 3006 2061 3042 per
2089 2993 2328 3032 dilectionem
2349 3006 2510 3043 operan—

1450 3056 1540 3085 tem.
1570 3049 1620 3084 Et
1647 3047 1734 3083 talia
1763 3059 1879 3095 opera
1907 3059 1985 3084 non
2013 3054 2099 3083 sunt
2118 3046 2156 3083 in
2175 3059 2278 3084 nova
2300 3047 2382 3094 lege
2401 3060 2509 3095 prae-

1452 3108 1560 3149 cepta
1573 3100 1635 3137 vel
1649 3099 1837 3148 prohibita
1857 3111 1902 3135 ex
1921 3099 2002 3148 ipsa
2020 3099 2143 3148 prima
2158 3099 2246 3147 legis
2261 3099 2508 3146 institutione;

1451 3153 1519 3190 sed
1547 3153 1673 3189 relicta
1702 3159 1787 3189 sunt
1806 3164 1829 3188 a
1848 3152 2069 3199 legislatore,
2091 3152 2231 3189 scilicet
2245 3152 2407 3200 Christo,
2427 3153 2509 3190 uni-

1454 3205 1611 3253 cuique,
1642 3205 1852 3242 secundum
1881 3205 1986 3254 quod
2014 3205 2144 3253 aliquis
2172 3210 2188 3233 Υ
2217 3217 2346 3242 curam
2379 3218 2508 3254 gerere

1452 3259 1574 3296 debet.
1605 3258 1654 3294 Et
1686 3257 1739 3294 sic
1771 3257 1975 3306 unicuique
2009 3257 2171 3295 liberum
2206 3266 2261 3295 est
2293 3258 2391 3295 circa
2423 3259 2509 3296 talia

1501 3372 1528 3405 γ)
1548 3372 1652 3403 aliquis.
1665 3386 1682 3390 —
1700 3372 1813 3396 alicuius
1827 3372 1867 3396 ed.
1880 3379 1906 3402 a,
1916 3371 2013 3404 aliquis
2027 3372 2139 3397 alicuius
2154 3372 2181 3397 Ρ.
2194 3386 2211 3390 -
2230 3372 2280 3396 Pro
2297 3372 2331 3396 Et
2345 3373 2391 3401 sic,
2405 3372 2443 3397 sic
2457 3373 2509 3402 AF,

386 3409 411 3444 β)
431 3411 520 3436 hac.—
532 3411 581 3435 hoc
594 3410 647 3439 CG,
660 3417 713 3434 om.
730 3408 861 3433 PABDFI
863 3415 888 3432 a.
900 3408 984 3432 —Pro
995 3408 1190 3440 producantur,
1206 3408 1394 3440 producuntur
1447 3408 1516 3432 sicut
1534 3406 1732 3432 BCDGHIKLa.

332 3446 540 3471 ACDEGHIKI.

2537 2748 2546 2756 ·
2562 2746 2628 2768 Vers.
2641 2752 2666 2775 3²
2682 2753 2718 2774 sq.
