2840 4010
130 2281 137 2289 ¹
153 2280 189 2302 Cf.
204 2284 270 2301 num.
283 2285 325 2300 vn.

128 2328 138 2338 ¹·
147 2327 337 2356 Durand.qu.1u.

354 171 431 217 304

413 251 451 281 11.
467 251 519 281 Ad
542 250 604 280 hoc
627 249 771 285 dubium,
789 249 876 289 quod
900 247 985 287 apud
1001 245 1200 280 Durandum,
1224 244 1257 274 in
1274 243 1299 273 11
1316 243 1414 278 Sent„

356 295 426 326 dist.
442 304 545 330 xxvm,
562 300 617 325 art.
639 294 666 330 3,
692 292 853 324 conclusio
878 297 933 326 est,
959 289 1130 320 dicendum
1154 294 1199 318 est
1218 287 1307 328 quod
1329 286 1416 317 aliud

355 346 401 370 est
424 348 518 380 posse
540 337 671 378 implere
695 342 858 376 praecepta
881 332 1080 368 huiusmodi;
1096 339 1126 362 et
1149 330 1235 362 aliud
1259 337 1305 361 est
1323 339 1416 371 posse

355 383 452 413 vitare
467 388 592 422 peccata
608 379 763 421 opposita.
787 377 949 415 Quoniam
965 374 1149 415 adimpletio
1173 381 1417 415 praeceptorum

356 427 473 458 horum
506 424 622 455 claudit
645 424 677 454 in
701 433 733 453 se
757 423 794 452 de
819 420 999 451 necessitate
1033 420 1156 450 donum
1180 419 1416 459 supernaturale

357 471 390 501 in
412 471 557 507 habente,
577 477 642 508 quo
666 466 700 497 fit
723 472 836 506 potens
860 464 1042 504 adimplere,
1063 469 1093 494 et
1116 473 1153 493 ex
1175 472 1242 503 quo
1266 462 1417 503 praecipi-

357 522 408 545 tur
430 513 615 552 adimplere:
633 520 706 541 cum
731 509 816 540 enim
832 508 953 543 dicitur,
970 508 1096 548 Diliges
1117 507 1292 538 Dominum
1311 507 1416 537 Deum

358 564 459 594 tuum,
483 563 518 586 ut
541 562 587 586 est
610 560 814 594 praeceptum
838 551 990 587 caritatis,
1014 550 1267 591 subintelligitur,
1290 551 1418 592 Diliges

357 611 398 632 ex
430 601 564 631 caritate
585 598 759 628 Dominum
784 597 887 626 Deum
912 601 1024 633 tuum;
1047 595 1102 626 ubi
1133 594 1298 626 manifeste
1332 601 1419 635 patet

358 644 460 675 claudi
491 642 649 673 caritatem
678 641 710 671 in
738 640 885 670 facultate
916 638 1120 680 adimplendi.
1152 639 1202 669 Ad
1236 638 1419 670 evitandum

357 695 463 718 autem
478 692 643 726 peccatum
667 683 848 715 omissionis
873 693 938 713 non
955 682 1088 723 exigitur
1110 683 1346 723 supernaturale
1362 682 1418 714 do-

357 741 445 767 num,
466 731 520 760 sed
536 729 650 759 sufficit
673 738 710 758 ex
733 727 927 758 naturalibus
943 727 1070 757 nullum
1091 736 1211 767 ponere
1234 727 1370 763 obicem,
1385 726 1419 757 in

357 775 511 815 nulloque
539 773 630 803 reniti
659 772 782 802 divinae
806 771 960 807 motioni,
987 771 1180 812 inquantum
1209 778 1414 811 praeceptum

358 819 476 858 obligat
498 827 556 858 pro
580 816 634 847 tali
658 823 756 847 statu:
782 815 869 846 aliter
892 815 977 846 enim
1000 815 1041 846 ad
1063 815 1161 846 alium
1185 821 1303 847 statum
1325 815 1419 856 perti-

358 870 418 893 net.
437 862 477 892 Et
500 868 666 901 propterea
689 861 714 890 si
738 867 876 901 ponatur
899 860 999 890 horno
1023 859 1054 889 in
1084 866 1166 890 statu
1190 866 1319 890 naturae
1342 859 1420 890 inte-

357 916 438 947 grae,
455 905 600 946 quamvis
623 914 790 945 nunquam
813 904 880 934 sine
895 903 1124 944 supernaturali
1149 903 1236 934 dono
1259 902 1421 944 implesset

357 956 560 991 praeceptum
585 948 718 979 caritatis
734 955 769 978 ut
792 947 845 984 sic,
863 948 929 978 sine
953 954 1059 978 tamen
1083 947 1314 987 supernaturali
1333 947 1420 978 dono

358 995 485 1025 vitasset
507 999 672 1034 peccatum
696 992 878 1023 omissionis
902 992 1049 1022 omnium
1073 998 1325 1032 praeceptorum,
1342 992 1419 1022 dum

357 1039 483 1069 nullum
497 1037 764 1077 impedimentum
787 1036 990 1077 praestitisset
1006 1036 1236 1076 supernaturali
1251 1036 1339 1066 dono
1354 1042 1421 1067 tam

357 1082 524 1113 habitualis
537 1082 662 1122 gratiae,
675 1091 773 1122 quam
790 1081 912 1111 divinae
924 1080 1077 1111 motionis
1088 1080 1241 1121 specialis,
1254 1090 1320 1121 quo
1333 1090 1422 1120 prae·

358 1126 459 1167 parari
483 1127 522 1156 ad
545 1125 676 1166 gratiam
692 1131 723 1156 et
738 1124 910 1166 adimplere
930 1123 1134 1165 praeceptum
1155 1124 1319 1165 potuisset.
1344 1124 1421 1155 Pro-

359 1178 427 1212 pter
450 1170 539 1211 quod
562 1172 682 1200 Auctor
705 1178 741 1199 ex
765 1178 803 1200 eo
827 1169 916 1210 quod
935 1169 1035 1199 homo
1059 1168 1092 1198 in
1116 1174 1197 1198 statu
1222 1175 1350 1199 naturae
1374 1168 1420 1198 in-

359 1223 461 1255 tegrae
488 1220 611 1254 poterat
641 1222 706 1243 non
736 1213 879 1243 recedere
902 1222 920 1242 a
950 1219 1019 1243 toto
1047 1212 1136 1252 quod
1169 1218 1215 1242 est
1245 1212 1422 1243 secundum

360 1266 514 1296 naturam,
538 1259 652 1299 probat
674 1257 763 1298 quod
786 1256 892 1297 potuit
914 1263 1042 1297 peccata
1063 1255 1170 1286 vitare.

419 1303 469 1333 ΙΙΙ.
495 1303 530 1332 In
554 1302 669 1333 eodem
692 1307 805 1332 octavo
833 1300 966 1331 articulo
989 1300 1125 1331 dubium
1148 1306 1195 1331 est
1223 1300 1302 1331 circa
1324 1300 1420 1337 illud,

359 1347 448 1388 quod
471 1347 570 1377 homo
588 1347 620 1376 in
635 1353 764 1386 peccato
789 1345 914 1376 mortali
939 1344 1083 1381 existens,
1106 1351 1278 1385 antequam
1301 1354 1422 1385 repare-

359 1399 410 1422 tur
425 1401 480 1431 per
495 1391 629 1431 gratiam
644 1388 875 1426 iustificantem‚
894 1399 959 1419 non
975 1395 1080 1429 potest
1094 1388 1148 1419 diu
1161 1398 1288 1419 manere
1304 1389 1423 1430 absque

359 1442 488 1476 peccato
501 1434 635 1465 mortali.
645 1433 788 1464 Dubium
799 1433 930 1474 quidem
943 1442 1095 1473 magnum
1108 1432 1244 1463 occurrit
1256 1443 1292 1463 ex
1303 1432 1421 1464 multis.

359 1479 477 1516 Primo,
501 1489 538 1509 ex
554 1479 624 1519 ipso
641 1480 789 1509 Auctore.
815 1477 899 1515 Quia
914 1477 946 1508 in
963 1477 989 1508 11
1004 1477 1105 1514 Sent„
1125 1477 1195 1508 dist.
1211 1486 1315 1513 xxvm,
1331 1487 1385 1518 qu.
1401 1487 1422 1514 1,

360 1531 416 1555 art.
434 1533 462 1560 2,
483 1523 590 1554 recitat
606 1523 687 1553 hanc
710 1522 803 1558 viam,
820 1531 918 1563 quam
941 1521 992 1552 hic
1015 1528 1100 1552 tenet
1115 1531 1174 1561 pro
1195 1521 1368 1558 sententia;
1393 1528 1424 1552 et

360 1568 462 1608 arguit
485 1574 593 1598 contra
615 1577 698 1605 eam,
722 1567 847 1602 solvens
870 1566 1025 1597 rationem
1045 1566 1126 1602 eius;
1149 1572 1179 1596 et
1202 1565 1331 1596 dimittit
1353 1575 1424 1596 eam

362 1619 397 1643 ut
413 1612 533 1642 falsam.
559 1612 595 1642 ln
610 1611 672 1642 hoc
688 1618 793 1642 autem
810 1611 883 1641 loco
899 1620 965 1641 non
982 1610 1152 1650 respondet
1169 1609 1234 1640 suis
1249 1609 1423 1641 rationibus

360 1656 479 1687 ibidem
502 1655 604 1686 factis:
631 1650 661 1686 et
683 1662 789 1685 tamen
813 1654 1000 1686 determinat
1025 1654 1222 1694 oppositum.

417 1700 567 1731 Rationes
582 1709 657 1730 suae
673 1706 747 1729 sunt
762 1699 794 1729 in
819 1698 928 1739 primis
952 1708 1010 1738 pro
1035 1697 1238 1729 conclusione
1263 1697 1421 1739 opposita.

363 1745 447 1782 Quia
470 1743 623 1775 naturalia
645 1753 701 1784 per
724 1750 889 1783 peccatum
913 1742 1045 1773 mortale
1062 1752 1127 1773 non
1144 1749 1219 1773 sunt
1234 1742 1349 1778 ablata,
1368 1742 1424 1772 sed

362 1788 526 1819 infirmata.
542 1791 589 1818 Ac
603 1797 660 1828 per
675 1788 756 1826 hoc,
777 1787 874 1818 libera
890 1786 965 1827 fuga
980 1787 1065 1823 mali,
1090 1796 1172 1827 quae
1188 1793 1234 1817 est
1248 1786 1288 1817 de
1302 1786 1423 1817 ratione

362 1833 451 1864 liberi
474 1832 600 1869 arbitrii,
617 1842 684 1862 non
699 1838 746 1862 est
760 1832 872 1870 ablata,
888 1831 943 1862 sed
957 1830 1123 1862 infirmata.
1140 1830 1181 1861 Et
1194 1836 1425 1872 consequenter

364 1887 429 1907 non
446 1877 575 1907 incurrit
590 1886 656 1906 non
673 1885 776 1916 posse,
794 1876 848 1906 sed
868 1885 933 1905 non
950 1885 1043 1915 posse
1060 1874 1150 1905 facile
1167 1875 1275 1915 fugere
1291 1874 1423 1906 malum.

419 1921 541 1951 Deinde
565 1927 672 1951 contra
695 1920 851 1950 rationem
875 1919 1010 1955 litterae,
1037 1926 1194 1960 quantum
1217 1919 1257 1950 ad
1281 1918 1424 1950 similitu-

366 1965 473 1995 dinem
495 1964 667 1995 venialium
684 1970 714 1994 et
729 1964 922 1995 mortalium.
941 1963 1025 2001 Quia
1041 1974 1107 1994 non
1126 1963 1208 1995 valet
1231 1962 1422 1994 similitudo:

365 2016 531 2050 propterea
554 2008 642 2049 quod
670 2008 804 2038 venialia
827 2009 946 2049 absque
970 2007 1193 2038 deliberatione
1218 2007 1423 2038 committun-

365 2061 431 2090 tur,
455 2053 600 2084 mortalia
616 2062 690 2083 cum
706 2052 930 2083 deliberatione
953 2058 1088 2083 tantum.
1113 2052 1204 2083 Unde
1225 2061 1289 2093 qua
1304 2052 1424 2083 ratione

365 2104 470 2139 potest
485 2098 581 2128 vitare
604 2107 716 2133 unum,
734 2103 839 2136 potest
854 2096 951 2127 vitare
967 2096 1085 2128 omnia.
1102 2114 1124 2120 ·-
1140 2097 1181 2127 Et
1203 2102 1362 2137 quantum
1384 2097 1424 2128 ad

365 2142 518 2183 temporis
541 2140 789 2172 diuturnitatem.
812 2140 896 2178 Quia
911 2140 1047 2171 liberum
1063 2140 1228 2171 arbitrium
1241 2140 1345 2172 multo
1362 2140 1424 2172 for-

365 2186 427 2217 tius
450 2185 486 2216 fit
509 2186 548 2215 ad
564 2184 747 2216 evitandum
766 2185 851 2216 aliud
867 2192 1032 2226 peccatum
1055 2191 1128 2225 post
1150 2184 1284 2216 vitatum
1308 2194 1425 2222 unum,

366 2240 463 2272 quam
486 2236 567 2260 ante.
739 2249 741 2251 ·

422 2274 474 2305 IV.
489 2273 646 2308 Secundo,
663 2273 799 2304 occurrit
814 2273 948 2303 dubium
968 2283 1004 2303 ex
1020 2272 1116 2304 Scoto
1130 2272 1149 2290 ¹*
1168 2279 1199 2303 et
1212 2273 1377 2310 Durando,
1393 2271 1426 2303 in

365 2328 458 2350 xxvm
481 2317 680 2349 distinctione
704 2318 730 2348 11
750 2317 836 2348 Sent.
853 2317 871 2336 *
893 2317 934 2348 Et
949 2323 985 2348 ut
1000 2317 1113 2348 clarius
1137 2317 1242 2348 nodus
1264 2323 1295 2348 et
1314 2316 1426 2348 veritas

365 2363 529 2398 elucescat,
554 2361 709 2393 formetur
731 2361 774 2392 sic
797 2361 876 2392 ratio
900 2368 1009 2392 contra
1031 2361 1177 2392 litteram.
1201 2363 1323 2393 Auctor
1341 2360 1428 2393 affert

365 2407 406 2438 ad
420 2407 484 2437 hoe
506 2406 539 2436 in
561 2406 663 2438 littera
677 2413 738 2437 tres
754 2405 954 2446 privationes,
972 2413 1002 2437 et
1021 2405 1077 2436 tria
1093 2405 1238 2446 positiva,
1259 2415 1295 2437 ex
1311 2405 1427 2446 quibus

365 2452 397 2481 in
414 2450 544 2481 homine
564 2450 712 2481 existente
728 2450 760 2480 in
780 2456 909 2490 peccato
929 2449 1064 2486 mortali,
1088 2449 1311 2490 impotentiam
1326 2450 1367 2480 ad
1381 2448 1427 2481 vi—

366 2495 499 2526 tandum
516 2494 570 2525 diu
587 2494 695 2525 omnia
718 2500 845 2534 peccata
868 2493 1022 2530 mortalia,
1039 2494 1205 2534 provenire
1222 2493 1305 2525 dicit.
1322 2492 1428 2524 Prima

366 2539 499 2580 privatio
516 2545 562 2569 est
577 2539 705 2579 gratiae;
731 2538 878 2574 secunda,
902 2538 967 2568 veri
983 2537 1055 2568 finis
1077 2538 1196 2575 ultimi;
1217 2538 1316 2574 tertia,
1339 2546 1428 2579 prae-

367 2581 579 2614 meditationis
603 2583 756 2618 assiduae,
779 2583 909 2623 quando
926 2588 1061 2622 oportet,
1078 2589 1136 2613 etc.
1160 2582 1303 2613 Piimum
1318 2582 1427 2623 positi—

367 2637 445 2658 vum
461 2633 507 2658 est
530 2634 638 2658 motus
661 2626 829 2667 multiplex
851 2626 1084 2657 occurrentium
1107 2627 1306 2667 agendorum
1321 2626 1370 2657 vel
1385 2626 1428 2656 vi-

367 2671 551 2707 tandorum;
576 2671 762 2707 secundum,
785 2670 856 2701 finis
873 2670 977 2701 malus
1000 2677 1264 2711 praeconceptus;
1289 2670 1426 2708 tertium,

368 2725 482 2756 pravus
505 2715 640 2746 habitus.
660 2715 701 2746 Et
723 2714 894 2755 praecipuo
918 2715 990 2745 loco
1014 2714 1144 2755 ponitur
1167 2715 1199 2745 in
1223 2715 1325 2746 littera
1338 2714 1428 2746 tertia

368 2759 514 2799 privatio,
541 2766 571 2790 et
593 2759 770 2790 secundum
792 2758 980 2799 positivum:
1005 2759 1121 2790 scilicet
1143 2758 1428 2800 impraemeditatio

368 2803 493 2834 assidua
515 2813 590 2834 cum
613 2803 699 2834 malo
722 2802 784 2833 fine
808 2809 1048 2843 praeconcepto.
1074 2803 1161 2834 Haec
1185 2803 1294 2834 omnia
1321 2809 1428 2844 patent

368 2847 503 2878 intuenti
525 2847 671 2880 litteram.

428 2892 520 2922 Tunc
550 2891 670 2932 primo,
702 2891 756 2922 sic.
787 2891 955 2922 Peccatum
987 2891 1119 2922 mortale
1150 2891 1283 2922 existens
1314 2891 1347 2922 in
1370 2891 1428 2922 ho-

370 2935 454 2965 mine
469 2945 534 2965 non
552 2936 742 2967 comitantur
757 2935 834 2966 haec
851 2935 967 2971 omnia,
992 2945 1049 2966 nec
1066 2935 1243 2976 praecipua.
1259 2935 1344 2976 Ergo
1359 2937 1427 2966 Au-

371 2986 436 3009 ctor
461 2989 497 3009 ex
521 2979 568 3009 his
592 2979 673 3009 male
696 2979 789 3010 infert
812 2979 1033 3019 impotentiam
1064 2979 1221 3011 existentis
1243 2980 1277 3010 in
1300 2985 1428 3020 peccato

371 3023 505 3054 mortali.
526 3041 546 3046 -
570 3023 806 3064 Consequentia
829 3031 914 3055 nota.
937 3041 956 3046 —
979 3024 1020 3054 Et
1043 3030 1244 3064 assumptum
1267 3024 1428 3064 probatur.

372 3067 454 3103 Quia
477 3074 537 3098 stat
552 3067 716 3098 hominem
740 3067 936 3098 commisisse
960 3068 1150 3098 adulterium
1171 3067 1278 3104 semel,
1299 3074 1331 3098 et
1345 3067 1430 3098 nolle

371 3110 507 3151 amplius
531 3111 742 3149 committere;
768 3118 798 3142 et
821 3119 987 3152 peccatum
1010 3111 1089 3143 illud
1113 3121 1178 3142 non
1202 3122 1268 3143 esse
1291 3111 1431 3143 deletum

371 3164 426 3193 per
449 3155 594 3194 gratiam:
625 3162 655 3186 et
683 3165 756 3186 cum
785 3155 862 3192 hoc,
892 3156 1005 3186 habere
1034 3155 1179 3187 habitum
1206 3155 1431 3197 temperantiae

372 3198 549 3238 acquisitae,
574 3199 648 3239 quia
671 3209 707 3229 ex
731 3209 796 3229 uno
821 3206 891 3230 actu
918 3200 1177 3240 intemperantiae
1200 3210 1266 3231 non
1290 3209 1430 3231 corrum-

372 3241 455 3280 pitur
478 3242 601 3272 habitus
625 3243 805 3283 acquisitus.
825 3244 865 3274 Et
888 3244 931 3274 sic
954 3254 1019 3274 non
1044 3244 1169 3275 habebit
1191 3244 1336 3275 habitum
1359 3253 1430 3284 pra-

371 3295 463 3321 vum,
488 3295 590 3326 neque
613 3285 710 3317 finem
733 3294 1000 3328 praeconceptum
1024 3288 1162 3324 malum;
1187 3297 1244 3319 nec
1267 3288 1370 3328 egebit
1393 3298 1430 3319 ex

373 3328 435 3359 hoc
458 3330 736 3368 praemeditatione
759 3331 859 3371 magis
882 3341 979 3372 quam
1003 3332 1100 3374 prius.

427 3372 466 3402 V.
491 3372 651 3409 Secundo,
676 3374 727 3404 sic.
750 3374 1008 3406 Concomitantia
1032 3382 1196 3415 peccatum
1220 3375 1353 3407 mortale
1376 3385 1429 3406 ne-

373 3415 516 3452 cessario,
532 3417 571 3446 ad
587 3417 787 3456 propositum
811 3418 997 3458 spectantia,
1019 3426 1092 3449 sunt
1115 3419 1192 3450 haec
1215 3419 1286 3450 tria:
1313 3419 1430 3450 scilicet

373 3459 506 3500 privatio
529 3460 658 3499 gratiae;
676 3461 808 3500 privatio
833 3462 1034 3492 subiectionis
1058 3463 1240 3503 simpliciter
1262 3464 1301 3494 ad
1324 3464 1430 3494 Deum

373 3503 523 3534 ultimum
545 3503 660 3539 finem;
687 3511 717 3534 et
739 3504 915 3535 inordinata
949 3506 1112 3536 conversio
1137 3507 1175 3536 ad
1204 3507 1429 3538 commutabile

1024 165 1289 214 QUAESTIO
1319 165 1422 211 (ΠΧ,
1451 163 1747 201 ARTicULUS
1774 163 1860 200 v111

1469 243 1602 278 bonum,
1627 252 1709 282 quae
1732 241 1850 273 transit.
1874 241 1936 272 Sed
1958 242 2035 273 haec
2059 251 2126 273 non
2148 242 2288 275 inferunt
2311 243 2407 274 talem
2429 242 2533 283 impo-

1469 286 1610 318 tentiam.
1630 286 1726 325 Ergo.
2300 316 2305 318 s

1528 330 1625 367 Quod
1649 329 1782 370 privatio
1801 329 1916 369 gratiae
1940 338 2006 359 non
2026 329 2148 366 inferat,
2172 331 2333 370 probatur.
2353 331 2442 362 Tum
2457 330 2533 372 quia

1470 381 1535 405 erat
1557 374 1590 404 in
1614 380 1724 404 natura
1747 373 1876 413 integra,
1901 372 1933 402 in
1957 382 2021 414 qua
2043 378 2168 413 poterat
2190 373 2290 404 homo
2313 372 2411 405 vitare
2435 384 2532 406 omne

1469 425 1645 459 peccatum.
1661 435 1682 441 —
1703 418 1791 448 Tum
1813 417 1889 457 quia
1911 415 2046 456 privatio
2068 426 2133 446 non
2156 416 2229 456 plus
2252 416 2336 448 tollit
2356 426 2457 458 quam
2478 418 2533 449 ha·

1470 462 1554 493 bitus
1577 461 1746 502 oppositus
1770 461 1871 502 ponit.
1895 460 1957 491 Sed
1980 460 2105 491 habitus
2128 460 2245 500 gratiae
2267 468 2336 491 non
2357 462 2451 501 ponit
2471 462 2532 493 nisi

1471 506 1643 538 efficaciam
1665 505 1817 536 merendi.
1842 505 1928 545 Ergo
1951 504 2086 545 privatio
2110 504 2178 535 eius
2200 514 2268 535 non
2283 504 2367 536 tollit
2381 505 2442 536 nini
2458 505 2530 537 hoc.

1470 551 1545 582 Non
1569 561 1644 591 ergo
1667 549 1750 581 tollit
1773 549 1949 590 potentiam
1970 548 2090 592 vitandi
2112 555 2279 588 peccatum
2301 548 2445 580 mortale.

1527 594 1624 632 Quod
1656 593 1789 634 privatio
1822 592 2025 624 subiectionis
2049 593 2087 623 ad
2111 592 2217 623 Deum
2245 591 2396 623 ultimum
2418 591 2532 630 finem,

1470 638 1533 669 hoc
1558 648 1623 668 non
1648 637 1775 673 inferat,
1801 637 1964 677 probatur.
1994 636 2079 674 Quia
2106 635 2176 667 talis
2201 635 2336 677 privatio
2367 645 2434 666 non
2458 635 2532 677 plus

1471 683 1572 722 privat
1594 680 1770 712 necessario
1797 691 1896 722 quam
1926 680 2109 720 inhaesione
2139 680 2179 710 ad
2208 679 2314 710 Deum
2338 689 2375 710 ex
2398 679 2533 711 caritate.

1472 725 1558 757 Cum
1582 726 1635 756 tali
1666 731 1772 756 autem
1794 725 1970 765 privatione
2000 735 2074 756 cum
2098 731 2157 755 stet
2179 724 2305 755 bonitas
2327 722 2476 763 moralis,
2499 730 2536 755 ut

1472 777 1558 811 patet
1580 770 1613 800 in
1636 769 1797 800 haereticis
1821 769 1890 799 sola
1911 769 2031 800 haeresi
2057 768 2239 804 maculatis,
2267 777 2465 808 consequens
2489 775 2536 799 est

1473 815 1562 855 quod
1586 813 1640 844 diu
1666 819 1771 854 potest
1795 813 1895 844 homo
1921 813 1987 844 sine
2012 813 2149 844 recidivo
2176 812 2296 843 vivere:
2321 818 2426 853 potest
2448 812 2535 843 enim

1472 868 1528 898 per
1551 858 1670 888 multos
1694 867 1795 887 annos
1818 855 1896 887 nihil
1910 856 2055 897 'cogitare
2079 857 2117 888 de
2139 857 2193 888 illa
2217 867 2274 887 sua
2296 856 2431 892 haeresi,
2457 862 2535 897 puta

1473 903 1562 944 quod
1585 902 1719 942 Spiritus
1749 900 1882 932 Sanctus
1914 910 1978 931 non
2013 901 2162 942 procedat
2185 911 2204 931 a
2226 901 2332 936 Patre;
2358 907 2389 931 et
2410 900 2443 930 in
2467 899 2535 931 aliis

1474 946 1623 977 continue
1647 952 1728 976 recte
1752 954 1784 975 se
1807 945 1921 975 habere
1940 945 2059 986 absque
2082 944 2218 982 mortali,
2235 945 2382 975 habendo
2406 944 2439 974 in
2463 943 2535 975 affe-

1474 997 1526 1021 ctu
1550 1000 1610 1021 suo
1633 989 1807 1020 stabilitum
1823 989 1928 1019 Deum
1944 988 1988 1019 sic
2002 995 2038 1019 ut
2053 998 2113 1029 pro
2129 989 2219 1019 nullo
2235 989 2464 1029 consequendo
2480 994 2535 1019 aut

1473 1035 1603 1066 vitando
1626 1034 1719 1064 vellet
1742 1032 1910 1064 offendere.
1929 1049 1947 1056 —
1971 1033 2013 1064 Et
2034 1039 2082 1064 est
2103 1042 2208 1064 sermo
2232 1042 2380 1073 praesens
2404 1032 2534 1064 seclusis

1474 1078 1647 1119 praeceptis
1659 1077 1820 1119 ¹,Ecclesiae
1837 1076 1875 1107 de
1891 1076 2160 1108 communicando
2180 1083 2211 1108 et
2226 1076 2408 1108 confitendo
2423 1077 2533 1108 toties:

1473 1123 1507 1154 in
1531 1123 1601 1153 solo
1626 1122 1711 1152 enim
1734 1121 1841 1151 divino
1865 1127 1896 1152 et
1918 1127 2047 1151 naturae
2069 1120 2138 1152 iure
2160 1121 2193 1151 lo
2218 1121 2334 1152 uimur.

1529 1167 1628 1204 Quod
1651 1165 1829 1196 inordinata
1854 1163 2017 1195 conversio
2034 1162 2152 1205 peccati
2176 1174 2193 1194 a
2239 1163 2465 1195 commutabile
2479 1164 2535 1195 bo-

1474 1220 1553 1241 num
1584 1220 1649 1241 non
1677 1209 1788 1240 inferat
1817 1209 1913 1239 talem
1942 1207 2183 1248 impotentiam,
2210 1209 2371 1248 probatur.
2396 1208 2536 1246 Quiain

1475 1265 1508 1285 se
1531 1255 1661 1296 quidem
1685 1264 1750 1284 non
1774 1260 1836 1284 est:
1854 1253 1919 1283 iam
1942 1252 2028 1283 enim
2050 1251 2182 1282 transiit.
2210 1252 2244 1282 ln
2268 1251 2380 1283 affectu
2404 1261 2535 1294 quoque

1474 1309 1541 1330 non
1564 1305 1691 1339 oportet
1706 1298 1793 1338 quod
1818 1297 2016 1328 remanserit:
2041 1296 2117 1337 quia
2132 1306 2216 1326 unus
2239 1301 2338 1335 aetus,
2357 1302 2394 1326 ut
2416 1295 2537 1327 dictum

1475 1349 1522 1374 est
1534 1342 1563 1380 *,
1588 1353 1654 1373 non
1677 1348 1804 1383 generat
1826 1341 1922 1372 talem
1944 1340 2107 1377 affectum3
2124 1340 2205 1372 sicut
2228 1350 2287 1371 nec
2309 1349 2375 1379 una
2397 1339 2538 1372 hirundo

1465 1387 1555 1428 facit
1578 1397 1634 1418 ver
1651 1386 1676 1416 *.
1701 1386 1742 1416 Et
1765 1385 1859 1416 etiam
1883 1385 1982 1416 homo
2002 1395 2039 1416 ex
2061 1385 2150 1426 puris
2173 1384 2368 1416 naturalibus
2383 1390 2490 1425 potest
2504 1394 2537 1417 se

1475 1438 1598 1462 mutare
1622 1432 1660 1461 de
1684 1430 1794 1460 affectu
1811 1430 1850 1459 ad
1867 1430 2095 1471 quodcumque
2116 1428 2343 1460 commutabile
2366 1429 2490 1459 bonum
2504 1428 2538 1459 in

1475 1475 1572 1512 aliud,
1590 1482 1626 1506 ut
1648 1473 1836 1514 experientia
1858 1479 1999 1504 testatur.

1535 1519 1633 1557 Quod
1657 1519 1787 1549 demum
1822 1518 1931 1548 omnia
1959 1517 2036 1548 haec
2062 1517 2158 1548 simul
2189 1526 2255 1547 non
2278 1516 2414 1548 inferant
2442 1516 2538 1547 tal-

1475 1563 1708 1604 impotentiam,
1730 1563 1881 1602 probatur
1902 1572 1940 1593 ex
1962 1562 2024 1592 hoc
2039 1562 2129 1602 quod
2143 1571 2210 1602 non
2233 1571 2266 1592 se
2281 1561 2401 1592 habent
2412 1567 2450 1592 ut
2468 1570 2539 1601 par·

1475 1608 1564 1639 tiales
1581 1617 1691 1639 causae
1707 1607 1849 1637 eiusdem
1873 1606 2013 1642 rationis,
2029 1612 2258 1646 componentes
2274 1615 2373 1636 unam
2395 1605 2538 1645 totalem,

1476 1659 1512 1683 ut
1534 1652 1626 1683 multi
1643 1651 1799 1682 trahentes
1823 1659 1951 1681 navem:
1969 1659 2027 1680 nec
2043 1659 2080 1680 ex
2099 1650 2143 1680 eis
2159 1649 2420 1681 concurrentibus
2442 1649 2539 1681 simul

1476 1696 1563 1727 aliud
1586 1697 1717 1726 habetur
1740 1705 1838 1736 quam
1858 1694 1984 1725 effectus
2003 1693 2134 1724 illorum
2157 1693 2262 1724 simul.
2280 1692 2379 1731 Quod
2401 1703 2469 1724 non
2492 1699 2539 1725 est

1475 1740 1676 1781 impotentia:
1701 1740 1755 1770 sed
1771 1749 1835 1769 non
1859 1748 1955 1779 posse
1971 1737 2093 1774 mereri,
2118 1747 2176 1768 nec
2195 1737 2336 1778 regulare
2353 1743 2440 1768 actus
2463 1745 2539 1768 suos

1469 1794 1513 1816 -ex
1537 1784 1671 1820 caritate,
1696 1793 1769 1814 cum
1793 1783 1918 1814 macula
1941 1788 1971 1813 et
1994 1789 2081 1814 reatu
2105 1781 2235 1822 peccati.
2511 1801 2514 1803 Α

1534 1829 1588 1860 Vl.
1613 1828 1765 1868 Arguitur
1796 1827 1909 1858 deinde
1934 1833 2042 1858 contra
2065 1826 2168 1867 ipsam
2191 1825 2396 1866 positionem.
2419 1825 2528 1857 Prima

1476 1873 1552 1915 quia
1575 1873 1716 1913 sequitur
1731 1872 1771 1902 ad
1795 1881 1864 1902 eam
1889 1877 1925 1902 ut
1943 1871 2044 1902 homo
2067 1877 2175 1911 posset
2198 1880 2230 1901 se
2249 1870 2328 1901 scire
2342 1870 2456 1900 habere
2470 1878 2538 1910 gru-

1476 1917 1553 1948 tiam
1569 1917 1627 1948 Dei
1646 1923 1736 1948 certe.
1748 1933 1768 1939 -
1785 1916 1940 1946 Probatur
1963 1915 2100 1957 sequela.
2125 1914 2210 1952 Quia
2228 1920 2334 1955 potest
2355 1913 2433 1946 scire
2457 1919 2539 1946 certe

1476 1971 1509 1992 se
1525 1961 1579 1992 diu
1604 1971 1669 1991 non
1689 1959 1885 1991 commisisse
1909 1967 2074 2000 peccatum
2090 1958 2233 1990 mortale.
2251 1958 2284 1989 Si
2307 1957 2391 1989 enim
2412 1956 2540 1989 effectus

1477 2005 1668 2036 necessarius
1699 2011 1797 2035 status
1828 2003 1985 2034 existentis
2014 2003 2047 2034 in
2075 2009 2204 2043 peccato
2239 2000 2366 2033 mortali
2395 2007 2443 2032 est
2473 2009 2540 2032 non

1477 2058 1570 2090 posse
1594 2049 1648 2080 diu
1672 2049 1768 2080 vitare
1791 2054 1958 2088 peccatum
1981 2047 2114 2078 mortale
2138 2046 2418 2082 committendum3
2444 2056 2463 2076 a
2486 2045 2541 2076 de-

1477 2093 1648 2126 structione
1664 2092 1886 2133 consequentis
1902 2092 2052 2123 inferetur
2069 2091 2239 2123 destructio
2255 2090 2477 2122 antecedentis.
2499 2089 2541 2122 Et

1477 2148 1551 2170 cum
1571 2148 1636 2168 non
1653 2137 1691 2168 sit
1707 2137 1850 2167 medium
1873 2136 1954 2167 inter
1974 2136 2107 2176 gratiam
2123 2142 2154 2166 et
2169 2142 2336 2176 peccatum
2359 2134 2495 2167 mortale
2506 2133 2540 2167 in

1477 2182 1569 2213 nobis
1586 2182 1710 2217 adultis,
1727 2181 1841 2212 scietur
1853 2180 2109 2212 certitudinaliter
2125 2179 2291 2212 hominem
2303 2189 2370 2210 esse
2381 2179 2415 2209 in
2426 2178 2539 2219 gratia:

1478 2233 1587 2258 contra
1599 2226 1677 2256 illud
1688 2224 1722 2255 *z
1738 2226 1840 2256 Nemo
1857 2226 1943 2256 novit
1958 2230 2066 2256 utrum
2082 2224 2157 2256 odio
2166 2224 2218 2255 vel
2231 2233 2342 2254 amore
2356 2223 2478 2265 dignus
2488 2221 2539 2254 sit.

1533 2271 1600 2302 VIl.
1614 2270 1770 2306 Secundo,
1789 2269 1891 2310 arguit
1905 2269 2028 2306 Scotus,
2043 2269 2076 2299 in
2094 2278 2190 2299 xxvm
2208 2266 2409 2299 distinetione
2424 2267 2542 2298 Secun-

1478 2315 1519 2352 di,
1544 2315 1598 2346 sic.
1622 2314 1765 2344 Existens
1788 2314 1820 2344 in
1844 2320 1973 2354 peccato
1998 2313 2124 2344 mortali
2148 2318 2254 2353 potest
2266 2311 2300 2342 in
2315 2312 2378 2343 hoc
2397 2318 2542 2352 tempore

1479 2369 1587 2390 cavere
1609 2359 1648 2389 ab
1672 2358 1734 2389 hoc
1757 2358 1882 2389 mortali
1909 2365 1940 2388 et
1966 2357 2034 2388 illo.
2063 2358 2104 2388 Et
2132 2357 2212 2388 dum
2239 2363 2327 2388 cavet
2353 2356 2430 2392 hoc,
2453 2362 2543 2387 cavet

1479 2413 1586 2435 omne.
1610 2403 1651 2433 Et
1674 2402 1815 2433 similiter
1837 2402 1876 2432 de
1892 2409 2036 2442 tempore
2051 2407 2282 2442 consequente:
2299 2407 2330 2431 et
2345 2400 2389 2431 sic
2404 2400 2444 2430 de
2459 2409 2540 2431 sem-

1479 2458 1544 2488 per.
1561 2448 1646 2487 Ergo
1662 2453 1766 2487 potest
1782 2456 1889 2477 cavere
1906 2456 2030 2487 semper
2044 2445 2140 2476 simul
2156 2444 2276 2476 omnia.
2287 2462 2307 2467 —
2317 2446 2540 2483 Assumptum‚

1478 2502 1538 2535 pro
1553 2492 1654 2532 prima
1673 2498 1769 2532 parte,
1795 2497 1841 2521 est
1856 2490 1974 2531 positio
1997 2497 2063 2521 tua.
2079 2507 2100 2513 —
2120 2489 2182 2520 Pro
2206 2488 2357 2524 secunda,
2377 2488 2540 2528 probatur.

1479 2536 1564 2574 Quia
1586 2536 1733 2566 voluntas
1753 2544 1818 2565 non
1837 2541 1943 2575 potest
1958 2533 2053 2565 simul
2068 2533 2182 2564 habere
2198 2532 2339 2563 diversos
2354 2540 2538 2568 consensus,

1479 2581 1535 2621 qui
1559 2580 1761 2620 requiruntur
1783 2579 1824 2609 ad
1839 2586 1946 2610 actum
1970 2578 2100 2609 cavendi
2123 2577 2195 2614 hoc,
2219 2583 2249 2607 et
2269 2583 2375 2607 actum
2391 2575 2540 2606 commit-

1479 2625 1565 2656 tendi
1588 2624 1675 2654 aliud
1698 2623 1846 2654 mortale:
1871 2623 2008 2654 maxime
2031 2622 2106 2664 quia
2129 2621 2275 2653 resistens
2297 2621 2355 2652 uni
2370 2620 2405 2651 fit
2428 2619 2542 2651 fortior

1480 2669 1520 2699 ad
1542 2669 1751 2699 resistendum
1774 2667 1852 2699 aliis-

1534 2712 1616 2744 V111.
1643 2712 1693 2742 Ad
1724 2711 1913 2742 evidentiam
1943 2711 2038 2742 huius
2068 2709 2276 2745 difficultatis,
2302 2708 2466 2740 sciendum
2497 2713 2544 2739 est

1480 2758 1568 2798 quod
1591 2763 1658 2787 tota
1681 2755 1848 2787 difficultas
1872 2755 2015 2786 consistit
2037 2754 2069 2784 in
2092 2754 2171 2791 hoc,
2194 2753 2282 2795 quod
2307 2752 2423 2789 homo,
2448 2751 2543 2783 etiam

1479 2808 1553 2842 post
1575 2807 1739 2840 peccatum
1763 2799 1895 2831 mortale
1915 2806 1944 2831 et
1967 2799 2089 2830 malum
2112 2797 2266 2834 habitum,
2286 2804 2333 2828 est
2355 2796 2444 2827 liberi
2465 2792 2543 2827 arbi-

1480 2846 1532 2877 trii
1547 2845 1653 2886 quoad
1670 2851 1776 2875 actum
1786 2844 1991 2875 deliberandi:
2005 2842 2148 2884 alioquin
2164 2852 2230 2873 non
2246 2848 2388 2882 peccaret
2399 2848 2544 2882 unquam

1481 2889 1667 2924 mortaliter;
1692 2889 1846 2930 quoniam
1870 2888 1936 2918 sine
1958 2887 2135 2918 voluntaria
2159 2886 2382 2918 deliberatione
2408 2884 2544 2926 positive

1480 2934 1531 2964 vel
1553 2933 1705 2973 negative,
1722 2943 1788 2963 non
1805 2939 1909 2973 potest
1932 2938 2097 2972 peccatum
2114 2931 2247 2962 mortale
2265 2929 2391 2967 incurri,
2408 2936 2444 2960 ut
2459 2934 2545 2969 patet

1482 2988 1519 3009 ex
1535 2977 1719 3018 supradictis
1730 2976 1758 3008 *.
1775 2977 1947 3008 Voluntate
1963 2982 2070 3007 autem
2086 2976 2236 3006 existente
2250 2974 2348 3005 libera
2362 2974 2403 3005 ad
2425 2973 2544 3017 delibe-

1481 3023 1627 3058 randum,
1647 3021 1820 3061 implicatio
1837 3020 2094 3051 contradictionis
2109 3020 2234 3050 videtur
2256 3018 2358 3049 dicere
2373 3017 2462 3059 quod
2478 3026 2544 3048 uon

1484 3073 1588 3107 potest
1610 3065 1706 3096 vitare
1730 3065 1839 3095 omnia
1862 3071 1988 3105 peccata
2017 3064 2174 3095 mortalia.
2197 3063 2282 3094 Nam
2305 3062 2331 3093 si
2359 3062 2456 3094 libera
2479 3066 2544 3098 est,

1483 3117 1587 3151 potest
1602 3110 1634 3140 in
1652 3116 1823 3150 utrumque
1839 3109 2078 3150 oppositorum:
2103 3107 2222 3140 scilicet
2235 3106 2406 3138 deliberare
2421 3105 2545 3137 vitatio-

1484 3165 1568 3191 nem,
1588 3154 1638 3185 vel
1661 3153 1921 3185 commissionem
1937 3152 2065 3193 peccati.
2082 3152 2124 3183 Et
2146 3152 2173 3183 si
2194 3162 2260 3183 non
2274 3157 2380 3192 potest
2403 3150 2442 3181 de
2458 3155 2543 3182 utro-

1484 3209 1546 3240 que
1569 3205 1604 3229 ut
1627 3198 1702 3229 libet
1725 3197 1904 3234 deliberare,
1925 3207 1991 3228 non
2016 3203 2062 3228 est
2083 3196 2180 3227 libera
2202 3196 2234 3226 in
2259 3194 2472 3226 deliberando.

1538 3243 1603 3273 Nec
1632 3241 1740 3273 satisfit
1770 3241 1948 3283 quaestioni
1980 3241 2054 3272 huic
2084 3240 2218 3271 dicendo
2248 3240 2338 3281 quod
2370 3247 2429 3279 pro
2455 3242 2544 3269 tanto

1484 3286 1598 3318 dicitur
1612 3297 1678 3317 non
1694 3296 1788 3327 posse
1799 3286 1895 3318 vitare
1908 3295 2004 3316 omne
2016 3292 2182 3325 peccatum
2197 3284 2340 3320 mortale,
2352 3292 2412 3323 pro
2423 3286 2544 3322 quanto

1483 3341 1549 3361 non
1572 3337 1676 3371 potest
1698 3330 1870 3371 adimplere
1893 3336 2098 3371 praeceptum
2129 3328 2262 3360 caritatis
2285 3334 2315 3358 et
2336 3324 2544 3366 susceptionis

1484 3381 1764 3406 sacramentorum.
1780 3374 1867 3405 Haec
1883 3383 2023 3415 namque
2047 3372 2122 3414 fuga
2137 3372 2272 3414 exclusa
2285 3377 2332 3402 est
2344 3379 2403 3412 per
2424 3368 2544 3400 antedi-

1485 3418 1572 3450 cta*:
1591 3419 1707 3450 scilicet
1719 3418 1807 3460 quod
1823 3417 1895 3459 plus
1911 3417 2080 3459 requiritur
2094 3417 2133 3447 ad
2147 3415 2348 3457 implendum
2364 3413 2441 3444 haec
2456 3422 2543 3454 prae—

1485 3470 1583 3504 cepta,
1601 3473 1698 3504 quam
1713 3463 1752 3493 ad
1767 3461 1933 3493 vitandum
1949 3467 2125 3502 peccatum.
2146 3458 2310 3498 Quoniam
2325 3457 2365 3488 ad
2378 3457 2544 3488 vitandum

1485 3514 1650 3548 peccatum
1674 3506 1788 3537 sufficit
1810 3515 1876 3536 non
1900 3514 2019 3546 ponere
2043 3503 2309 3544 impedimentum
2328 3501 2450 3532 divinae
2474 3511 2544 3531 mo-

2565 1347 2574 1357 ·
2589 1345 2661 1368 Nam.
2675 1351 2708 1368 ιν.

2565 1392 2574 1401 ·
2589 1390 2626 1413 cf.
2640 1390 2728 1422 'Ax-ist„
2743 1389 2777 1412 Ε-

2565 1417 2620 1439 tkic.
2635 1417 2676 1439 hb.
2686 1417 2698 1439 1
2709 1443 2716 1450 ⁸
2724 1422 2778 1465 enp-

2565 1449 2611 1492 1νέἑί
2611 1443 2692 1492 ⁴nir&-
2700 1432 2752 1466 §.T
2771 1458 2779 1465 .

2568 2184 2578 2193 ·
2587 2182 2664 2205 Eccle.
2679 2186 2732 2209 etp.
2743 2187 2781 2208 ix,

2567 2214 2628 2232 vm.
2643 2214 2660 2231 Ι.

2572 2975 2783 3024 &Sabin-222³:

2570 3027 2697 3082 inqffio.
2701 3031 2770 3049 m
2775 3042 2782 3054 '

2572 3419 2580 3427 ·
2596 3419 2668 3442 Num.
2682 3425 2708 3442 u.
