2840 4010
191 246 207 272 Υ

91 293 132 315 ⁸S.
141 292 245 315 Th.1ect.
252 299 283 314 vr.
293 303 304 308 —

91 319 143 341 nid.
153 320 191 342 ma.
202 320 240 347 111,
251 325 302 347 cap.

92 351 126 372 111,
142 352 164 368 ιι.
179 352 201 374 9.

188 438 203 464 δ

85 2465 96 2476 “
111 2464 159 2492 Qu.
172 2470 209 2493 xc,
224 2467 266 2487 art.
275 2470 296 2487 2.

92 3419 102 3429 *
125 3418 161 3439 De
183 3417 243 3439 Fide
259 3417 305 3439 Or-

92 3444 156 3493 fied.
165 3444 304 3472 lib.111‚cap.

337 169 407 206 170

330 250 408 274 non
439 238 553 275 entis:
583 246 618 275 et
645 250 759 287 super
790 239 864 275 hoc
901 235 1086 285 principio
1125 234 1255 271 omnia
1283 234 1355 270 alia
1374 239 1389 261 Υ

330 291 544 338 fundantur,
565 298 606 327 ut
625 291 757 328 dicitur
784 291 822 327 in
849 290 900 326 lV
917 289 1133 336 Metaphys.
1154 286 1174 308 '¹‘
1203 287 1306 323 Sicut
1325 299 1390 323 au-

329 351 405 380 tem
428 356 494 381 ens
514 351 570 380 est
596 343 764 391 primurn
784 342 890 391 quod
910 340 1008 377 cadit
1027 340 1065 376 in
1085 339 1389 388 apprehensione

330 397 556 445 simpliciter,
586 396 635 432 ita
664 396 809 431 bonum
839 401 893 430 est
920 393 1088 441 primum
1108 392 1213 441 quod
1233 392 1332 430 cadit
1350 392 1389 429 in

330 448 629 497 apprehensione
657 446 842 495 practicae
862 446 1028 492 rationis,
1049 457 1147 493 quae
1167 445 1362 482 ordinatur
1375 443 1389 467 δ

329 503 376 539 ad
406 514 524 549 opus:
554 512 669 536 omne
699 499 801 535 enim
830 510 945 546 agens
971 498 1046 546 agit
1072 507 1229 547 propter
1255 498 1387 546 finem,

329 554 393 601 qui
421 554 534 589 habet
563 552 747 588 rationem
778 552 880 588 boni.
911 552 960 588 Et
987 551 1073 588 ideo
1101 551 1269 600 primum
1288 551 1389 600 prin-

329 606 468 655 cipium
499 606 536 641 in
565 604 708 641 ratione
733 604 897 652 practica
922 612 978 641 est
1000 605 1106 652 quod
1129 604 1309 642 fundatur
1327 617 1388 641 su-

327 671 395 707 pra
427 658 611 694 rationem
645 657 757 704 boni,
788 670 886 706 quae
920 665 992 705 est,
1021 659 1172 694 Bonum
1200 663 1255 694 est
1289 658 1390 706 quod

327 711 454 748 omnia
482 715 668 758 appetunt.
700 711 786 746 Hoc
815 717 870 747 est
898 722 987 758 ergo
1007 710 1174 758 primum
1194 715 1206 732 ⁸
1233 722 1387 758 praece-

326 771 433 812 ptum
462 763 570 811 legis,
605 763 710 811 quod
742 764 881 800 bonum
910 769 965 800 est
982 764 1209 811 faciendum
1237 769 1273 799 et
1296 775 1387 812 pro-

325 816 573 865 sequendum,
602 821 638 852 et
669 816 811 852 malum
843 816 1051 853 vitandum.
1080 817 1129 852 Et
1161 827 1276 864 super
1312 817 1387 853 hoc

325 869 530 906 fundantur
557 868 688 906 omnia
717 869 786 906 alia
805 877 1008 918 praecepta
1035 869 1126 916 legis
1150 875 1323 905 naturae:
1347 876 1388 905 ut

325 922 464 959 scilicet
484 921 614 959 omnia
637 921 698 958 illa
723 921 896 959 facienda
918 922 980 959 vel
1003 921 1158 958 vitanda
1178 921 1389 969 pertineant

325 976 374 1012 ad
401 982 605 1024 praecepta
642 975 732 1023 legis
767 982 943 1022 naturae,
973 986 1072 1022 quae
1101 974 1195 1011 ratio
1223 974 1388 1023 practica

325 1028 542 1065 naturaliter
569 1028 819 1076 apprehendit
846 1040 929 1065 esse
958 1029 1061 1064 bona
1088 1027 1268 1064 humana.

379 1081 479 1128 Quia
498 1093 592 1118 vero
613 1082 759 1117 bonum
779 1081 895 1118 habet
914 1080 1100 1117 rationem
1121 1080 1219 1127 finis,
1241 1080 1386 1117 malum

325 1141 453 1171 autem
483 1134 668 1170 rationem
698 1133 894 1180 contrarii,
924 1133 1010 1170 inde
1040 1140 1095 1169 est
1127 1133 1233 1180 quod
1257 1132 1387 1170 omnia

324 1187 385 1224 illa
405 1188 453 1224 ad
469 1199 568 1234 quae
585 1187 705 1223 homo
724 1187 840 1222 habet
858 1186 1070 1222 naturalem
1090 1185 1385 1234 inclinationem,

326 1239 419 1276 ratio
445 1240 663 1276 naturaliter
690 1239 941 1287 apprehendit
958 1246 999 1274 ut
1019 1238 1133 1285 bona,
1155 1246 1191 1275 et
1209 1250 1279 1287 per
1298 1251 1387 1275 con-

325 1305 488 1341 sequens
515 1299 557 1328 ut
583 1304 700 1341 opere
729 1291 1013 1340 prosequenda,
1044 1298 1081 1327 et
1109 1291 1296 1328 contraria
1324 1303 1387 1328 eo-

324 1358 409 1382 rum
437 1353 479 1382 ut
507 1345 607 1381 mala
636 1353 672 1381 et
698 1344 866 1382 vitanda.
901 1343 1123 1381 Secundum
1150 1343 1260 1392 igitur
1288 1343 1387 1381 ordi-

324 1411 413 1435 nem
446 1398 730 1435 inclinationum
758 1397 998 1444 naturalium,
1028 1404 1084 1433 est
1111 1397 1207 1434 ordo
1236 1409 1388 1446 praece·

322 1459 478 1501 ptorum
498 1451 589 1499 legis
613 1458 781 1488 naturae.
813 1452 912 1487 Inest
932 1450 1033 1487 enim
1053 1449 1176 1498 primo
1197 1449 1386 1487 inclinatio

324 1504 470 1541 homini
504 1504 552 1541 ad
586 1505 731 1541 bonurn
771 1504 981 1541 secundum
1023 1510 1199 1540 naturam
1235 1502 1274 1539 in
1312 1515 1388 1552 qua

326 1558 583 1594 communicat
603 1569 691 1594 curn
716 1557 896 1593 omnibus
925 1555 1157 1593 substantiis:
1186 1563 1301 1604 prout
1319 1556 1387 1593 sci-

324 1611 408 1647 licet
436 1610 625 1659 quaelibet
653 1610 860 1646 substantia
888 1609 1029 1658 appetit
1054 1608 1386 1646 conservationem

325 1664 382 1700 sui
412 1676 493 1700 esse
522 1664 732 1700 secundum
753 1675 863 1699 suam
889 1670 1077 1699 naturam.
1098 1663 1147 1699 Et
1175 1663 1386 1700 secundum

325 1718 422 1753 hanc
447 1716 742 1763 inclinationem,
762 1716 949 1764 pertinent
968 1715 1016 1752 ad
1031 1716 1153 1763 legem
1174 1716 1385 1752 naturalem

325 1782 370 1806 ea
388 1782 457 1818 per
485 1781 583 1818 quae
603 1769 681 1806 vita
701 1769 867 1805 hominis
897 1775 1154 1814 conservatur,
1177 1776 1213 1805 et
1241 1776 1388 1805 contra-

325 1823 423 1859 rium
440 1822 654 1871 impeditur.
676 1843 699 1849 -
723 1822 901 1859 Secundo
922 1822 1019 1858 inest
1038 1821 1183 1858 homini
1199 1821 1388 1858 inclinatio

377 1937 403 1970 γ)
422 1937 486 1961 alia.
503 1950 523 1956 -
535 1936 673 1968 principia
692 1937 788 1961 addunt
807 1936 858 1961 EF.

376 1971 402 2004 δ)
421 1972 574 1997 ordinatur.
591 1985 610 1990 -
627 1971 738 1996 ordinat
757 1972 809 1997 EF.

376 2008 398 2040 ε)
413 2008 542 2039 primum.
563 2021 578 2026 —
598 2007 660 2032 Om.
678 2007 838 2039 ACEFLpB.

956 158 961 162 “
1000 157 1265 204 QUAESTIO
1295 156 1431 202 XCIV,
1461 155 1756 192 ARTICULUS
1785 157 1835 192 111

1446 233 1494 270 ad
1523 234 1648 282 aliqua
1677 233 1798 281 magis
1827 234 2013 282 specialia,
2039 236 2251 274 secundum
2271 243 2445 273 naturam
2467 234 2505 270 in

1446 298 1520 335 qua
1550 285 1808 322 communicat
1836 297 1925 323 curn
1953 287 2085 327 ceteris
2109 289 2347 326 animalibus.
2370 289 2419 325 Et
2447 299 2504 324 se-

1445 339 1614 376 cundum
1642 339 1737 386 hoc,
1768 338 1942 375 dicuntur
1969 350 2014 375 ea
2042 351 2124 376 esse
2152 341 2200 377 de
2227 342 2309 389 lege
2345 340 2503 378 naturali

1444 404 1541 441 quae
1560 397 1696 429 natura
1725 391 1852 428 omnia
1872 391 2054 428 animalia
2072 392 2198 428 docuit
2212 391 2243 439 ²⁸²,
2263 401 2305 430 ut
2334 401 2389 430 est
2413 405 2502 430 con-

1444 445 1583 482 iunctio
1603 444 1615 469 ζ
1644 444 1758 482 maris
1784 452 1819 481 et
1838 443 2012 490 feminae,
2033 451 2070 480 et
2089 445 2262 481 educatio
2281 445 2500 493 liberorum,

1445 506 1480 534 et
1498 498 1643 535 similia.
1661 519 1685 526 -
1701 498 1831 534 Tertio
1847 493 1966 534 modo‘
1980 497 2076 534 inest
2089 496 2235 533 homini
2250 497 2438 534 inclinatio
2454 499 2502 535 ad

1443 552 1589 588 bonurn
1617 551 1828 588 secundum
1858 558 2031 599 naturam
2055 549 2220 596 rationis,
2241 561 2339 598 quae
2360 556 2415 586 est
2433 549 2503 586 sibi

1443 604 1616 653 propria:
1646 604 1741 641 sicut
1769 604 1888 641 homo
1917 604 2032 640 habet
2062 603 2272 639 naturalem
2299 601 2503 639 inclinatio-

1443 669 1532 694 nem
1561 656 1609 693 ad
1636 657 1711 693 hoc
1738 657 1843 705 quod
1870 656 2068 694 veritatem
2097 662 2301 703 cognoscat
2329 654 2376 691 de
2403 655 2502 701 Deo,

1443 717 1479 746 et
1506 709 1556 746 ad
1583 710 1658 746 hoc
1685 709 1789 757 quod
1813 709 1852 745 in
1872 709 2049 746 societate
2079 708 2192 746 vivat.
2215 709 2263 744 Et
2290 707 2502 744 secundum

1441 764 1534 809 hoc,
1564 762 1611 799 ad
1639 763 1762 809 legem
1801 762 2010 799 naturalem
2038 761 2225 810 pertinent
2253 773 2299 797 ea
2326 771 2426 808 quae
2453 760 2501 796 ad

1441 814 1662 853 huiusmodi
1699 813 1978 851 inclinationem
2018 821 2208 863 spectant:
2237 820 2368 862 utpote
2397 812 2502 861 quod

1441 869 1560 905 homo
1589 866 1840 915 ignorantiam
1858 866 1961 914 vitet,
1991 867 2097 915 quod
2121 867 2214 904 alios
2234 879 2312 904 non
2332 864 2503 902 offendat

1443 933 1529 958 cum
1549 921 1686 968 quibus
1706 919 1819 956 debet
1839 920 2067 967 conversari,
2086 927 2121 957 et
2140 927 2263 957 cetera
2281 915 2502 956 huiusmodi

1441 986 1540 1023 quae
1569 973 1618 1010 ad
1645 974 1720 1010 hoc
1748 979 1929 1020 spectant.

1494 1028 1553 1064 An
1569 1037 1704 1063 PRlMUM
1719 1036 1817 1062 ERGO
1833 1035 2017 1066 melerinum
2032 1025 2138 1072 quod
2156 1025 2287 1062 omnia
2305 1024 2375 1061 ista
2394 1034 2502 1072 prae-

1442 1088 1551 1128 cepta
1565 1079 1656 1127 legis
1671 1086 1839 1124 naturae,
1856 1077 2079 1126 inquantum
2095 1078 2304 1115 referuntur
2318 1077 2366 1114 ad
2381 1087 2501 1113 unum

1440 1133 1607 1181 primum
1636 1138 1895 1180 praeceptum,
1915 1130 2057 1166 habent
2075 1130 2262 1168 rationem
2280 1130 2392 1167 unius
2410 1128 2503 1177 legis

1441 1185 1629 1231 naturalis.
2020 1219 2024 1224 ,
2442 1206 2445 1209 «

1494 1239 1555 1275 An
1583 1248 1772 1274 SECUNDUM
1801 1247 1985 1272 memnon
2014 1236 2119 1282 quod
2139 1246 2274 1271 omnes
2292 1234 2500 1271 inclinatio—

1442 1303 1509 1328 nes
1528 1296 1546 1318 η
1575 1300 1905 1339 quarumcumque
1932 1288 2096 1337 partium
2120 1288 2312 1324 humanae
2331 1293 2499 1334 naturae,

1442 1351 1533 1394 puta
1557 1341 1858 1391 concupiscibilis
1882 1349 1919 1378 et
1937 1341 2143 1388 irascibilis,
2163 1341 2375 1377 secundum
2396 1339 2501 1388 quod

1442 1397 1659 1445 regulantur
1687 1395 1841 1442 ratione,
1861 1394 2048 1443 pertinent
2067 1394 2117 1431 ad
2136 1394 2260 1442 legem
2280 1393 2506 1440 naturalem„

1443 1457 1478 1487 et
1506 1449 1737 1486 reducuntur
1765 1447 1813 1485 ad
1842 1459 1963 1484 unum
1991 1447 2158 1496 primum
2182 1453 2440 1495 praeceptum,
2459 1451 2503 1482 ut

1442 1503 1583 1540 dictum
1614 1509 1669 1538 est
1687 1501 1717 1537 ³⁶.
1738 1501 1788 1537 Et
1814 1500 2024 1537 secundum
2046 1501 2133 1547 hoc,
2154 1507 2239 1536 sunt
2257 1500 2375 1536 multa
2393 1509 2502 1547 prae-

1442 1563 1551 1605 cepta
1578 1554 1669 1603 legis
1697 1561 1851 1590 naturae
1881 1553 1919 1590 in
1947 1553 2091 1602 seipsis,
2122 1565 2220 1602 quae
2247 1560 2376 1590 tamen
2396 1563 2501 1588 com-

1441 1608 1637 1646 municant
1664 1607 1702 1643 in
1730 1619 1806 1643 una
1834 1606 1971 1643 radice.
2168 1606 2171 1609 ⁴

1494 1664 1553 1699 AD
1581 1672 1740 1697 TERTmM
1763 1671 1947 1697 memnon
1968 1659 2073 1708 quod
2092 1658 2198 1706 ratio,
2221 1657 2288 1695 etsi
2307 1657 2345 1694 in
2365 1669 2406 1693 se
2424 1667 2502 1693 una

1442 1715 1499 1762 sit,
1515 1722 1642 1751 tamen
1658 1720 1713 1749 est
1728 1712 1940 1749 ordinativa
1959 1711 2135 1748 omnium
2150 1722 2249 1759 quae
2264 1710 2312 1747 ad
2326 1709 2502 1747 homines

1442 1775 1623 1817 spectant.
1644 1767 1693 1803 Et
1711 1765 1923 1802 secundum
1943 1765 2029 1812 hoc,
2049 1765 2119 1801 sub
2139 1765 2220 1812 lege
2240 1762 2394 1800 rationis
2414 1773 2503 1799 con-

1442 1821 1607 1858 tinentur
1635 1819 1765 1856 omnia
1789 1831 1835 1855 ea
1853 1830 1951 1867 quae
1980 1818 2124 1855 ratione
2145 1817 2304 1865 regulari
2331 1822 2502 1866 possunt.

1494 1934 1520 1967 ζ)
1539 1934 1696 1960 coniunctio.
1714 1947 1733 1953 —
1750 1933 1908 1959 commixtio
1927 1933 1973 1958 Pa.

1493 1971 1520 2003 η)
1541 1970 1732 1995 inclinationes.
1752 1982 1770 1988 —-
1788 1968 1940 1994 huiusmodi
1958 1967 2143 1994 inclinationes
2160 1967 2208 1992 Pa.

1129 2155 1446 2198 ARTICULUS
1474 2155 1701 2197 TERTIUS

755 2258 910 2289 UTRUM
935 2257 1082 2288 OMNES
1106 2257 1250 2288 ACTUS
1273 2257 1505 2288 VIRTUTUM
1529 2256 1626 2287 SINT
1649 2256 1707 2286 DE
1731 2255 1845 2286 LEGE
1868 2254 2078 2287 NATURAE

376 2392 384 2399 .
442 2383 457 2396 „ff
473 2372 492 2401 4'
536 2363 558 2388 D
577 2363 737 2388 TERTIUM
757 2363 810 2388 sm
832 2362 1072 2388 PROCEDITUR.
1102 2350 1260 2388 Videtur
1284 2350 1389 2399 quod

384 2400 399 2421 ‘⁴
536 2417 613 2441 non
642 2416 777 2441 omnes
806 2412 910 2440 actus
938 2404 1121 2441 virtutum
1147 2404 1220 2441 sint
1239 2404 1286 2441 de
1306 2403 1388 2451 lege

401 2470 458 2506 Ψ
509 2465 704 2494 naturae.
727 2457 840 2504 Quia,
856 2465 897 2493 ut
916 2470 1031 2506 supra
1048 2458 1067 2479 *
1088 2457 1231 2494 dictum
1252 2463 1319 2504 est,
1342 2456 1388 2493 de

381 2483 471 2539 3²⁹&
493 2500 680 2547 ratione
700 2510 790 2557 legis
811 2518 866 2547 est
887 2518 929 2546 ut
953 2510 1148 2547 ordinetur
1173 2510 1222 2548 ad
1242 2510 1390 2547 bonum

326 2575 541 2601 commune.
565 2563 641 2600 Sed
662 2563 820 2610 quidam
839 2563 1021 2600 virtutum
1043 2571 1147 2600 actus
1169 2563 1390 2600 ordinantur

325 2617 373 2654 ad
402 2617 548 2652 bonum
577 2615 767 2665 privatum
798 2616 976 2652 alicuius:
1005 2624 1046 2653 ut
1064 2624 1167 2666 patet
1185 2616 1389 2665 praecipue

325 2670 363 2707 in
392 2669 535 2706 actibus
564 2669 846 2717 temperantiae.
882 2669 972 2705 Non
1003 2682 1092 2718 ergo
1122 2681 1257 2706 omnes
1285 2677 1390 2706 actus

325 2724 507 2761 virtutum
537 2722 608 2770 legi
636 2722 849 2758 subduntur
877 2723 1047 2759 naturali.
1302 2755 1307 2759 .
1374 2731 1377 2735 '

381 2788 415 2813 2.
442 2777 675 2821 PRAETEREA,
702 2775 832 2812 omnia
850 2782 1006 2823 peccata
1035 2775 1221 2824 aliquibus
1248 2774 1391 2812 virtuo-

326 2829 375 2866 sis
404 2829 548 2865 actibus
569 2835 827 2876 opponuntur.
850 2828 889 2864 Si
909 2828 1019 2875 igitur
1038 2841 1173 2865 omnes
1194 2836 1298 2865 actus
1316 2827 1390 2864 vir-

326 2890 448 2918 tutum
483 2882 555 2918 sint
589 2882 636 2918 de
671 2882 753 2928 lege
785 2889 961 2927 naturae,
997 2881 1148 2918 videtur
1180 2893 1225 2918 ex
1259 2893 1390 2918 conse-

327 2935 455 2982 quenti
484 2935 589 2983 quod
614 2934 743 2971 omnia
771 2942 927 2983 peccata
948 2933 1020 2970 sint
1045 2941 1174 2970 contra
1202 2942 1389 2971 naturam.

328 2988 444 3034 Quod
476 2995 605 3024 tamen
640 2987 848 3036 specialiter
877 2987 924 3023 de
959 2986 1190 3034 quibusdam
1227 2986 1391 3035 peccatis

329 3041 473 3077 dicitur.

384 3095 417 3130 3.
438 3094 671 3139 PRAETEREA,
693 3093 730 3131 in
754 3093 812 3130 his
842 3105 940 3142 quae
971 3100 1057 3130 sunt
1085 3092 1297 3130 secundum
1327 3105 1392 3129 na-

329 3153 465 3193 turam,
491 3159 626 3183 omnes
656 3147 900 3184 conveniunt.
933 3147 1009 3184 Sed
1037 3146 1076 3182 in
1104 3146 1250 3182 actibus
1277 3145 1393 3183 virtu-

330 3206 409 3234 tum
448 3211 524 3235 non
564 3212 699 3236 omnes
738 3199 991 3236 conveniunt:
1026 3199 1165 3247 aliquid
1199 3198 1301 3235 enim
1338 3205 1393 3235 est

329 3251 542 3287 virtuosum
562 3253 638 3300 uni,
660 3253 765 3300 quod
787 3261 841 3290 est
860 3253 964 3290 alteri
978 3252 1170 3289 vitiosum.
1192 3252 1294 3300 Ergo
1314 3264 1392 3289 non

332 3315 465 3340 omnes
494 3312 597 3341 actus
625 3306 805 3343 virtutum
836 3314 923 3342 sunt
951 3306 997 3343 de
1027 3307 1107 3354 lege
1136 3312 1304 3342 naturae.

386 3357 460 3393 SED
489 3368 633 3394 CONTRA
661 3370 725 3394 EST
744 3359 849 3407 quod
870 3360 1131 3395 Damascenus
1161 3358 1263 3404 dicit,
1283 3358 1321 3395 in
1342 3358 1391 3394 111

331 3408 426 3445 libro
441 3409 473 3456 ³¹²,
490 3410 593 3458 quod
613 3411 763 3447 virtutes
782 3417 867 3447 sunt
885 3410 1086 3448 naturales.
1108 3412 1211 3459 Ergo
1232 3418 1268 3448 et
1287 3418 1393 3448 actus

331 3462 489 3500 virtuosi
518 3462 712 3499 subiacent
739 3464 810 3510 legi
839 3471 1006 3501 naturae.

1497 2349 1721 2385 REsponnEo
1751 2359 1935 2386 mCENDUM
1964 2347 2070 2396 quod
2090 2347 2137 2384 de
2156 2346 2302 2384 actibus
2328 2345 2507 2385 virtuosis

1445 2401 1642 2450 dupliciter
1660 2401 1765 2449 loqui
1783 2413 2006 2450 possumus:
2028 2413 2106 2437 uno
2126 2400 2259 2446 modo,
2279 2399 2506 2449 inquantum

1443 2462 1530 2491 sunt
1556 2454 1737 2499 virtuosi;
1767 2453 1840 2491 alio
1875 2454 2011 2500 modo,
2041 2453 2266 2501 inquantum
2298 2460 2385 2490 sunt
2414 2452 2507 2489 tales

1444 2515 1549 2544 actus
1576 2507 1613 2544 in
1641 2507 1802 2556 propriis
1831 2507 2030 2556 speciebus
2060 2505 2297 2544 considerati.
2329 2504 2369 2542 Si
2397 2504 2508 2553 igitur

1443 2561 1646 2609 loquamur
1684 2561 1730 2597 de
1769 2559 1914 2597 actibus
1941 2559 2125 2596 virtutum
2158 2558 2383 2607 inquantum
2420 2564 2508 2595 sunt

1441 2613 1621 2661 virtuosi,
1651 2613 1703 2650 sic
1733 2625 1868 2663 omnes
1905 2619 2010 2649 actus
2036 2611 2195 2649 virtuosi
2231 2610 2421 2660 pertinent
2457 2609 2507 2648 ad

1443 2668 1566 2714 legem
1588 2674 1753 2703 naturae.
1783 2666 1938 2703 Dictum
1959 2673 2015 2703 est
2035 2665 2135 2702 enim
2150 2664 2171 2686 ²¹⁶
2189 2664 2294 2713 quod
2314 2663 2363 2700 ad
2381 2663 2506 2711 legem

1444 2728 1600 2757 naturae
1628 2719 1789 2768 pertinet
1821 2731 1936 2756 omne
1970 2718 2062 2755 illud
2095 2717 2143 2754 ad
2172 2717 2277 2766 quod
2304 2717 2424 2754 homo
2451 2715 2508 2754 in-

1445 2773 1602 2809 clinatur
1630 2773 1842 2809 secundum
1871 2784 1980 2809 suam
2000 2779 2188 2808 naturam.
2219 2769 2422 2807 Inclinatur
2441 2781 2508 2806 au-

1444 2833 1521 2862 tem
1541 2827 1845 2874 unumquodque
1862 2825 2079 2862 naturaliter
2094 2824 2142 2861 ad
2157 2822 2421 2872 operationem
2437 2820 2508 2860 sibi

1445 2878 1738 2915 convenientem
1755 2879 1967 2914 secundum
1980 2889 2090 2914 suam
2106 2877 2288 2913 formam:
2304 2875 2400 2912 sicut
2413 2874 2508 2924 ignis

1445 2932 1494 2968 ad
1523 2931 1833 2968 calefaciendum.
1864 2931 1974 2968 Unde
2001 2942 2088 2966 cum
2109 2929 2235 2966 anima
2255 2928 2444 2966 rationalis
2463 2927 2510 2965 sit

1446 2984 1601 3033 propria
1629 2984 1752 3020 forma
1781 2983 1960 3029 hominis,
1990 2982 2168 3020 naturalis
2196 2981 2385 3020 inclinatio
2414 2981 2511 3019 inest

1447 3038 1597 3074 cuilibet
1620 3036 1766 3074 homini
1796 3036 1843 3074 ad
1872 3037 1947 3073 hoc
1975 3036 2079 3084 quod
2108 3042 2193 3084 agat
2221 3034 2432 3072 secundum
2453 3045 2510 3072 ra-

1445 3091 1601 3128 tionem.
1619 3090 1667 3126 Et
1682 3090 1756 3126 hoc
1776 3097 1830 3126 est
1845 3101 1954 3137 agere
1970 3089 2179 3126 secundum
2195 3087 2385 3126 virtutem.
2397 3086 2510 3126 Unde

1447 3143 1659 3181 secundum
1679 3143 1764 3189 hoc,
1783 3155 1918 3179 omnes
1933 3149 2038 3179 actus
2057 3141 2240 3178 virtutum
2256 3148 2342 3178 sunt
2362 3139 2409 3178 de
2427 3140 2508 3187 lege

1447 3197 1625 3234 naturali:
1656 3195 1767 3233 dictat
1805 3195 1905 3232 enim
1939 3195 2013 3232 hoc
2052 3194 2269 3232 naturaliter
2304 3191 2508 3240 unicuique

1447 3250 1600 3299 propria
1628 3249 1735 3296 ratio,
1755 3256 1796 3286 ut
1814 3249 1981 3286 virtuose
2002 3255 2097 3296 agat.
2118 3268 2142 3276 -
2163 3247 2239 3284 Sed
2259 3246 2289 3284 si
2307 3247 2508 3294 loquamur

1448 3304 1496 3341 de
1525 3303 1670 3340 actibus
1697 3301 1875 3339 virtuosis
1901 3301 2111 3339 secundum
2132 3300 2288 3349 seipsos,
2307 3301 2420 3347 prout
2439 3295 2507 3334 sci-

1447 3357 1533 3394 licet
1552 3356 1590 3392 in
1609 3355 1771 3406 propriis
1791 3354 1988 3404 speciebus
2008 3353 2292 3391 considerantur
2305 3350 2336 3398 *,
2357 3349 2410 3387 sic
2429 3362 2508 3387 non

1449 3421 1584 3447 omnes
1613 3416 1717 3445 actus
1736 3404 1892 3446 virtuosi
1916 3415 2002 3444 sunt
2022 3407 2069 3444 de
2088 3407 2169 3454 lege
2188 3413 2356 3442 naturae.
2385 3403 2507 3440 Multa

1450 3463 1551 3500 enim
1582 3461 1792 3499 secundum
1821 3461 1997 3498 virtutem
2031 3460 2143 3506 fiunt,
2172 3457 2221 3495 ad
2249 3468 2346 3506 quae
2375 3463 2507 3493 natura

2529 399 2743 448 iuffiltssstur‘i‘.

2628 453 2643 483 t

2528 1505 2702 1532 'Incomm-

2533 2677 2543 2686 ·
2558 2674 2610 2697 Art.
2624 2674 2732 2703 praeced.

2533 3361 2545 3373 ⁴
2558 3361 2595 3383 ef.
2612 3361 2744 3384 Commeat.

2535 3388 2606 3410 cuiet.
2629 3391 2666 3410 oct
2674 3390 2717 3410 nn.
2727 3393 2744 3415 ι,

2533 3420 2556 3437 n.
2565 3420 2591 3442 ιι,
2612 3421 2627 3436 n
2639 3413 2718 3437 tertio.
