2840 4010
78 1733 86 1740 ·
100 1733 150 1753 Art.
166 1731 270 1759 praeced.

74 2054 85 2064 ⁸
99 2053 149 2074 Art.
164 2059 185 2081 3.

74 2266 82 2274 '¹
98 2264 155 2291 Cap.
170 2269 232 2285 xciii.

76 2583 83 2591 ·
99 2580 163 2602 Vers.
178 2587 198 2609 3.

71 3273 79 3281 “
96 3271 152 3299 Cap.
168 3277 246 3293 xxxix.

322 152 390 188 126

319 242 352 263 se
372 239 486 263 amato.
506 232 540 262 ln
563 232 683 263 ratione
707 239 811 263 autem
837 232 911 261 mali
935 231 1022 271 quod
1040 236 1085 260 est
1103 230 1152 259 vel
1167 228 1372 269 apprehendi-

317 284 369 307 tur
385 276 504 307 malum
528 276 630 312 alicui,
651 277 806 306 clauditur
829 275 961 315 privatio
986 273 1124 313 oppositi
1141 273 1227 303 boni.
1246 272 1286 302 Et
1301 282 1373 312 pro-

318 327 424 360 pterea
441 327 566 360 oportet
589 321 692 360 quod,
714 330 787 350 cum
806 320 890 349 Deus
920 317 1095 348 secundum
1118 326 1150 346 se
1174 325 1237 346 non
1261 316 1374 346 habeat

318 365 477 395 rationem
489 364 564 395 mali
587 373 644 394 nec
667 363 848 403 simpliciter
872 372 928 391 nec
952 361 1093 396 alicuius,
1114 360 1189 400 quia
1213 367 1258 390 est
1277 370 1373 390 omne

318 409 455 444 bonum;
480 408 505 438 si
522 407 586 438 odii
611 407 770 437 obiectum
794 413 853 441 est,
880 405 967 445 quod
991 404 1243 444 apprehendatur
1271 411 1305 434 ut
1328 403 1373 434 in-

320 453 414 483 dutus
438 451 610 491 privatione
634 450 709 480 boni
739 449 972 480 commutabilis
1001 448 1093 478 nimis
1124 447 1236 484 amati,
1262 455 1292 478 et
1315 449 1372 478 sub

320 496 376 526 hac
395 496 514 525 ratione
530 495 596 534 ipse
621 494 714 523 etiam
737 493 768 522 in
786 493 888 532 seipso
906 492 1065 523 obiectum
1082 492 1120 522 sit
1139 492 1214 528 odii,
1235 499 1270 522 ut
1285 493 1374 533 quod

319 540 394 570 odio
414 540 554 571 habetur.
574 538 615 567 Et
630 537 691 567 hoc
714 536 830 568 sufficit
845 538 883 566 ad
901 536 1152 567 contrarietatem
1167 536 1248 567 inter
1266 537 1373 568 carita-

318 590 383 613 tem
408 590 438 613 et
457 582 567 612 odium
587 581 659 610 Dei:
680 588 754 611 sunt
777 581 862 612 enim
886 581 964 611 circa
987 581 1073 611 idem
1097 580 1256 612 obiectum
1275 581 1373 622 quod,

318 634 347 657 et
371 637 436 656 non
460 626 538 655 circa
560 625 645 654 idem
669 624 829 655 obiectum
853 634 929 665 quo,
954 630 990 655 ut
1011 631 1106 664 patet.

370 670 410 700 Et
433 669 476 699 sic
499 669 634 699 salvatur
655 668 766 704 littera,
791 669 879 709 quod
902 674 1068 709 peccatum
1083 678 1119 699 ex
1135 675 1221 708 parte
1245 678 1374 698 conver-

317 713 414 744 sionis
445 713 483 742 ad
513 712 689 747 obiectum,
719 722 785 742 non
811 719 857 743 est
884 711 1062 748 infinitum,
1086 712 1160 753 quia
1183 718 1229 742 est
1251 713 1373 742 bonum

317 756 550 788 commutabile.
574 757 660 786 Deus
685 756 770 786 enim
791 756 922 787 licet‘ut
945 757 1104 787 obiectum
1128 757 1216 797 quod
1240 756 1314 792 odii,
1336 755 1375 786 sit

316 800 472 836 infinitus,
497 801 564 840 ipse
586 807 693 830 tamen
717 807 753 831 ut
777 807 898 832 constat
917 811 953 831 ex
972 801 1056 841 quod
1076 808 1106 831 et
1120 810 1193 840 quo,
1217 800 1296 830 idest
1314 800 1373 829 sub

316 845 438 875 ratione
462 844 546 880 mali,
570 854 635 874 non
660 850 706 875 est
727 844 885 876 infinitus:
910 845 984 886 quia
1013 855 1078 875 non
1108 852 1154 875 est
1183 843 1374 884 privativum

315 889 392 919 boni
414 887 537 924 infiniti,
562 888 616 918 sed
640 889 874 919 commutabilis
891 889 977 920 boni.
1002 889 1060 919 Dic
1084 898 1157 927 ergo
1182 887 1279 928 quod,
1303 887 1375 917 licet

315 933 401 963 Deus
430 932 469 963 sit
492 932 652 966 obiectum
676 933 764 973 quod
794 932 926 963 alicuius
955 932 1087 973 peccati,
1120 931 1237 962 nullius
1268 937 1375 964 tamen

315 975 433 1016 peccati
463 983 509 1007 est
534 976 695 1007 obiectum
728 976 787 1006 nisi
811 978 868 1007 sub
891 977 1012 1007 ratione
1040 975 1145 1016 aliqua
1172 974 1276 1011 finita,
1300 974 1376 1016 quia

315 1030 381 1051 non
403 1020 463 1051 nisi
486 1021 682 1060 dependente
701 1031 719 1051 a
735 1021 952 1051 commutabili
975 1021 1062 1050 bono
1085 1020 1179 1050 nimis
1203 1025 1320 1050 amato.
1335 1019 1376 1049 Et

315 1071 481 1104 propterea
511 1065 637 1105 nullum
660 1071 825 1104 peccatum
849 1075 884 1095 ex
907 1071 994 1104 parte
1022 1063 1235 1095 conversionis
1258 1070 1306 1094 est
1328 1063 1376 1100 ins

316 1108 451 1139 finitum.
977 1140 979 1142 ,

369 1153 421 1183 IV.
435 1153 470 1183 In
486 1153 599 1183 eodem
615 1159 727 1193 quarto
745 1152 887 1188 articulo,
901 1152 933 1181 in
950 1152 1155 1191 responsione
1171 1151 1209 1190 ad
1225 1151 1375 1191 primum,

316 1197 440 1227 adverte
464 1197 562 1237 quod,
587 1196 658 1227 licet
681 1203 845 1236 peccatum
870 1206 906 1226 ex
929 1202 1015 1236 parte
1039 1196 1097 1232 sui,
1112 1195 1196 1236 ‚quia
1216 1195 1377 1238 aversione

1054 1400 1055 1403 Ἴ
1100 1345 1312 1388 ARTICU
1319 1346 1416 1388 LUS
1445 1347 1701 1397 QUINTUS

952 152 1215 199 QUAESTIO
1246 151 1472 196 LXXXV-11,
1503 151 1795 190 ARTICULUS
1823 152 1858 188 V

1427 228 1541 264 aufert,
1565 235 1722 269 quantum
1746 239 1782 259 ex
1805 239 1836 259 se
1860 237 1921 266 est,
1946 241 1964 261 a
1986 232 2055 262 Deo
2080 233 2274 264 divinitatem
2298 243 2397 269 suam,
2423 244 2487 274 qua

1427 272 1485 302 sibi
1508 273 1638 303 debetur
1653 273 1742 313 quod
1763 273 1802 303 sit
1821 274 1967 304 omnium
1981 274 2052 305 finis
2068 276 2208 312 ultimus,
2229 284 2259 308 et
2282 277 2486 308 conversione

1428 316 1548 347 confert
1571 316 1710 346 divinam
1733 317 1958 356 proprietatem
1989 319 2075 349 bono
2105 321 2338 357 commutabili,
2363 328 2486 352 reatum

1427 360 1563 391 incurrat
1578 360 1822 398 annihilationis,
1836 368 1988 403 tanquam
2001 372 2072 392 reus
2082 363 2189 394 laesae
2202 364 2386 397 maiestatis:
2401 383 2420 388 —
2433 375 2485 395 ne·

1427 414 1489 444 que
1514 404 1598 434 enim
1622 405 1727 435 minus
1750 411 1887 435 meretur
1910 405 1980 446 quis
2004 405 2116 445 privari
2142 407 2294 438 beneficio
2323 409 2444 439 essendi
2469 419 2486 439 a

1427 448 1511 484 Deo,
1537 458 1634 488 quam
1657 450 1695 479 ab
1719 449 1867 485 homine;
1893 450 1947 479 sed
1971 457 2092 480 constat
2111 451 2149 480 ab
2172 451 2302 481 homine
2323 452 2404 483 iuste
2423 452 2485 492 pri-

1427 492 1492 522 vari
1511 492 1649 533 aliquem
1673 493 1742 533 ipso
1760 503 1835 528 esse,
1853 500 1883 523 et
1897 500 2053 534 quantum
2077 494 2114 524 ab
2133 494 2262 524 homine
2280 494 2346 525 fieri
2370 503 2484 535 potest,

1427 536 1601 572 annihilari,
1618 537 1697 567 dum
1713 537 1874 574 occiditur,
1890 537 2087 574 incineratur,
2105 538 2293 578 dispergitur
2308 539 2485 576 ciniffete„

1428 590 1483 620 per
1505 580 1648 610 accidens
1670 591 1810 622 namque
1834 588 1880 612 est
1898 582 1937 612 ad
1959 581 2112 613 iustitiam
2134 582 2309 613 humanam
2328 583 2418 624 quod
2439 592 2485 614 re-

1428 630 1552 653 maneat
1566 624 1696 654 materia
1712 631 1742 655 et
1756 624 1861 655 anima
1876 633 2031 666 separata;
2048 636 2121 666 ergo
2138 625 2240 657 multo
2255 626 2488 667 iustiusmtest

1427 667 1541 707 privari
1563 674 1709 707 peccator
1731 667 1801 708 ipso
1825 679 1892 700 esse
1910 670 2056 706 totaliter,
2080 670 2168 711 quod
2192 678 2256 700 non
2280 667 2318 700 ab
2341 670 2485 707 habente,

1428 711 1481 740 sed
1497 711 1568 750 ipso
1593 711 1662 741 Deo
1678 712 1816 751 gratioso
1839 713 1992 744 beneficio
2016 714 2162 754 suscepit,
2180 721 2210 744 et
2233 714 2487 744 conservatur-'r-

1427 755 1453 784 si
1475 761 1583 785 tamen
1607 755 1820 786 consideretur
1840 765 2004 796 peccatum
2023 765 2059 789 ut
2083 765 2142 789 stat
2164 759 2222 788 sub
2243 764 2360 788 statuto
2376 758 2487 788 ordine

1428 808 1445 827 a
1466 798 1571 829 divina
1587 799 1714 835 iustitia,
1731 809 1812 840 quae
1828 806 2014 841 perpetuam
2029 803 2136 833 statuit
2151 812 2300 842 poenam,
2321 802 2364 832 sic
2379 812 2487 842 pecca·

1428 849 1498 873 tum
1510 853 1575 874 non
1591 843 1719 874 incurrit
1734 850 1856 874 reatum
1867 845 2116 877 annihilationis:
2136 846 2211 888 quia
2220 856 2326 886 poena
2339 846 2488 877 annihila-

1427 886 1523 933 tionis
1538 894 1691 927 repugnat
1706 897 1828 927 poenae
1844 889 2068 928 perpetuitatis.
2084 890 2125 921 Et
2139 890 2316 922 secundum
2331 890 2412 921 hanc
2427 890 2488 922 dis-

1428 930 1612 961 tinctionem
1636 930 1792 961 verificare
1815 937 1906 972 potes
1930 932 2012 964 dicta
2035 933 2084 964 hic
2109 941 2139 965 et
2157 934 2260 965 alibi*
2276 935 2314 965 ab
2337 937 2486 970 Auctore,

1430 980 1460 1005 et
1476 974 1650 1014 specialiter
1666 975 1697 1005 in
1714 985 1783 1005 xmr
1800 975 2000 1007 distinctione
2014 977 2135 1015 Quarti,
2151 989 2205 1020 qu.
2222 989 2253 1014 n,
2270 985 2327 1009 art.
2344 989 2375 1015 11,
2394 979 2449 1020 qu*
2465 989 2485 1015 1,

1430 1019 1470 1051 ad
1486 1028 1519 1058 ·4;
1543 1019 1599 1050 ubi
1614 1019 1683 1050 vult
1701 1019 1799 1060 quod,
1816 1020 1854 1050 de
1873 1019 1975 1060 rigore
1997 1020 2143 1058 iustitiae,
2168 1022 2265 1053 etiam*
2282 1032 2340 1063 pro
2356 1029 2486 1063 peccato

1430 1062 1573 1102 originali
1593 1073 1751 1093 meremur
1770 1063 1946 1095 annihilari.
1962 1065 2034 1095 Hoc
2048 1065 2135 1096 enim
2151 1076 2195 1096 ex
2205 1074 2316 1098 nostro
2332 1067 2485 1101 demerito

1429 1107 1835 1149 intelligendo,‚secundum
1847 1108 2100 1146 convenientiam
2111 1109 2235 1140 divinae
2248 1110 2394 1148 iustitiae,
2405 1121 2486 1153 quae

1431 1150 1661 1193 citra‘dignum
1681 1152 1739 1181 sub
1757 1151 1885 1182 materia
1904 1151 2047 1195 punitiva
2066 1159 2122 1189 est,
2140 1152 2280 1194 dicimus
2289 1149 2355 1189 non
2370 1150 2487 1192 incurri

1430 1201 1552 1226 reatum
1576 1195 1820 1226 annihilationis.
2254 1205 2256 1207 ·

2368 1290 2415 1313 sl'l‘
2438 1290 2442 1296 ’

678 1432 832 1462 UTRUM
857 1431 979 1462 OMNE
1003 1430 1240 1462 PECCATUM
1265 1431 1461 1463 INDUCAT
1481 1432 1665 1462 REATUM
1688 1431 1860 1463 POENAE
1885 1432 2119 1464 AETERNAE

489 1503 556 1528 Part.
576 1503 614 1532 Ill,
634 1511 677 1535 qu.
698 1510 793 1531 mmm,
814 1507 861 1527 art.
879 1509 909 1533 4;
929 1502 949 1526 ll
969 1502 1052 1530 Sent„
1072 1501 1131 1526 dist.
1150 1508 1209 1529 mi.
1229 1509 1273 1533 qu.
1292 1509 1310 1532 1,
1330 1506 1376 1526 art.
1397 1500 1425 1532 5;
1444 1502 1486 1533 lv,
1506 1502 1563 1528 dist.
1583 1510 1649 1531 var,
1668 1510 1712 1534 qu.
1732 1510 1749 1531 1,
1769 1494 1816 1527 art'.
1837 1502 1866 1532 33
1884 1503 1917 1527 111
1939 1503 2016 1528 Com.
2037 1505 2124 1533 Geni„
2143 1512 2199 1538 cap.
2219 1513 2311 1537 ch1n3

819 1538 858 1562 De
876 1537 959 1566 Malo,
979 1544 1081 1569 qu.vn,
1100 1542 1146 1561 art.
1165 1544 1185 1567 1,
1205 1537 1237 1568 ad
1257 1543 1302 1568 ²45
1322 1542 1369 1562 art.
1385 1544 1422 1567 10,
1441 1545 1486 1567 115
1508 1537 1650 1569 Compend.
1674 1537 1771 1567 Theol.‚
1791 1545 1848 1571 cap.
1868 1545 1977 1564 cum.
2243 1556 2245 1558 -

347 1632 408 1676 'fij'
429 1634 486 1666 w<
508 1631 546 1655 n
572 1630 731 1660 Qumrun
752 1630 804 1654 510
829 1628 1067 1654 PROCEDITUR.
1088 1615 1245 1654 Videtur
1269 1617 1372 1665 quod

331 1700 712 1769 waete'rnae.
741 1724 873 1760 Poena
903 1723 1016 1770 enim,
1045 1731 1087 1760 ut
1107 1723 1247 1760 dictum
1271 1730 1325 1759 est
1339 1724 1370 1770 ⁶,

313 1843 363 1867 na
382 1830 506 1868 differt
525 1843 548 1867 a
566 1829 765 1879 temporali
785 1829 823 1866 in
841 1829 1043 1866 infinitum.
1065 1830 1224 1866 Nullum
1244 1836 1372 1866 autem

312 1891 511 1932 peccatum
542 1883 691 1920 differre
719 1883 867 1920 videtur
891 1883 938 1919 ab
968 1883 1084 1919 altero
1105 1882 1143 1918 in
1164 1881 1370 1919 infinitum:

315 1949 401 1973 cum
431 1949 545 1973 omne
573 1943 774 1985 peccatum
804 1935 849 1972 sit
876 1935 1068 1972 humanus
1097 1942 1212 1982 actus,
1235 1934 1299 1984 qui
1318 1935 1372 1972 in-

312 1990 438 2026 finitus
468 2002 549 2026 esse
578 2001 656 2026 non
684 1996 819 2038 potest.
849 1988 948 2025 Cum
970 2000 1058 2037 ergo
1080 1988 1189 2025 alicui
1213 1995 1370 2036 peccato

314 2043 495 2080 debeatur
521 2055 647 2092 poena
676 2050 839 2088 aeterna,
870 2042 965 2078 sicut
985 2041 1124 2078 dictum
1147 2049 1201 2078 est
1214 2041 1245 2088 ²⁸,
1266 2041 1371 2078 vide-

312 2103 371 2132 tur
391 2096 494 2145 quod
514 2095 604 2132 nulli
623 2103 779 2144 peccato
802 2095 984 2132 debeatur
1003 2107 1128 2144 poena
1151 2094 1371 2143 temporalis

312 2157 471 2186 tantum.

367 2214 401 2239 2.
423 2204 654 2249 PRAETEREA,
674 2210 872 2250 peccatum
894 2202 1072 2249 originale
1093 2209 1148 2238 est
1168 2201 1368 2238 minimum

311 2263 556 2304 peccatorum
565 2268 574 2292 z
584 2255 689 2292 unde
701 2262 736 2292 et
746 2254 978 2304 Augustinus
990 2255 1086 2302 dicit,
1099 2255 1136 2291 in
1142 2253 1368 2301 Enchiridfl,

312 2309 416 2357 quod
431 2308 624 2345 mitissima
634 2320 759 2356 poena
769 2313 823 2346 est
831 2320 961 2346 eorum
973 2309 1038 2358 qui
1046 2320 1119 2356 pro
1129 2308 1208 2344 solo
1212 2312 1368 2356 peccato

311 2361 491 2411 originali
502 2362 723 2409 puniuntur.
746 2361 823 2399 Sed
843 2370 999 2410 peccato
1020 2361 1190 2408 originali
1211 2360 1368 2398 debetur

312 2427 438 2463 poena
454 2422 654 2463 perpetua:
676 2427 872 2463 nunquam
889 2415 990 2451 enim
1005 2414 1190 2452 videbunt
1209 2425 1368 2462 regnum

312 2467 384 2504 Dei
403 2467 510 2516 pueri
530 2467 595 2515 qui
613 2468 692 2504 sine
713 2468 902 2516 baptismo
924 2467 1166 2505 decesserunt
1185 2478 1272 2504 cum
1296 2466 1368 2503 ori-

311 2520 422 2568 ginali
442 2528 616 2569 peccat03
646 2528 687 2558 ut
705 2528 807 2569 patet
833 2533 902 2570 per
920 2521 955 2558 id
980 2521 1085 2570 quod
1106 2520 1295 2557 Dominus
1315 2519 1368 2558 di-

313 2573 375 2621 cit,
410 2575 513 2611 Ioan.
540 2586 575 2610 111
594 2573 629 2610 *z
654 2574 743 2611 Nisi
769 2574 850 2622 quis
878 2579 1029 2618 renatus
1049 2579 1066 2595 ²
1082 2574 1208 2622 fuerit
1233 2573 1366 2619 denuo,

311 2639 385 2664 non
407 2632 529 2675 potest
547 2627 672 2664 videre
699 2639 860 2676 regnum
879 2627 964 2664 Dei.
987 2628 1087 2675 Ergo
1108 2627 1227 2664 multo
1247 2626 1368 2674 magis

311 2680 486 2716 omnium
515 2679 676 2716 aliorum
703 2688 947 2728 peccatorum
967 2693 1092 2729 poena
1112 2679 1180 2717 erit
1203 2687 1366 2716 aeterna.

365 2735 398 2770 3.
424 2734 662 2779 PRAETEREA‚
682 2741 838 2781 peccato
860 2745 937 2770 non
959 2733 1117 2770 debetur
1135 2733 1258 2770 maior
1276 2745 1367 2782 poe-

310 2798 358 2824 na
387 2797 432 2822 ex
460 2786 534 2823 hoc
564 2787 669 2834 quod
699 2786 802 2823 alteri
829 2794 986 2835 peccato
1014 2786 1243 2834 adiungitur:
1279 2797 1366 2823 cum

302 2847 513 2888 utrumque
541 2846 740 2888 peccatum
770 2851 879 2876 suam
907 2840 1046 2877 habeat
1067 2851 1238 2890 poenam
1266 2847 1367 2876 taxa-

309 2900 387 2929 tam
423 2892 634 2929 secundum
669 2891 840 2930 divinam
873 2892 1061 2930 iustitiam.
1097 2892 1173 2930 Sed
1208 2900 1365 2941 peccato

309 2945 447 2982 veniali
479 2945 638 2982 debetur
670 2957 797 2993 poena
830 2953 1001 2992 aeterna,
1036 2946 1066 2982 si
1099 2957 1186 2982 cum
1216 2945 1366 2982 mortali

308 3006 464 3046 peccato
497 2998 713 3035 inveniatur
744 2998 782 3035 in
815 2998 943 3046 aliquo
979 2999 1183 3035 damnato:
1213 2998 1301 3047 quia
1328 2998 1366 3036 in

308 3051 451 3088 inferno
481 3052 581 3088 nulla
609 3058 734 3100 potest
762 3062 842 3088 esse
872 3051 1056 3089 remissio.
1086 3051 1187 3099 Ergo
1207 3059 1365 3099 peccato

308 3104 445 3141 veniali
473 3104 690 3153 simpliciter
708 3105 877 3150 ‘debetur
903 3117 1030 3154 poena
1063 3111 1226 3141 aeterna.
1261 3104 1365 3141 Nulli

311 3169 398 3204 ergo
428 3165 583 3205 peceato
613 3157 772 3194 debetur
799 3170 925 3206 poena
954 3157 1183 3206 temporalis.

362 3210 434 3246 SED
451 3221 595 3246 CONTRA
609 3223 675 3247 EST
694 3211 799 3259 quod
820 3211 1024 3259 Gregorius
1040 3210 1136 3258 dicit,
1153 3210 1191 3247 in
1206 3210 1257 3246 IV
1272 3210 1365 3246 Dia-

308 3261 384 3311 log.
401 3261 431 3307 ²¹⁴,
453 3264 556 3310 quod
584 3265 774 3310 quaedam
801 3264 964 3301 leviores
993 3265 1125 3312 culpae
1153 3270 1239 3312 post
1266 3263 1366 3300 hanc

307 3314 425 3351 vitam
455 3315 703 3353 remittuntur.
734 3317 824 3353 Non
855 3328 942 3365 ergo
965 3316 1094 3354 omnia
1122 3323 1278 3365 peccata
1303 3327 1364 3352 ae-

307 3375 413 3405 terna
441 3379 567 3416 poena
592 3369 810 3416 puniuntur.

1479 1619 1704 1665 RESPONDEO
1724 1629 1908 1656 mei-:Noun
1928 1619 2044 1668 quod,
2061 1620 2156 1657 sicut
2171 1633 2289 1670 ,supra
2302 1621 2322 1643 ’¹‘
2342 1609 2489 1662 dictum·

525 1683 639 1708 omne
663 1678 864 1720 peccatum
883 1670 1037 1707 inducat
1057 1678 1202 1707 reatum
1222 1681 1372 1718 poenae
1427 1677 1502 1718 est,
1531 1678 1729 1720 peccatum
1764 1678 1894 1708 causat
1925 1679 2073 1710 reatum
2106 1685 2255 1721 poenae
2289 1681 2484 1725 aeternae,

1425 1723 1650 1771 inquantum
1674 1723 1965 1772 irreparabiliter
1989 1732 2173 1774 repugnat
2191 1725 2315 1764 ordini
2332 1727 2485 1777 divitiae

370 1751 834 1827 ἑέἷύχρῑοροῑῖίοηᾶωτ
849 1777 994 1825 culpae.
1017 1776 1094 1813 Sed
1111 1788 1239 1825 poena
1254 1783 1371 1812 aeter·
1425 1776 1604 1824 iustitiae,
1632 1789 1701 1826 per
1729 1778 1803 1814 hoc
1831 1777 1969 1815 scilicet
2001 1779 2106 1830 quod
2139 1779 2491 1830 contrariaturjpsr

1424 1829 1610 1879 principio
1640 1830 1793 1878 ordinis,
1824 1831 1926 1879 quod
1949 1831 2180 1877 estlultimus
2198 1831 2490 1882 finis,„Manife:

1425 1890 1526 1919 stum
1556 1890 1610 1920 est
1639 1890 1766 1920 autem
1796 1885 1899 1932 quod
1922 1883 1959 1920 in
1979 1884 2209 1934 quibusdam
2236 1885 2402 1934 peccatis
2430 1894 2486 1927 est

1425 1936 1582 1983 quidem
1611 1936 1736 1984 aliqua
1765 1935 2003 1984 inordinatio,
2034 1943 2112 1975 non
2140 1946 2270 1976 tamen
2288 1942 2366 1989 'per
2395 1952 2485 1978 con-

1424 1989 1652 2026 trarietatem
1682 1989 1731 2026 ad
1758 1989 1934 2027 ultimum
1964 1991 2099 2038 finem,
2129 1991 2197 2028 sed
2230 1991 2355 2035 solum
2385 1991 2494 2050 circa,

1426 2054 1470 2078 ea
1498 2055 1596 2091 quae
1625 2050 1711 2079 sunt
1740 2042 1788 2080 ad
1815 2043 1947 2090 finem,
1977 2043 2202 2093 inquantum
2218 2037 2316 2100 ,Plus
2327 2041 2397 2092 [γε]
2411 2045 2493 2097 wip,

1423 2107 1495 2132 nus
1525 2095 1648 2133 debite
1678 2096 1731 2132 eis
1763 2095 1978 2143 intenditur,
2007 2098 2152 2135 salvato
2186 2093 2491 2136 tatheffordin'e'

1424 2148 1472 2186 ad
1500 2149 1677 2186 ultimum
1705 2149 1843 2186 finem:
1874 2157 1965 2198 puta
1994 2162 2082 2187 cum
2110 2151 2247 2198 homo,
2278 2151 2345 2188 etsi
2370 2151 2483 2188 nimis

1423 2202 1472 2238 ad
1500 2202 1665 2250 aliquam
1696 2214 1775 2238 rem
1803 2204 2056 2251 temporalem
2089 2203 2290 2250 afficiatur,
2321 2216 2400 2241 non
2428 2213 2482 2242 ta-

1423 2267 1512 2292 men
1530 2267 1601 2304 pro
1626 2267 1670 2291 ea
1690 2255 1804 2292 vellet
1830 2256 1957 2292 Deum
1986 2256 2194 2304 offendere,
2225 2256 2366 2307 aliquid
2393 2254 2495 2354 cerci?

1421 2315 1477 2344 tra
1509 2316 1756 2357 praeceptum
1791 2308 1869 2346 eius
1902 2308 2087 2347 faciendo.
2117 2309 2231 2348 Unde
2261 2306 2452 2349 huiusmd
2488 2339 2492 2350 .

1421 2361 1585 2410 peccatis
1613 2374 1691 2398 non
1721 2361 1880 2398 debetur
1907 2370 2061 2399 aeterna
2080 2375 2222 2411 poena,
2248 2363 2316 2401 sed
2334 2371 2484 2412 tempor.-

1421 2414 1518 2451 ralis.
2396 2431 2402 2437 ³
2489 2434 2492 2437 Δ

1473 2469 1532 2503 AD
1561 2479 1697 2504 PRiMUM
1729 2478 1827 2504 ERGO
1858 2479 2042 2505 DICENDUM
2076 2468 2181 2516 quod
2212 2476 2370 2517 peccata
2402 2480 2482 2506 non

1422 2519 1600 2557 differunt
1627 2520 1665 2556 in
1696 2519 1886 2557 infinitum
1921 2532 1965 2557 ex
1997 2528 2102 2570 parte
2136 2521 2397 2559 conversionis
2431 2522 2482 2559 ad

1421 2574 1567 2610 bonum
1597 2572 1879 2620 commutabile,
1908 2573 1947 2610 in
1975 2585 2052 2622 qua
2081 2573 2248 2611 consistit
2275 2574 2482 2612 substantia

1421 2634 1543 2664 actus:
1571 2626 1748 2663 differunt
1766 2634 1895 2663 autern
1913 2626 1952 2664 in
1970 2626 2161 2664 infinitum
2180 2639 2226 2664 ex
2245 2634 2351 2676 parte
2372 2639 2480 2665 aver-

1421 2679 1549 2716 sionis.
1579 2681 1682 2716 Nam
1711 2679 1902 2727 quaedam
1926 2687 2083 2728 peccata
2108 2680 2395 2718 committuntur
2412 2693 2482 2729 per

1422 2733 1662 2770 aversionem
1692 2732 1740 2769 ab
1769 2732 1902 2769 ultimo
1937 2732 2034 2769 fine:
2069 2733 2262 2782 quaedam
2291 2745 2384 2773 vero
2411 2745 2481 2783 per

1421 2786 1740 2823 inordinationem
1770 2785 1867 2822 circa
1888 2798 1933 2822 ea
1953 2797 2051 2834 quae
2081 2793 2168 2823 sunt
2195 2784 2244 2823 ad
2267 2785 2396 2823 finem.
2418 2786 2448 2823 F
2451 2785 2479 2827 i,-

1421 2839 1477 2877 nis
1506 2847 1634 2876 autem
1668 2838 1823 2876 ultimus
1853 2835 1900 2875 ab
1930 2838 1986 2875 his
2015 2851 2113 2886 quae
2143 2846 2230 2876 sunt
2264 2839 2312 2876 ad
2341 2839 2479 2888 finem,

1420 2892 1458 2929 in
1486 2892 1675 2929 infinitum
1704 2891 1839 2928 differt.

1472 2947 1529 2982 AD
1559 2956 1749 2982 SECUNDUM
1777 2956 1959 2981 DICENDUM
1988 2944 2094 2992 quod
2120 2951 2279 2993 peccato
2308 2944 2480 2992 originali

1420 3011 1499 3035 non
1519 2998 1677 3035 debetur
1691 3009 1816 3046 poena
1836 3004 1987 3034 aeterna
2003 2997 2147 3034 ratione
2162 3009 2254 3034 suae
2269 2997 2478 3046 gravitatis:

1420 3052 1487 3088 sed
1515 3051 1658 3088 ratione
1688 3049 1914 3088 conditionis
1943 3050 2117 3098 subiecti,
2148 3050 2287 3088 scilicet
2314 3050 2479 3089 hominis

1421 3104 1486 3154 qui
1505 3104 1585 3141 sine
1605 3103 1721 3151 gratia
1740 3103 1940 3151 invenitur,
1961 3115 2029 3152 per
2048 3115 2165 3151 quam
2189 3104 2311 3141 solam
2327 3101 2341 3133 β
2359 3103 2404 3141 fit
2421 3115 2478 3140 re·

1420 3169 1549 3194 missm
1578 3168 1738 3206 poenae.

1473 3211 1522 3247 Et
1540 3209 1707 3246 similiter
1727 3209 1931 3247 dicendum
1952 3217 2007 3246 est
2027 3209 2075 3246 ad
2093 3209 2258 3256 tertium,
2279 3209 2327 3247 de
2338 3207 2478 3245 veniali

1418 3270 1588 3311 peccato.
1617 3263 1829 3299 Aeternitas
1862 3262 1963 3299 enim
1990 3273 2140 3311 poenae
2169 3273 2247 3303 non
2275 3261 2479 3310 respondet

1419 3315 1613 3365 quantitati
1652 3316 1801 3364 culpae,
1832 3315 1900 3352 sed
1937 3313 2242 3352 irremissibilitati
2270 3313 2407 3363 ipsiUS,
2437 3320 2479 3350 ut

1421 3368 1563 3406 dictum
1593 3376 1648 3406 est
1661 3368 1692 3405 ³³².

361 3477 388 3508 α)
408 3479 524 3501 renatus.
541 3490 560 3495 -
579 3480 656 3501 natus
675 3477 828 3502 PBCDGlL.

1472 3478 1497 3510 β)
1516 3480 1608 3503 solcum.
1627 3491 1646 3496 -
1664 3479 1720 3503 sola
1740 3478 1780 3502 ed.
1799 3485 1823 3507 a,
1843 3478 1926 3502 solum
1947 3478 1974 3502 Ρ.

2517 944 2525 952 ·
2544 942 2580 964 Cf.
2598 942 2632 964 IV
2649 942 2724 971 sent„

2515 968 2568 990 dist.
2582 975 2645 998 avr,
2660 975 2699 997 qu.
2709 975 2725 997 ι,

2514 999 2556 1017 art.
2570 1001 2591 1024 3,
2606 995 2635 1018 nd
2649 995 2675 1023 ὃς
2689 995 2727 1018 De

2513 1022 2578 1076 {3023
2589 1027 2629 1070 qu.
2642 1028 2667 1050 v,
2682 1025 2726 1044 nrt.

2511 1631 2522 1642 ·
2536 1631 2587 1653 Art.
2601 1636 2624 1660 3.

2505 3370 2515 3380 ⁸
2530 3369 2589 3391 lbid.
