2840 4010
78 505 90 516 ⁸
104 503 170 527 Vei-s.
185 509 209 525 11.

70 2795 83 2807 ⁸
95 2795 162 2818 Vm.
175 2795 212 2818 26.

65 3273 78 3285 ⁸
91 3272 158 3295 Ven.
174 3278 206 3295 10.

265 1464 288 1484 V,
356 1459 361 1486 ,ι
397 1468 407 1475 “
416 1479 419 1483 =
428 1468 440 1481 .*⁴

337 1487 369 1509 A
375 1494 386 1511 ,ζ
450 1489 469 1505 'a'

1040 101 1304 148 QUAESTIO
1336 101 1382 148 C,
1411 101 1705 138 ARTICULUS
1735 100 1785 137 1V
2413 114 2488 150 209

317 190 518 235 praecepta
551 181 720 230 decalogi
753 181 801 218 ad
834 180 894 217 illa
928 181 1004 218 duo
1040 181 1250 217 referuntur
1283 179 1377 216 sicut
1430 179 1477 216 ad
1506 179 1734 216 taxationem
1755 179 1958 228 temporis:
1989 178 2077 228 quia
2105 180 2317 217 secundum
2340 181 2415 218 hoc
2434 190 2489 218 est

319 235 580 275 conclusiones
608 235 657 272 ad
684 233 867 283 principia
895 233 1127 270 communia.
1431 232 1719 269 caeremoniale.

370 289 430 327 An
466 299 656 324 SECUNDUM
689 298 873 324 memnon
906 287 1010 334 quod
1043 291 1290 334 praeceptum
1327 283 1375 320 de
1483 286 1541 320 An
1570 296 1728 321 TERTmM
1757 296 1940 321 DlCENDUM
1969 284 2072 333 quod
2101 284 2194 321 ratio
2216 285 2331 322 debiti
2351 285 2388 322 in
2408 285 2487 323 aliis

319 340 586 379 observatione
621 340 766 377 sabbati
796 347 852 376 est
879 338 1089 376 secundum
1118 335 1259 383 aliquid
1293 347 1375 371 mo·
1429 335 1628 373 virtutibus
1658 345 1712 374 est
1739 337 1859 384 magis
1896 338 2014 374 latens
2047 349 2163 386 quam
2192 337 2230 374 in
2263 338 2410 375 iustitia.
2439 339 2488 375 Et

318 394 407 440 tale,
436 393 661 442 inquantum
690 392 829 429 scilicet
846 403 915 440 per
932 391 1007 427 hoc
1025 388 1253 437 praecipitur
1271 388 1375 435 quod
1430 388 1516 424 ideo
1545 396 1746 437 praecepta
1771 389 1817 426 de
1838 390 1983 426 actibus
2011 389 2169 427 aliarum
2197 390 2378 443 virtutum
2409 403 2487 428 non

317 447 438 484 horno
475 446 602 494 aliquo
639 453 812 494 tempore
845 450 956 480 vacet
989 442 1101 478 rebus
1135 439 1289 483 divinis;
1319 451 1376 475 se-
1429 448 1515 476 sunt
1542 441 1592 477 ita
1621 450 1710 478 nota
1738 443 1881 490 populo
1915 442 2010 479 sicut
2037 451 2239 492 praecepta
2267 443 2314 480 de
2343 443 2486 480 actibus

319 499 487 536 cundum
506 499 597 536 illud
611 497 751 535 Psalmi
771 507 842 533 va
855 495 894 532 *ε
924 495 1072 538 Vacate‚
1092 498 1128 528 et
1147 492 1267 529 videte
1285 502 1375 539 quo·
1430 492 1600 530 iustitiae.
1630 494 1678 530 Et
1697 502 1852 542 propter
1870 495 1944 531 hoc
1963 503 2068 532 actus
2091 495 2249 532 iustitiae
2278 496 2488 545 specialiter

318 552 421 589 niam
440 563 512 601 ego
531 563 615 588 sum
630 551 744 588 Deus.
761 549 811 585 Et
829 546 1040 584 secundum
1055 546 1140 591 hoc,
1157 544 1253 581 inter
1266 555 1374 592 prae·
1431 545 1569 581 cadunt
1597 547 1666 582 sub
1695 547 1905 594 praeceptis
1925 547 2106 596 decalogi,
2133 561 2230 596 quae
2260 557 2346 586 sunt
2363 549 2487 598 prima

319 612 427 653 cepta
455 603 624 651 decalogi
652 607 904 650 computatur.
926 599 1017 634 Non
1042 605 1168 634 autern
1189 603 1373 646 quantum
1428 597 1517 644 legis
1547 598 1743 634 elementa.

993 693 1323 728 commentaria
1345 691 1594 725 cardinalis
1615 692 1813 726 Caietam

381 787 534 811 ancoram
554 775 682 808 tertium
700 774 842 809 eiusdem
859 773 1052 814 quaestionis
1069 772 1254 804 centesimae
1269 771 1295 801 si
1310 781 1375 801 non
1430 771 1558 802 scimus.
1582 773 1623 802 Et
1645 779 1810 812 propterea
1833 772 1886 803 illa
1904 774 2009 803 Deum
2026 784 2081 814 per
2105 782 2248 806 naturam
2263 777 2313 807 vel
2329 777 2424 808 fidem
2440 778 2484 808 di-

318 791 474 863 Aplene
500 819 660 855 discernis,
689 818 761 848 vide
789 818 957 848 articulum
985 817 1190 848 undecimum
1215 815 1373 851 eiusdem,
1430 815 1509 846 citur
1529 816 1678 846 indidisse
1701 816 1751 846 vel
1766 815 1934 852 infudisse;
1960 817 2017 848 ista
2038 826 2144 848 autem
2160 830 2215 859 per
2230 830 2288 850 nos
2304 821 2400 861 ipsos,
2417 829 2484 852 tan-

318 874 349 899 et
369 865 522 905 intelliges
549 862 755 894 differentiam
782 862 862 892 inter
890 861 991 902 prima
1014 860 1168 902 principia
1189 858 1322 890 moralia
1345 866 1375 889 et
1429 869 1526 899 quam
1543 870 1560 890 a
1573 860 1642 890 Deo
1654 860 1817 900 proposita
1830 861 2039 891 mediantibus
2051 862 2122 898 illis,
2140 873 2343 902 cognoscere;
2364 866 2484 906 reliqua

317 915 482 953 praecepta
503 902 673 946 decalogi,
697 915 779 946 quae
810 912 883 936 sunt
906 905 1007 946 prima
1029 905 1107 945 legis
1130 904 1294 935 elementa.
1319 903 1374 933 Illa
1427 910 1534 933 autem
1552 913 1606 943 per
1619 903 1859 934 instructionem
1875 904 2059 941 humanam,
2085 906 2223 946 diligenti
2247 908 2484 948 investigatione

317 953 403 985 enim
426 951 530 984 statim
553 951 636 981 notis
663 949 815 986 terminis,
840 959 877 979 ex
900 956 1011 980 natura
1033 949 1084 979 vel
1106 947 1167 979 fide
1190 946 1302 982 infusa,
1321 956 1374 976 co-
1428 953 1482 977 aut
1505 947 1678 987 disciplina.

316 996 514 1038 gnoscimus:
538 995 596 1025 ista
621 1000 728 1024 autem
751 993 856 1024 statim
879 1003 915 1023 ex
934 992 1044 1033 primis
1065 990 1229 1032 praedictis
1254 999 1371 1030 cogno-

1088 1141 1403 1184 ARTICULUS
1434 1141 1705 1193 QUARTUS

692 1237 846 1268 UTRUM
870 1236 1124 1268 PRAECEPTA
1146 1234 1366 1266 DECALOGI
1392 1234 1729 1265 CONVENIENTER
1753 1235 2106 1268 DISTINGUANTUR

400 1348 409 1356 ,
430 1334 439 1361 ρ
498 1338 501 1344 s
526 1329 549 1354 n
569 1328 741 1359 QUAR‘ruM
759 1327 812 1352 stc
833 1322 1069 1352 ηοω-10111111.
1089 1313 1246 1352 Videtur
1265 1313 1370 1362 quod
1417 1313 1529 1361 ptile,·
1557 1321 1731 1362 quartum
1753 1325 1857 1360 ver0,
1878 1315 1968 1352 Non
1993 1327 2160 1352 assumes
2179 1328 2313 1354 nomen
2336 1319 2412 1355 Dei
2428 1320 2484 1355 tui

366 1366 390 1386 ”
447 1367 497 1415 ka
526 1368 837 1406 inconvenienter
868 1375 1070 1416 praecepta
1101 1365 1270 1414 decalogi
1297 1366 1370 1403 dis·
1423 1367 1460 1404 in
1493 1377 1645 1403 vanum.
1680 1366 1908 1404 pertinentia
1936 1380 2029 1404 vero
2063 1369 2112 1405 ad
2144 1369 2360 1417 proximum
2395 1371 2482 1408 dicit

402 1438 413 1451 -
464 1406 495 1461 ’ᾗ
510 1418 742 1469 tinguantur
754 1420 786 1458 *.
811 1421 938 1458 Latria
966 1420 1066 1457 enim
1085 1426 1142 1456 est
1163 1418 1234 1456 alia
1251 1418 1370 1456 virtus
1425 1431 1505 1455 esse
1534 1431 1614 1455 sex:
1644 1426 1685 1455 ut
1707 1419 1874 1467 primum
1896 1419 1952 1467 sit,
1973 1421 2138 1457 Honora
2155 1427 2305 1469 patrem
2325 1429 2428 1460 tuum
2448 1430 2484 1460 et

372 1517 376 1521 ‚
401 1518 404 1521 ¹
499 1487 548 1512 <a
566 1474 655 1512 fide.
687 1473 763 1510 Sed
785 1481 988 1522 praecepta
1007 1473 1142 1510 dantur
1160 1471 1207 1511 de
1226 1471 1371 1509 actibus
1424 1477 1581 1508 matrem
1607 1477 1734 1515 tuam;
1761 1473 1985 1519 secundum,
2006 1473 2096 1510 Non
2126 1475 2268 1511 occides
2277 1488 2291 1518 ‚·
2317 1476 2479 1523 tertium,

340 1518 352 1536 ἶ
386 1551 389 1554 <
413 1533 506 1565 tum.
535 1526 614 1564 Sed
640 1527 716 1564 hoc
743 1525 848 1575 quod
877 1526 1009 1563 dicitur
1035 1525 1075 1562 in
1101 1524 1286 1574 principio
1307 1524 1370 1562 de·
1423 1525 1513 1561 Non
1542 1525 1815 1567 moechaberis,·
1843 1533 2030 1573 quartum,
2059 1526 2150 1562 Non
2167 1528 2321 1575 furtum
2338 1529 2482 1575 facies,-

316 1579 454 1628 calogi‚
481 1579 573 1617 Non
601 1579 752 1616 habebis
769 1580 871 1616 Deos
889 1579 1031 1616 alienos
1048 1589 1178 1615 coram
1197 1589 1268 1623 me,
1287 1589 1371 1625 per·
1424 1578 1609 1624 quintum,
1629 1577 1720 1614 Non
1735 1577 1886 1625 salsum
1911 1579 2158 1615 testimonium
2177 1580 2274 1616 dices
2281 1594 2295 1624 ;
2318 1588 2479 1628 sextum,

315 1633 407 1670 tinet
434 1632 482 1669 ad
510 1632 648 1669 fidem:
682 1631 787 1680 quod
816 1639 943 1668 autem
973 1630 1162 1676 subditur,
1190 1630 1281 1667 Non
1302 1631 1371 1678 fa-
1423 1630 1513 1667 Non
1543 1630 1786 1678 concupisces.

315 1687 388 1723 cies
413 1684 580 1734 sculptile
608 1691 689 1730 etc„
710 1684 870 1733 pertinet
898 1684 946 1720 ad
974 1683 1131 1720 latriam.
1156 1683 1257 1733 Ergo
1283 1690 1370 1719 sunt
1478 1683 1554 1719 Sed
1590 1682 1714 1731 primo
1751 1683 1825 1719 hoc
1862 1682 2012 1719 videtur
2048 1683 2342 1733 inconveniens,
2373 1687 2476 1734 quod

315 1738 392 1776 duo
421 1745 640 1786 praecepta:
670 1744 706 1773 et
733 1749 811 1774 non
844 1749 986 1782 unum,
1016 1736 1111 1773 sicut
1137 1735 1370 1783 Augustinus
1423 1742 1668 1783 praeceptum
1704 1735 1750 1772 de
1789 1735 2053 1772 observatione
2089 1737 2236 1774 sabbati
2267 1739 2478 1787 praeceptis

272 1816 287 1828 .,
315 1791 405 1828 dicit
421 1790 453 1827 *.
1425 1788 1592 1835 decalogi
1621 1788 1892 1836 interponatur,
1922 1788 1951 1824 si
1979 1788 2082 1824 nullo
2112 1790 2230 1827 modo
2259 1791 2306 1828 ad
2333 1792 2480 1828 decalo-

369 1855 404 1880 2.
425 1844 657 1888 PRAETEREA,
676 1830 878 1893 praecepta
897 1839 1123 1879 affirmativa
1141 1839 1179 1878 in
1198 1841 1279 1888 lege
1299 1840 1372 1877 dis·
1424 1853 1514 1888 gum
1543 1841 1736 1888 pertineat.
1769 1840 1946 1877 Secundo
1976 1841 2076 1889 quia,
2107 1855 2195 1879 curn
2224 1843 2404 1892 scripturn
2433 1845 2478 1881 sit

313 1896 532 1943 tinguuntur
559 1907 581 1931 a
609 1894 808 1942 negativis:
837 1895 942 1941 sicut,
970 1895 1135 1931 Honora
1156 1899 1306 1941 patrem
1338 1900 1374 1931 et
1425 1893 1662 1939 Matth.v1*,
1690 1894 1816 1930 Nemo
1836 1899 1958 1940 potest
1978 1894 2123 1931 duobus
2148 1895 2307 1932 dominis
2324 1898 2477 1943 servire,
2507 1912 2515 1921 ·
2553 1917 2589 1933 ers

314 1955 485 1993 matrem,
515 1955 563 1993 et,
591 1948 682 1984 Non
703 1948 855 1984 occides.
887 1947 964 1984 Sed
988 1947 1062 1983 hoc
1087 1946 1191 1995 quod
1220 1946 1368 1993 dicitur,
1425 1946 1594 1982 eiusdem
1612 1946 1766 1982 rationis
1787 1958 1869 1982 esse
1887 1946 2048 1993 videtur,
2070 1955 2106 1983 et
2125 1949 2195 1984 sub
2217 1949 2354 1986 eodem
2373 1963 2480 1998 prae-

312 2002 399 2050 Ego
425 2012 508 2037 sum
536 2001 723 2037 Dominus
750 2001 853 2036 Deus
880 2005 975 2045 tuus,
1005 2006 1060 2036 est
1078 1999 1366 2037 affirmativum:
1425 2006 1533 2047 cepto
1555 1998 1689 2036 cadere
1709 1997 1736 2045 β,
1763 2000 1849 2048 Ego
1867 2011 1951 2035 sum
1970 2000 2156 2037 Dominus
2175 2002 2278 2038 Deus
2297 2008 2399 2048 tuus,
2431 2011 2477 2050 et,

313 2053 418 2102 quod
445 2060 572 2090 autem
601 2052 788 2100 subditur,
807 2052 897 2089 Non
926 2052 1076 2089 habebis
1102 2052 1204 2089 Deos
1230 2051 1371 2089 alienos
1423 2052 1513 2088 Non
1541 2052 1691 2088 habebis
1717 2052 1819 2088 Deos
1842 2051 1992 2088 alienos.
2014 2052 2124 2089 Unde
2150 2054 2334 2102 Origenes
2352 2054 2384 2101 ²⁸,
2405 2055 2477 2092 dis-

313 2118 442 2143 coram
471 2117 542 2151 me,
574 2113 629 2142 est
656 2105 887 2153 negativum.
917 2106 1019 2152 Ergo
1048 2112 1134 2141 sunt
1162 2105 1238 2142 duo
1262 2117 1370 2154 prae·
1423 2104 1594 2152 tinguens
1624 2104 1736 2141 etiam
1768 2112 1932 2152 quatuor
1962 2114 2164 2154 praecepta
2192 2107 2403 2144 ordinantia
2430 2108 2479 2146 ad

313 2166 441 2207 cepta:
461 2165 499 2195 et
516 2169 596 2195 non
620 2158 860 2195 continentur
879 2158 949 2202 sub
968 2169 1058 2204 uno,
1078 2165 1120 2194 ut
1137 2158 1369 2206 Augustinus
1423 2159 1562 2202 Deum,
1590 2157 1698 2205 ponit
1715 2156 1784 2194 ista
1803 2157 1880 2194 duo
1901 2169 1971 2206 pro
1991 2169 2069 2194 uno
2088 2168 2315 2208 praecepto;
2345 2172 2478 2198 secun—

309 2210 418 2260 ponit
435 2210 467 2247 *.
1423 2210 1514 2247 dum
1542 2221 1634 2246 vero
1667 2209 1794 2258 ponit,
1824 2210 1915 2247 Non
1932 2211 2060 2258 facies
2091 2213 2279 2260 sculptile;
2305 2213 2476 2260 tertium,

366 2265 400 2301 3.
430 2265 670 2311 ptumam,
691 2263 908 2311 Apostolus,
933 2262 985 2299 ad
1007 2262 1118 2300 Rom.
1139 2274 1187 2300 vu
1205 2262 1238 2309 ¹²,
1259 2263 1367 2300 dicit:
1421 2263 1511 2299 Non
1532 2274 1697 2299 assumes
1722 2274 1856 2299 nomen
1880 2263 1955 2299 Dei
1972 2264 2027 2300 tui
2043 2264 2080 2300 in
2099 2275 2263 2309 vanum;
2291 2274 2477 2314 quartum,

316 2316 660 2364 Concupiscentiam
688 2316 908 2362 nesciebam,
930 2315 1003 2352 nisi
1019 2315 1081 2352 lex
1098 2314 1244 2361 diceret,
1273 2317 1365 2354 Non
1421 2316 1613 2352 Memento
1649 2321 1690 2351 ut
1717 2316 1814 2352 diem
1850 2317 1998 2352 sabbati
2025 2317 2240 2365 sanctifices.
2270 2319 2352 2355 Alia
2385 2331 2477 2356 vero

310 2369 556 2417 concupisces.
586 2369 635 2405 Et
654 2368 706 2405 sie
724 2368 875 2405 videtur
893 2368 996 2417 quod
1016 2368 1090 2404 hoc
1107 2377 1365 2418 praeceptum,
1422 2380 1486 2404 sex
1514 2367 1621 2416 ponit
1648 2368 1742 2404 sicut
1770 2368 1995 2416 Hesychius.

308 2423 400 2460 Non
420 2421 668 2469 concupisces,
688 2421 734 2457 sit
751 2433 871 2458 unurn
891 2427 1146 2469 praeceptum.
1166 2421 1258 2458 Non
1278 2434 1366 2470 ergo
1475 2421 1550 2458 Sed
1570 2420 1659 2468 quia
1677 2421 1800 2458 facere
1820 2421 1988 2470 sculptile
2007 2422 2070 2459 vel
2093 2422 2374 2460 similitudinem
2400 2436 2478 2460 non

310 2474 424 2514 debet
442 2479 460 2496 ⁸
487 2473 663 2522 distingui
691 2474 728 2510 in
757 2475 846 2511 duo.
1253 2516 1258 2524 „
1422 2481 1477 2510 est
1495 2473 1726 2522 prohibitum
1750 2473 1822 2510 nisi
1845 2474 2056 2511 secundum
2081 2475 2166 2522 hoc,
2187 2483 2228 2512 ut
2246 2489 2324 2513 non
2353 2477 2478 2514 colan-

363 2527 438 2564 SED
457 2538 603 2564 coum
621 2538 687 2563 EST
709 2526 910 2563 auctoritas
933 2525 1144 2574 Augustini,
1164 2530 1202 2563 in
1231 2527 1367 2564 Glossa
1421 2534 1480 2563 tur
1493 2538 1563 2575 pro
1582 2526 1650 2563 diis
1670 2529 1775 2572 (113111
1796 2534 1832 2563 et
1850 2526 1888 2563 in
1907 2528 2150 2564 tabernaculo
2166 2530 2271 2566 Deus
2285 2530 2477 2578 praecepit

309 2592 423 2628 super
439 2579 563 2616 Exod.
579 2579 611 2625 ²⁸,
626 2579 692 2615 ubi
711 2579 819 2627 ponit
837 2579 906 2615 tria
923 2586 1125 2627 praecepta
1142 2579 1367 2628 pertinentia
1420 2579 1501 2616 fieri
1519 2578 1723 2626 imaginem
1740 2579 1952 2627 Seraphim,
1968 2587 2009 2616 ut
2022 2581 2183 2617 habetur
2196 2583 2319 2618 Exod.
2336 2594 2407 2618 xxv
2423 2583 2474 2629 *);

309 2632 357 2669 ad
385 2633 525 2678 Deum,
555 2638 592 2667 et
619 2638 764 2679 septem
794 2631 843 2668 ad
870 2631 1099 2680 proximum.
1421 2631 1706 2668 convenientius
1734 2630 1970 2680 Augustinus
1990 2633 2097 2681 ponit
2125 2635 2195 2671 sub
2222 2647 2299 2671 uno
2323 2647 2476 2683 praece-

362 2685 587 2721 Respoumzo
619 2695 803 2721 01011ΝοοΜ
836 2684 939 2732 quod
967 2691 1169 2733 praecepta
1197 2685 1366 2733 decalogi
1419 2692 1505 2733 pt03
1534 2685 1625 2721 Non
1658 2685 1809 2721 habebis
1836 2686 1936 2722 Deos
1963 2686 2123 2731 alienos,
2155 2694 2209 2734 et,
2238 2688 2327 2723 Non
2348 2688 2476 2735 facies

309 2735 565 2774 diversimode
596 2748 618 2772 a
651 2736 807 2773 diversis
836 2736 1123 2784 distinguuntur.
1153 2737 1364 2786 Hesychius
1418 2736 1593 2785 sculptile.
1637 2737 1813 2774 Similiter
1855 2737 1967 2774 etiam
2005 2739 2310 2788 concupiscentia
2346 2740 2474 2777 uxoris

309 2788 423 2834 enirn,
438 2788 557 2825 Levit.
572 2799 667 2835 xxvt,
684 2801 798 2838 super
817 2789 908 2826 illud
926 2788 958 2835 ³⁸²,
973 2790 1113 2829 Decem
1132 2790 1306 2828 mulieres
1324 2791 1362 2828 in
1419 2790 1562 2827 alienae
1597 2789 1644 2826 ad
1678 2789 2001 2838 commixtionem,
2030 2791 2190 2839 pertinet
2218 2792 2267 2828 ad
2296 2793 2475 2842 concupi-

309 2853 383 2878 uno
412 2841 558 2878 clibano
586 2847 751 2889 coquunt
769 2853 900 2890 panes,
930 2841 1018 2879 dicit
1043 2850 1288 2892 praeceptum
1317 2844 1364 2881 de
1419 2843 1600 2879 scentiam
1629 2843 1770 2888 carnis;
1801 2843 2127 2893 concupiscentiae
2160 2852 2285 2881 autem
2316 2845 2473 2883 aliarum

308 2893 574 2931 observatione
594 2893 739 2930 sabbati
766 2906 848 2931 non·
869 2906 952 2931 esse
981 2894 1027 2932 de
1047 2894 1180 2933 decem
1208 2908 1365 2945 praece·
1418 2908 1557 2942 rerum,
1588 2907 1686 2943 quae
1715 2895 1973 2933 desiderantur
2001 2896 2048 2933 ad
2075 2897 2364 2945 possidendum,
2390 2911 2475 2946 per-

306 2945 400 2994 ptis,
426 2946 518 2994 ‘quia
536 2957 616 2983 non
643 2954 699 2983 est
717 2947 1013 2995 observandum,
1035 2948 1246 2986 secundum
1270 2949 1363 2986 litte-
1417 2949 1535 2985 tinent
1554 2948 1602 2985 ad
1632 2948 1976 2996 concupiscentiam
1996 2950 2217 2995 oculorum;
2237 2949 2340 2986 unde
2360 2951 2474 2988 etiam

307 3010 401 3045 ram,
431 2998 642 3036 secundum
671 3010 787 3036 omne
813 3006 976 3048 tempus.
1006 3000 1209 3048 Distinguit
1235 3008 1363 3040 tamen
1416 3001 1647 3049 Augustinus
1673 3001 1781 3050 ponit
1810 3001 1885 3038 duo
1911 3009 2113 3050 praecepta
2150 3002 2197 3039 de
2226 3014 2305 3039 non
2333 3015 2473 3040 concu-

306 3059 468 3099 quatuor
495 3057 697 3100 praecepta
724 3051 945 3100 pertinentia
973 3052 1021 3090 ad
1049 3054 1198 3090 Deum:
1221 3061 1264 3090 ut
1288 3054 1363 3103 pri-
1415 3053 1598 3103 piscendo
1628 3065 1707 3090 rem
1728 3053 1902 3100 alienam,
1925 3062 1960 3090 et
1979 3066 2138 3091 uxorem
2158 3054 2333 3092 alienam.
2355 3057 2404 3093 Et
2422 3056 2474 3093 sic

305 3116 413 3140 mum
443 3103 508 3151 sit,
536 3105 623 3153 Ego
649 3115 732 3140 sum
760 3105 947 3141 Dominus
973 3105 1076 3142 Deus
1094 3111 1202 3150 παις,-
1229 3117 1363 3144 secun·
1415 3107 1522 3155 ponit
1549 3106 1617 3142 tria
1643 3113 1846 3154 praecepta
1873 3106 1911 3142 in
1941 3107 2072 3143 ordine
2101 3107 2150 3144 ad
2178 3108 2322 3155 Deum,
2354 3116 2390 3145 et
2417 3121 2474 3146 se-

306 3156 397 3193 dum
416 3156 482 3203 sit,
510 3157 602 3193 Non
621 3156 772 3194 habebis
790 3157 891 3194 Deos
918 3157 1060 3194 alienos
1077 3169 1208 3195 coram
1227 3165 1288 3196 me
1311 3161 1364 3206 (et
1415 3167 1519 3208 ptem
1547 3158 1585 3194 in
1615 3157 1746 3195 ordine
1766 3158 1816 3195 ad
1833 3158 2063 3207 proximum.
2094 3160 2143 3196 Et
2160 3160 2235 3196 hoc
2253 3161 2385 3198 melius
2405 3169 2471 3199 est.

304 3209 358 3246 sic
377 3209 490 3246 etiam
511 3209 701 3257 distinguit
714 3209 808 3246 haec
828 3209 904 3246 duo
920 3209 1191 3258 Hieronymus,
1208 3211 1309 3248 Osee
1324 3223 1359 3259 x,
1467 3213 1526 3248 An
1555 3222 1691 3247 prunum
1719 3222 1816 3247 ERGO
1838 3223 2021 3248 mCENDUM
2049 3212 2154 3260 quod
2180 3212 2286 3250 latria
2313 3226 2391 3250 non
2417 3222 2474 3251 est

304 3273 418 3311 super
431 3261 562 3309 illud*‚
573 3263 732 3310 Propter
745 3262 839 3299 duas
853 3262 1060 3311 iniquitates
1075 3263 1357 3310 tuas);tertium
1415 3263 1484 3300 nisi
1519 3264 1708 3311 quaedam
1740 3263 1960 3312 protestatio
1993 3264 2104 3301 fidei:
2132 3265 2235 3302 unde
2269 3278 2349 3304 non
2386 3275 2472 3303 sunt

303 3325 398 3352 vero
424 3322 669 3363 praeceptum
698 3327 780 3351 esse
809 3315 908 3363 dicit,
928 3315 1019 3352 Non
1035 3315 1162 3364 facies
1180 3316 1246 3352 tibi
1265 3315 1359 3353 scul—
1415 3315 1487 3352 alia
1515 3323 1717 3364 praecepta
1749 3316 1874 3353 danda
1907 3316 1953 3354 de
1987 3317 2112 3365 latria,
2143 3325 2178 3355 et
2205 3318 2276 3356 alia
2306 3319 2352 3356 de
2381 3319 2469 3356 fide.

356 3423 384 3454 α)
402 3422 522 3450 deben-
540 3423 630 3449 debuit
648 3425 675 3448 Ρ.
1383 3420 1387 3459 Ι
1467 3425 1491 3458 β)
1511 3427 1614 3451 cadere.
1631 3440 1650 3446 -
1668 3427 1769 3452 cadunt
1787 3427 1838 3452 EF.

444 3475 553 3500 Smnmss
572 3475 672 3501 Timor.
691 3476 722 3501 D.
737 3476 851 3501 Tamus
870 3476 901 3501 T.
921 3477 962 3502 IV.
2296 3489 2327 3514 27

2505 2066 2610 2114 Exig‘iinil.
2622 2066 2676 2088 VIII
2692 2067 2715 2089 in

2504 2594 2513 2603 ⁸
2527 2591 2593 2614 Vers-
2608 2592 2631 2614 18
2646 2598 2700 2621 sqq.
