2840 4010
917 193 1181 239 QUAEsTio
1211 193 1385 240 Lxx1v,
1414 194 1708 231 ARTICULUS
1737 195 1771 231 x

266 268 462 316 corporali.
497 268 573 305 Sed
601 268 835 307 infirmitates
864 271 987 308 cordis
1016 279 1102 308 sunt
1129 272 1317 308 mortales.

266 321 367 368 Ergo
394 328 550 369 peccata
578 322 780 371 superioris
809 323 962 360 rationis
991 332 1076 360 sunt
1104 324 1286 360 mortalia.

321 374 355 410 3.
386 374 616 420 PRAETEREA,
646 383 844 423 peecatum
864 377 1011 413 veniale
1034 376 1077 413 fit
1094 376 1263 420 mortale,
1290 375 1319 411 si

266 425 333 462 fiat
350 437 396 461 ex
422 434 654 475 contemptu.
686 428 762 464 Sed
781 429 855 464 hoc
874 440 951 464 non
971 428 1121 464 videtur
1141 439 1221 463 esse
1241 427 1318 463 sine

267 485 499 526 contemptu,
530 480 634 526 quod
659 480 792 527 aliquis
822 492 867 516 ex
895 479 1164 516 deliberatione
1190 487 1320 527 peccet

266 529 379 566 etiam
398 531 606 568 venialiter.
636 533 734 568 Cum
754 543 842 579 ergo
863 543 1068 568 consensus
1089 531 1240 567 rationis
1260 543 1319 567 su—

265 581 424 630 perioris
451 595 603 632 semper
630 584 676 620 sit
704 595 791 620 cum
821 583 1088 620 deliberatione
1117 583 1206 631 legis
1227 583 1320 620 divi-

266 646 351 682 nae,
379 635 531 672 videtur
557 636 663 685 quod
690 648 768 672 non
800 635 919 685 possit
946 647 1027 672 esse
1056 636 1135 672 sine
1163 643 1319 684 peccato

266 687 432 736 mortali,
460 696 616 737 propter
642 694 903 736 contemptum
934 688 1083 725 divinae
1110 688 1212 736 legis.

321 740 396 777 SED
425 752 581 787 CONTRA,
612 752 818 777 consensus
846 740 884 776 in
913 748 1038 777 actum
1065 740 1209 789 peccati
1236 752 1320 788 per-

267 791 359 829 tinet
385 794 433 830 ad
462 792 647 830 rationem
676 792 924 841 superiorem,
950 801 992 830 ut
1010 805 1122 842 supra
1137 793 1157 814 *¹
1178 793 1318 829 dictum

268 851 335 881 est.
366 845 443 882 Sed
472 857 680 882 consensus
699 844 736 881 in
757 852 882 882 actum
911 846 1055 893 peccati
1079 845 1237 882 venialis
1266 852 1321 881 est

267 905 468 945 peccatum
491 897 650 934 veniale.
681 898 781 946 Ergo
811 897 847 934 in
877 898 1060 946 superiori
1089 897 1232 935 ratione
1247 910 1319 945 *po-

266 955 338 987 test
365 961 448 986 esse
475 957 674 997 peccatum
701 950 861 986 veniale.

320 1002 544 1039 RESPONDEO
582 1014 765 1039 DICENDUM
801 1003 926 1051 quod,
964 1003 1058 1040 sicut
1089 1001 1320 1050 Augustinus

267 1053 372 1101 dicit,
401 1054 439 1091 in
467 1056 537 1091 XII
566 1055 612 1091 de
641 1057 679 1092 T
675 1056 745 1092 rin.
765 1055 806 1102 *,
836 1056 929 1092 ratio
958 1055 1128 1104 superior
1155 1055 1322 1091 inhaeret

266 1106 472 1144 rationibus
499 1108 658 1144 aeternis
686 1109 951 1156 conspiciendis
975 1114 1040 1147 aut
1067 1107 1320 1144 consulendis.-

266 1159 544 1208 conspiciendis
563 1160 730 1208 quidem,
751 1162 961 1198 secundum
981 1160 1085 1209 quod
1105 1172 1236 1196 earum
1254 1172 1320 1196 ve-

266 1211 413 1248 ritatem
442 1213 656 1261 speculatur
675 1218 710 1260 “3
741 1213 980 1250 consulendis
1011 1221 1158 1259 autern,
1189 1224 1320 1249 secun-

251 1264 487 1314 mquod
506 1277 574 1314 per
592 1266 755 1303 rationes
775 1274 946 1303 aeternas
966 1266 1013 1303 de
1033 1265 1109 1302 aliis
1127 1265 1265 1302 iudicat
1285 1273 1321 1302 et

267 1315 434 1363 ordinat;
463 1318 512 1355 ad
532 1319 637 1366 quod
660 1318 821 1367 pertinet
839 1319 956 1367 quod,
979 1318 1232 1355 vdeliberando
1251 1330 1319 1366 per

266 1369 432 1407 rationes
451 1377 634 1416 aeternas,
652 1371 836 1408 consentit
855 1372 893 1408 in
913 1371 1079 1419 aliquem
1099 1378 1237 1416 actum,
1258 1371 1319 1407 vel

268 1421 437 1460 dissentit
454 1423 502 1460 ab
522 1435 581 1460 eo.
604 1424 795 1472 Contingit
819 1431 946 1461 autem
967 1424 1072 1472 quod
1092 1423 1318 1460 inordinatio

266 1481 374 1512 actus
400 1475 440 1512 in
468 1488 583 1524 quem
604 1477 799 1524 consentit,
830 1489 908 1514 non
937 1476 1184 1514 contrariatur
1211 1475 1320 1512 ratio-

2376 196 2426 240 45

1373 272 1483 308 nibus
1508 273 1679 319 aeternis,
1700 273 1787 322 quia
1806 284 1884 310 non
1905 280 1959 309 est
1979 284 2066 309 cum
2087 272 2285 309 aversione
2305 284 2327 308 a
2345 272 2421 308 fine

1373 324 1518 371 ultimo,
1549 325 1643 362 sicut
1670 325 1916 362 contrariatur
1938 333 2042 362 actus
2070 324 2214 373 peccati
2234 325 2420 361 mortalis:

1373 377 1439 413 sed
1468 385 1523 413 est
1549 385 1698 425 praeter
1725 390 1799 424 eas,
1829 378 1923 414 sicut
1946 385 2051 414 actus
2080 377 2224 426 peccati
2251 377 2421 414 venialis.

1373 428 1482 464 Unde
1511 430 1665 476 quando
1686 430 1777 466 ratio
1798 430 1969 478 superior
1987 431 2025 467 in
2045 438 2171 466 actum
2195 429 2339 478 peccati
2356 441 2424 466 ve—

1374 479 1479 516 nialis
1500 482 1693 528 consentit,
1723 495 1800 519 non
1829 483 2008 520 avertitur
2026 495 2048 519 a
2072 482 2278 519 rationibus
2307 489 2424 519 aeter-

1375 531 1443 567 nis.
1473 533 1583 568 Unde
1612 546 1690 570 non
1717 542 1849 582 peccat
1876 535 2101 581 mortaliter,
2131 535 2198 572 sed
2217 534 2421 572 venialiter.

1427 584 1475 619 Et
1502 596 1570 631 per
1596 586 1669 621 hoc
1697 594 1798 634 patet
1826 588 2021 636 responsio
2051 588 2098 624 ad
2126 587 2302 636 primum.

1426 638 1484 671 An
1513 648 1703 674 sECUNnUM
1732 650 1913 676 DICENDUM
1942 641 2046 688 quod
2074 641 2211 688 duplex
2239 647 2294 677 est
2321 639 2424 679 infir-

1374 687 1484 724 mitas
1499 689 1621 725 cordis
1635 689 1665 725 ³⁸.
1687 690 1771 727 Una
1787 703 1884 739 quae
1901 699 1955 730 est
1969 693 2007 729 in
2026 693 2107 741 ipsa
2122 692 2327 730 substantia
2342 704 2423 729 cor-

1375 739 1443 786 dis,
1464 747 1500 776 et
1526 741 1701 784 immutat
1727 745 1935 780 naturalem
1956 746 2257 793 complexionem
2286 745 2421 794 ipsius:

1375 799 1411 828 et
1437 793 1518 829 talis
1546 793 1742 831 infirmitas
1775 808 1925 844 semper
1957 805 2011 833 est
2045 798 2222 834 mortalis.
2252 798 2335 834 Alia
2368 805 2423 834 est

1375 851 1502 881 autern
1531 845 1726 883 infirmitas
1755 848 1878 885 cordis
1909 856 2062 897 propter
2094 850 2256 898 aliquam
2285 850 2423 887 inordi-

1375 897 1567 934 nationem
1586 899 1648 935 vel
1667 907 1794 936 motus
1814 901 1904 947 eius,
1919 902 1981 937 vel
2001 901 2155 939 alicuius
2175 915 2307 939 eorum
2323 914 2420 950 quae

1375 949 1616 988 circumstant
1644 963 1729 988 cor:
1763 961 1799 989 et
1826 954 1906 990 talis
1935 954 2131 991 infirmitas
2163 967 2240 991 non
2272 967 2423 1003 semper

1375 1009 1431 1038 est
1449 1003 1626 1040 mortalis.
1653 1005 1701 1040 Et
1719 1004 1886 1042 similiter
1903 1006 1941 1042 in
1961 1006 2103 1043 ratione
2124 1007 2304 1054 superiori
2325 1019 2422 1044 sem—

1374 1067 1442 1102 per
1469 1063 1524 1092 est
1550 1064 1748 1104 peccatum
1777 1059 1946 1105 mortale,
1972 1059 2124 1107 quando
2144 1059 2282 1095 tollitur
2300 1058 2315 1088 β
2342 1059 2423 1107 ipsa

1375 1107 1561 1144 ordinatio
1597 1109 1749 1146 rationis
1783 1111 1986 1159 superioris
2019 1111 2066 1148 ad
2094 1112 2290 1160 proprium
2320 1111 2422 1148 obie-

1376 1167 1489 1206 ctum,
1519 1161 1623 1209 quod
1652 1169 1707 1198 est
1734 1163 1896 1200 rationes
1914 1168 1930 1192 Υ
1959 1171 2142 1201 aeternae.
2174 1164 2249 1201 Sed
2269 1163 2422 1212 quando

1375 1220 1430 1249 est
1457 1212 1682 1250 inordinatio
1703 1214 1801 1252 circa
1819 1216 1905 1264 hoc,
1934 1229 2011 1253 non
2032 1225 2087 1253 est
2104 1223 2303 1266 peccatum
2322 1229 2425 1253 mor-

1374 1266 1456 1312 tale,
1486 1266 1553 1302 sed
1580 1266 1738 1304 veniale.

1427 1320 1485 1354 An
1512 1330 1670 1356 TERTIUM
1695 1323 1877 1357 mcEND'UM
1896 1321 2000 1368 quod
2020 1321 2244 1358 deliberatus
2265 1333 2422 1358 consen-

1375 1383 1438 1407 sus
1457 1371 1494 1407 in
1513 1379 1711 1420 peccatum
1741 1384 1818 1409 non
1841 1385 1992 1422 semper
2010 1373 2169 1422 pertinet
2188 1374 2236 1410 ad
2255 1381 2423 1410 contem-

1373 1431 1480 1471 ptum
1509 1423 1599 1471 legis
1628 1424 1793 1462 divinae:
1824 1425 1891 1462 sed
1911 1427 2034 1463 solum
2054 1426 2205 1475 quando
2224 1433 2422 1475 peccatum

1375 1475 1445 1523 legi
1473 1476 1623 1513 divinae
1652 1478 1906 1514 contrariatur.

320 1597 347 1629 α)
366 1598 525 1629 speculatur.
544 1611 562 1616 —
581 1602 707 1630 tanquam
727 1598 854 1623 obiectum
875 1599 971 1623 addunt
988 1598 1040 1623 EF.

319 1630 345 1665 β)
365 1632 476 1658 toIIitur.
494 1647 514 1652 —
533 1634 651 1658 totaliter
670 1634 766 1658 addunt
784 1634 829 1658 Pa.

1429 1599 1454 1631 γ)
1475 1599 1599 1624 rationes.
1615 1612 1636 1618 —
1653 1600 1766 1624 rationis
1784 1600 1916 1624 PCEHIK.

1217 1718 1479 1726 vsa-*mmm

1051 1792 1367 1836 ARTICULUS
1396 1793 1644 1836 DECIMUS

627 1894 782 1925 UTRUM
806 1895 848 1925 IN
873 1893 1064 1925 RATIONE
1087 1894 1311 1927 SUPERIORI
1336 1894 1480 1925 POSSIT
1504 1895 1602 1926 ESSE
1626 1894 1862 1927 PECCATUM
1886 1896 2070 1926 VENIALE

1134 1938 1368 1969 SECUNDUM
1392 1938 1566 1969 SEIPSAM

699 2025 719 2049 11
738 2025 820 2054 Seni„
840 2025 897 2050 dist.
911 2032 976 2056 xxiv,
996 2032 1040 2058 qu.
1051 2032 1096 2054 111,
1115 2030 1161 2050 art.
1177 2024 1204 2055 5;
1225 2025 1266 2050 De
1289 2024 1378 2055 Verit„
1399 2033 1443 2057 qu.
1457 2033 1496 2054 xv,
1517 2030 1565 2050 art.
1582 2024 1610 2056 5;
1631 2025 1672 2050 De
1689 2025 1772 2055 Malo,
1792 2033 1836 2058 qu.
1850 2033 1899 2056 vu,
1918 2032 1965 2051 art.
1980 2025 2004 2051 5.

303 2130 315 2157 ῑ
338 2133 361 2157 »ι
388 2142 454 2177 a«
477 2125 500 2149 D
520 2124 682 2150 ῡΕειΜυΜ
705 2124 758 2149 sm
785 2124 1022 2150 PROCEDlTUR.
1042 2112 1201 2150 Videtur
1219 2112 1324 2161 quod

296 2160 349 2211 §.23
399 2157 455 2214 {³3
478 2165 517 2202 in
536 2165 719 2214 superiori
739 2165 882 2202 ratione
902 2177 980 2202 non
999 2165 1117 2214 possit
1142 2177 1223 2202 esse
1238 2177 1325 2214 pec-

288 2210 335 2266 'js
348 2236 401 2253 v»
418 2204 605 2256 ”εειϊυῐῃ
623 2217 772 2254 veniale
792 2218 1003 2255 secundum
1032 2217 1208 2266 seipsam,
1229 2218 1326 2255 idest

299 2268 302 2272 ’
326 2250 416 2302 {a}
439 2264 691 2308 &seeundum
720 2271 825 2318 quod
854 2271 1000 2319 inspicit
1027 2271 1191 2307 rationes
1207 2279 1326 2307 aeter-

270 2335 350 2360 nas.
371 2325 488 2360 Actus
505 2323 605 2360 enirn
621 2323 812 2372 potentiae
833 2336 911 2360 non
930 2323 1118 2360 invenitur
1133 2336 1215 2360 esse
1235 2323 1326 2361 defi-

272 2375 386 2422 ciens,
407 2375 477 2412 nisi
495 2388 564 2425 per
584 2376 658 2412 hoc
678 2376 783 2424 quod
807 2376 1016 2413 inordinate
1036 2388 1076 2412 se
1095 2377 1210 2413 habet
1229 2376 1326 2412 circa

270 2440 384 2466 suum
405 2428 608 2465 obiectum.
640 2429 715 2465 Sed
736 2428 928 2465 obiectum
952 2428 1154 2477 superioris
1174 2428 1326 2466 rationis

271 2488 359 2518 sunt
385 2488 559 2518 aeternae
589 2480 764 2526 rationes,
795 2494 816 2517 a
844 2482 982 2529 quibus
1011 2481 1225 2518 deordinari
1249 2493 1326 2518 non

271 2541 328 2571 est
346 2533 426 2570 sine
444 2541 601 2582 peccato
623 2534 783 2570 mortali.
805 2534 905 2582 Ergo
926 2533 963 2570 in
983 2534 1167 2582 superiori
1183 2534 1325 2571 ratione

271 2598 350 2623 non
377 2593 502 2634 potest
530 2598 612 2623 esse
639 2594 837 2635 peccatum
866 2586 1012 2623 veniale
1041 2588 1250 2624 secundum
1271 2599 1327 2623 se—

270 2638 405 2688 ipsam.

326 2703 361 2728 2.
391 2692 628 2738 PRAETEREA,
664 2703 750 2728 cum
784 2691 876 2728 ratio
907 2691 952 2728 sit
978 2691 1036 2728 vis
1065 2691 1326 2739 deliberativa,

271 2751 377 2780 actus
405 2743 558 2780 rationis
587 2756 739 2792 semper
759 2751 813 2780 est
833 2756 920 2780 cum
940 2744 1220 2782 deliberatione.
1251 2745 1328 2782 Sed

273 2795 398 2833 omnis
425 2795 659 2833 inordinatus
693 2804 820 2834 motus
847 2796 886 2833 in
913 2796 971 2833 his
999 2809 1097 2846 quae
1125 2797 1198 2835 Dei
1226 2804 1326 2844 sunt,

272 2848 303 2886 si
331 2849 377 2885 sit
405 2860 493 2885 cum
523 2848 806 2896 deliberatione,
843 2856 899 2886 est
924 2857 1123 2898 peccatum
1158 2851 1326 2887 mortale.

273 2902 374 2949 Ergo
394 2900 433 2937 in
448 2900 593 2937 ratione
613 2902 796 2950 superiori
812 2902 1021 2939 secundum
1041 2902 1218 2951 seipsam,
1235 2915 1330 2940 nun-

274 2965 391 3001 quam
421 2961 476 2990 est
502 2960 702 3002 peccatum
730 2954 890 2991 veniale.

328 3007 362 3043 3.
393 3007 624 3053 PRAETEREA,
655 3007 832 3055 contingit
860 3007 1092 3055 quandoque
1121 3009 1224 3056 quod
1242 3020 1329 3056 pec-

273 3065 399 3095 catum
429 3070 474 3094 ex
502 3059 745 3107 subreptione
766 3067 821 3096 est
842 3068 1040 3108 peccatum
1058 3060 1218 3107 veniale,
1243 3073 1329 3109 pec-

273 3118 399 3147 catum
428 3118 556 3147 autem
585 3123 630 3147 ex
651 3111 916 3149 deliberatione
937 3121 991 3149 est
1010 3120 1207 3161 peccatum
1229 3125 1330 3149 mor-

270 3164 361 3210 tale,
390 3175 458 3212 per
489 3163 564 3200 hoc
597 3161 701 3211 quod
733 3164 826 3201 ratio
862 3164 1072 3202 deliberans
1100 3165 1254 3202 recurrit
1282 3165 1330 3202 ad

272 3216 428 3264 aliquod
456 3216 579 3253 m'aius
608 3217 766 3263 bonum,
797 3225 927 3253 contra
952 3217 1056 3266 quod
1076 3218 1194 3254 homo
1215 3230 1329 3265 agens

271 3268 425 3316 gravius
452 3277 602 3318 peccat:
633 3268 727 3305 sicut
755 3281 842 3305 cum
862 3269 908 3306 de
929 3277 1014 3306 actu
1043 3270 1251 3306 delectabili
1275 3270 1330 3307 in-

273 3321 446 3358 ordinato
480 3321 574 3358 ratio
610 3321 791 3358 deliberat
824 3321 928 3370 quod
962 3329 1016 3358 est
1045 3329 1174 3358 contra
1206 3323 1329 3369 legem

272 3374 356 3421 Dei,
384 3374 536 3422 gravius
563 3381 695 3423 peccat
716 3374 998 3420 consentiendo,
1021 3386 1135 3422 quam
1156 3374 1186 3410 si
1206 3375 1330 3410 solum

273 3426 528 3464 consideraret
556 3427 660 3475 quod
690 3434 744 3463 est
763 3434 893 3463 contra
921 3426 1097 3463 virtutem
1128 3427 1327 3463 moralem.

272 3479 350 3516 Sed
369 3479 470 3516 ratio
483 3479 656 3528 superior
674 3491 752 3516 non
771 3486 894 3528 potest
909 3491 1099 3516 recurrere
1115 3479 1163 3515 ad
1179 3478 1330 3527 aliquod

1377 2112 1484 2150 altius
1513 2125 1628 2161 quam
1657 2113 1703 2150 sit
1731 2126 1841 2151 suurn
1876 2113 2079 2152 obiectum.
2115 2115 2216 2162 Ergo
2245 2114 2275 2151 si
2303 2122 2429 2152 motus

1379 2177 1423 2202 ex
1451 2165 1692 2214 subreptione
1713 2178 1791 2203 non
1816 2166 1862 2202 sit
1878 2175 2076 2215 peccatum
2104 2168 2274 2213 mortale,
2304 2179 2428 2216 neque

1378 2218 1490 2254 etiarn
1520 2218 1737 2255 deliberatio
1766 2219 2035 2267 superveniens
2064 2219 2172 2257 faciet
2199 2219 2322 2268 ipsum
2348 2232 2428 2257 esse

1378 2278 1576 2319 peccatum
1606 2272 1783 2308 mortale:
1813 2272 1919 2318 quod
1937 2279 2038 2320 patet
2057 2284 2139 2308 esse
2163 2272 2309 2308 falsum.
2339 2273 2430 2309 Non

1380 2335 1468 2371 ergo
1488 2323 1525 2359 in
1550 2323 1694 2360 ratione
1723 2323 1904 2372 superiori
1933 2324 2144 2361 secundum
2163 2324 2338 2373 seipsam,
2358 2337 2427 2373 po-

1379 2383 1449 2412 test
1478 2388 1558 2412 esse
1587 2383 1786 2424 peecatum
1813 2376 1972 2414 veniale.

1434 2429 1506 2465 SED
1536 2440 1690 2475 CONTRA,
1721 2436 1847 2465 motus
1875 2429 2113 2477 subreptitius
2131 2429 2357 2466 infidelitatis
2377 2437 2431 2466 est

1379 2489 1577 2529 peccatum
1611 2481 1769 2517 veniale.
1807 2481 1883 2518 Sed
1918 2482 2078 2530 pertinet
2111 2482 2160 2518 ad
2194 2482 2426 2530 superiorem

1380 2533 1565 2570 rationem
1595 2533 1804 2570 secundum
1833 2534 2006 2582 seipsam.
2032 2535 2132 2581 Ergo
2152 2533 2190 2570 in
2209 2534 2349 2571 ratione
2370 2547 2430 2571 su-

1380 2586 1516 2634 periori
1545 2593 1668 2634 potest
1701 2598 1782 2622 esse
1809 2595 2007 2634 peccatum
2040 2586 2187 2623 veniale
2220 2587 2427 2624 secundum

1381 2639 1554 2687 seipsam.

1434 2692 1657 2728 RESPONDEO
1686 2703 1868 2728 DICENDUM
1896 2691 2000 2739 quod
2025 2691 2116 2727 ratio
2138 2691 2308 2739 superior
2327 2691 2430 2727 aliter

1381 2744 1495 2781 fertur
1522 2744 1561 2780 in
1590 2756 1702 2780 suum
1731 2743 1933 2790 obiectum,
1964 2752 2074 2792 atque
2103 2743 2206 2780 aliter
2228 2744 2264 2780 in
2286 2743 2431 2780 obiecta

1381 2796 1601 2834 inferiorum
1628 2796 1767 2849 virium
1797 2809 1893 2845 quae
1912 2809 1980 2845 per
2003 2796 2124 2844 ipsam
2145 2796 2358 2843 diriguntur.
2389 2797 2431 2832 In

1382 2849 1529 2886 obiecta
1558 2849 1658 2885 enirn
1696 2848 1914 2885 inferiorum
1941 2848 2078 2885 virium
2111 2861 2188 2885 non
2216 2849 2331 2884 fertur
2362 2847 2432 2884 nisi

1382 2902 1606 2951 inquantum
1627 2901 1673 2938 de
1695 2901 1746 2938 eis
1767 2901 1926 2938 consulit
1944 2901 2104 2938 rationes
2124 2908 2304 2937 aeternas.
2321 2900 2430 2937 Unde

1382 2967 1460 2992 non
1488 2955 1603 2991 fertur
1630 2954 1667 2990 in
1696 2966 1740 2990 ea
1768 2954 1838 2990 nisi
1863 2966 1932 3002 per
1959 2954 2118 2990 modurn
2143 2952 2430 2990 deliberationis.

1383 3007 1619 3044 Deliberatus
1648 3014 1774 3043 autern
1801 3019 2004 3043 consensus
2032 3006 2070 3042 in
2096 3005 2154 3042 his
2181 3017 2278 3052 quae
2307 3017 2352 3041 ex
2371 3017 2432 3053 ge-

1383 3072 1472 3097 nere
1501 3072 1571 3096 suo
1600 3067 1686 3096 sunt
1713 3059 1904 3105 mortalia,
1941 3066 1995 3094 est
2029 3058 2185 3094 mortale
2219 3066 2430 3105 peccatum.

1383 3114 1431 3150 Et
1458 3113 1544 3150 ideo
1573 3112 1665 3148 ratio
1694 3111 1864 3160 superior
1892 3122 2041 3158 semper
2068 3109 2271 3146 mortaliter
2288 3117 2431 3158 peccat,

1384 3165 1413 3202 si
1434 3172 1537 3202 actus
1566 3164 1785 3200 inferiorum
1812 3163 1951 3200 virium
1969 3163 2006 3199 in
2030 3175 2126 3210 quos
2146 3162 2340 3210 consentit,
2361 3162 2433 3199 sint

1383 3225 1538 3266 peccata
1558 3216 1739 3252 mortalia.

1437 3270 1513 3306 Sed
1534 3269 1631 3305 circa
1646 3267 1841 3316 proprium
1862 3267 2052 3304 obiectum
2066 3267 2180 3304 habet
2195 3268 2291 3305 duos
2311 3275 2431 3304 actus:

1384 3322 1520 3358 scilicet
1540 3320 1750 3368 simplicem
1771 3320 1960 3366 intuitum3
1983 3327 2018 3356 et
2033 3319 2355 3368 deliberationem,
2376 3332 2432 3357 se-

1385 3374 1552 3410 cundum
1580 3373 1683 3420 quod
1713 3372 1823 3409 etiam
1850 3372 1896 3409 de
1916 3372 2070 3421 proprio
2099 3373 2245 3410 obiecto
2275 3373 2434 3409 consulit

1385 3426 1546 3462 rationes
1583 3433 1765 3462 aeternas,
1805 3425 2023 3462 Secundum
2061 3433 2186 3462 autem
2223 3425 2432 3474 simplicem

1385 3478 1570 3525 intuitum,
1591 3485 1715 3526 potest
1733 3477 1896 3526 aliquem
1922 3477 2174 3515 inordinatum
2204 3486 2350 3515 motum
2369 3479 2434 3515 ha-

2449 704 2460 715 *
2474 704 2502 726 D.
2517 710 2567 731 4⁰¹·
