2840 4010
108 1437 118 1446 ·
132 1435 184 1457 Art.
198 1441 213 1456 1.

122 3305 131 3314 ·
147 3303 211 3325 Vere.
227 3304 249 3326 8.

348 146 423 191 348

347 223 439 260 ratio
456 223 538 259 Dei.
560 222 739 259 Meritum
760 228 886 258 autem
914 227 1081 256 nostrum
1105 225 1160 254 est
1185 229 1298 254 causa
1319 217 1406 253 sub-

346 288 387 312 se
415 288 522 312 uenS.

391 288 457 365 (ito
485 339 643 369 TERTmM
663 337 845 364 DICENDUM
867 325 971 373 quod
991 322 1109 371 gratia
1130 322 1289 371 Spiritus
1312 322 1406 358 San—

348 381 394 417 cti
422 393 538 428 quam
566 380 604 416 in
633 378 820 427 praesenti
849 378 1050 422 habemus,
1076 375 1143 412 etsi
1168 387 1246 412 non
1275 374 1321 411 sit
1345 386 1406 410 ae—

346 434 468 481 qualis
496 433 635 480 gloriae
664 432 702 467 in
731 438 828 478 actu,
859 437 913 466 est
933 437 1060 466 tamen
1083 427 1253 476 aequalis
1275 427 1313 464 in
1331 426 1405 463 vir-

1018 139 1283 187 QUAESTIO
1314 138 1451 185 cxlv,
1481 137 1778 175 ART1CuLus
1808 138 1859 174 1v

1442 224 1562 260 ,tutet
1592 217 1688 253 sicut
1716 222 1752 252 et
1779 227 1911 252 semen
1941 215 2134 262 arborum,
2155 215 2193 251 in
2222 227 2298 265 quo
2329 221 2385 251 est
2401 212 2520 251 virtus

1462 269 1512 306 ad
1531 276 1650 306 totam
1671 269 1860 305 arborem.
1891 268 1940 304 Et
1965 266 2134 303 similiter
2152 279 2221 315 per
2239 267 2397 315 gratiam
2416 266 2524 303 inha-

1461 322 1555 359 bitat
1572 322 1770 360 hominem
1793 319 1952 369 Spiritus
1974 320 2147 366 Sanctus,
2169 319 2235 367 qui
2255 327 2311 356 est
2330 319 2523 357 sufficiens

1462 387 1578 412 causa
1597 376 1696 412 vitae
1726 382 1923 411 aeternae:
1952 373 2055 410 unde
2076 379 2112 409 et
2131 371 2265 409 dieitur
2285 384 2367 411 esse
2381 372 2524 422 pignus

1459 428 1671 465 hereditatis
1700 433 1861 472 nostrae,
1891 427 1923 462 II
1952 426 2004 462 ad
2033 426 2121 462 Cor.
2142 437 2152 461 1
2171 424 2202 460 ³¹⁸.
2378 441 2382 443 *

1016 515 1350 548 Commentarta
1372 513 1625 546 cardinalis
1646 514 1848 547 Caietam

376 608 396 628 N
420 597 540 627 articuli
565 596 644 626 tertii
668 595 771 632 titulo,
792 595 870 626 scito
890 595 980 634 quod
995 594 1107 624 mereri
1131 603 1167 624 ex
1182 593 1341 633 condigno
1361 599 1408 624 est

350 610 488 671 Imereri
507 640 550 671 sic
570 647 605 670 ut
628 639 804 670 secundum
823 638 976 669 iustitiam
992 638 1049 668 sibi
1071 638 1235 668 debeatur:
1257 637 1299 667 ita
1319 637 1407 678 quod

347 685 501 715 iniustum
530 691 609 714 esset
633 693 698 713 non
722 683 809 713 reddi
833 683 1012 712 mercedem
1039 682 1152 712 merito
1177 691 1213 711 ex
1237 681 1406 721 condigno.

346 730 438 760 Unde
461 735 491 758 et
515 737 632 758 nomen
656 727 776 768 accepit
799 727 836 757 ab
860 736 963 767 aequa
977 726 1135 767 dignitate
1153 725 1256 756 meriti
1272 725 1312 755 ad
1327 735 1407 755 mer-

349 773 467 803 cedem.

403 817 440 847 11.
466 817 501 846 In
525 825 658 855 corpore
682 814 812 851 articuli,
837 815 963 845 adverte
992 814 1081 855 quod
1103 813 1157 844 illa
1181 814 1266 850 du0,
1291 813 1409 844 scilicet

346 860 448 891 motio
473 859 607 899 Spiritus
627 859 731 889 Sancti
756 866 786 889 et
808 859 916 898 gratia,
941 869 1006 888 non
1031 864 1105 889 sunt
1129 858 1210 888 duae
1234 857 1408 897 disparatae

346 914 456 935 causae
473 903 585 939 meriti,
607 903 661 933 sed
678 909 752 933 sunt
768 913 879 934 causae
894 903 1134 933 subordinatae:
1158 901 1260 932 motio
1277 901 1408 943 quidem

346 948 479 988 Spiritus
496 947 601 978 Sancti
622 954 658 978 ut
681 947 762 978 actio
787 957 899 977 causae
923 947 1055 987 primae,
1082 953 1112 976 et
1134 946 1232 986 gratia
1255 953 1290 977 ut
1314 956 1408 976 causa

346 993 483 1023 secunda
507 991 610 1032 operis
634 991 826 1032 inquantum
849 991 1012 1021 meritorii.
1037 991 1146 1021 Movet
1169 990 1254 1020 enim
1274 989 1408 1031 Spiritus

347 1037 478 1067 Sanctus
502 1035 668 1066 hominem
692 1036 731 1066 ad
755 1036 942 1065 merendum
961 1035 1119 1066 mediante
1142 1034 1255 1075 gratia:
1279 1040 1409 1075 propter

346 1081 435 1121 quod
449 1080 559 1116 littera,
577 1080 615 1109 de
631 1079 775 1110 motione
791 1079 925 1119 Spiritus
946 1079 1052 1110 Sancti
1067 1079 1213 1120 loquens,
1229 1078 1315 1109 affert
1330 1078 1409 1108 illud

347 1125 432 1155 Ioan.
458 1133 502 1154 1v:
527 1124 580 1154 Fit
603 1125 634 1154 in
660 1134 695 1154 eo
707 1123 793 1163 fons
819 1133 923 1163 aquae
946 1123 1091 1153 salientis
1117 1123 1149 1152 in
1179 1124 1275 1153 vitam
1306 1127 1408 1152 aeter-

348 1179 433 1199 nam.
457 1169 498 1198 Et
519 1167 655 1198 intendit
677 1170 799 1197 Auctor
818 1167 916 1207 quod,
937 1166 1011 1207 quia
1031 1176 1113 1206 opus
1131 1166 1252 1197 elicitur
1267 1176 1285 1196 a
1300 1165 1407 1206 gratia,

346 1213 440 1243 habet
463 1212 551 1252 quod
567 1211 607 1241 sit
619 1210 819 1241 meritorium
836 1220 872 1241 ex
892 1210 1052 1250 condigno
1069 1220 1106 1240 ex
1122 1216 1255 1250 utraque
1272 1210 1321 1241 sui
1337 1219 1409 1250 pro-

348 1257 413 1296 pria
438 1266 540 1292 causa,
559 1254 675 1285 scilicet
693 1254 795 1295 prima
811 1262 841 1285 et
858 1254 1010 1294 proxima.
1035 1255 1102 1285 Nec
1117 1254 1211 1284 altera
1227 1253 1408 1294 superfluit:

346 1300 501 1341 quoniam
524 1309 590 1329 non
615 1305 688 1329 sunt
711 1299 854 1329 eiusdem
878 1298 1006 1329 ordinis.

406 1345 457 1375 III.
478 1344 518 1374 Et
542 1351 651 1374 contra
669 1343 789 1383 primae
809 1343 940 1383 quidem
964 1352 1075 1373 causae
1099 1341 1321 1373 sufficientiam
1343 1351 1410 1372 non

347 1395 517 1419 occurrunt
536 1387 791 1418 contradictores
817 1387 938 1417 Contra
954 1387 1126 1417 secundam
1142 1393 1251 1416 autern
1274 1386 1410 1417 occurrit

347 1433 469 1469 Scotus‚
488 1433 520 1462 in
545 1432 555 1461 I
571 1432 669 1469 sent„
689 1431 758 1462 dist.
779 1441 850 1466 xvn,
868 1441 921 1472 qu.
938 1441 949 1460 1
964 1430 991 1467 θ’,
1016 1437 1125 1461 tenens
1145 1430 1234 1471 quod
1250 1437 1337 1460 actus
1357 1430 1409 1461 eli-

346 1477 425 1507 citus
445 1487 463 1506 a
485 1476 582 1516 gratia
605 1486 671 1506 non
687 1482 733 1506 est
755 1475 935 1506 meritorius
952 1474 1135 1515 simpliciter
1149 1474 1231 1505 vitae
1247 1481 1409 1512 aeternae;

347 1522 401 1551 sed
425 1527 550 1561 oportet
573 1520 671 1560 quod,
690 1519 770 1550 ultra
794 1519 855 1549 hoc
874 1519 964 1559 quod
987 1519 1027 1549 sit
1042 1518 1231 1549 informatus
1248 1518 1355 1558 gratia,
1371 1519 1411 1550 sit

347 1572 493 1604 acceptus
516 1565 595 1600 Deo,
621 1564 701 1594 idest
724 1563 888 1593 ordinatus
905 1573 923 1592 a
938 1563 1008 1593 Deo
1033 1563 1071 1593 ad
1092 1563 1350 1603 consequendam
1364 1563 1411 1593 vi·

347 1617 411 1639 tam
436 1616 603 1639 aeternam.
627 1608 669 1638 Et
690 1607 723 1637 in
747 1607 800 1637 tali
824 1607 1023 1638 ordinatione
1038 1617 1107 1638 ‚seu
1134 1607 1317 1647 acceptione
1340 1617 1410 1648 pas·-

347 1654 413 1683 siva
435 1652 590 1692 compleri
615 1652 689 1682 dicit
712 1651 867 1682 rationem
891 1651 993 1681 meriti
1018 1661 1054 1681 ex
1079 1651 1249 1691 condigno.

401 1697 578 1737 Arguitque
594 1696 709 1736 primo,
726 1695 779 1726 sic.
795 1695 830 1726 Si
853 1702 941 1726 actus
957 1705 993 1725 ex
1016 1696 1092 1726 solis
1115 1695 1290 1726 intrinsecis
1306 1695 1411 1736 agenti

347 1748 426 1772 esset
449 1741 493 1771 sic
511 1740 674 1770 ordinatus
690 1740 730 1770 ad
749 1739 986 1776 beatitudinem,
1007 1747 1191 1780 sequeretur
1211 1739 1301 1781 quod
1323 1740 1410 1770 Deus

347 1796 412 1816 non
437 1792 544 1825 posset
571 1785 599 1814 ei
623 1784 678 1825 qui
702 1783 744 1814 sic
775 1790 923 1824 operatus
947 1790 1006 1819 est,
1033 1794 1099 1814 non
1122 1783 1291 1814 retribuere
1315 1783 1411 1814 beati-

345 1830 499 1865 tudinem,
514 1828 573 1859 nisi
588 1828 704 1859 iniuste
717 1837 787 1858 earn
802 1828 1026 1858 subtrahendo.
1038 1828 1111 1859 Hoc
1124 1835 1170 1859 est
1186 1827 1310 1859 falsum.
1324 1827 1410 1868 Ergo

347 1874 416 1905 talis
440 1874 520 1903 ordo
544 1879 591 1903 est
613 1883 650 1903 ex
673 1872 740 1902 sola
762 1873 926 1907 voluntate
950 1872 1066 1903 divina.

405 1917 562 1954 Secundo,
580 1917 634 1947 sic.
658 1916 840 1947 Praemium
863 1926 988 1956 semper
1012 1923 1059 1947 est
1081 1916 1185 1947 maius
1209 1917 1333 1946 bonum
1347 1926 1411 1946 me-

346 1963 417 1993 rito.
436 1962 476 1992 Et
498 1961 616 1992 iustitia
639 1961 743 1992 stricta
758 1971 824 1991 non
853 1961 954 1991 reddit
975 1961 1090 1992 melius
1104 1971 1163 2001 pro
1187 1961 1294 1991 minus
1310 1961 1409 1991 bono.

347 2007 432 2046 Ergo
457 2012 544 2036 actus
567 2004 747 2036 meritorius
767 2015 832 2035 non
857 2011 903 2035 est
923 2005 1037 2044 dignus
1059 2004 1113 2035 tali
1130 2004 1271 2046 praemio
1295 2015 1332 2036 ex
1355 2005 1410 2035 bo-

348 2050 444 2081 nitate
468 2060 566 2091 quam
589 2050 683 2080 babet
706 2059 742 2079 ex
766 2049 830 2080 suis
853 2049 1024 2089 principiis.

404 2095 455 2125 IV.
473 2094 534 2125 Sed
558 2094 633 2124 haec
657 2093 747 2124 facile
771 2093 947 2124 solvuntur.
968 2093 1051 2123 Nam
1074 2093 1114 2123 ad
1133 2092 1274 2133 primum
1298 2092 1412 2123 dicitur

348 2140 436 2180 quod
458 2138 572 2169 iniuste
596 2138 829 2169 subtraheretur
851 2147 980 2174 merceS,
1002 2144 1146 2178 tempore
1162 2137 1278 2173 debito,
1303 2137 1331 2168 ei
1355 2136 1411 2177 qui

348 2190 496 2223 operatus
520 2190 566 2213 est
589 2192 626 2212 ex
648 2182 755 2223 gratia.
772 2182 812 2212 Et
835 2182 933 2220 Deus,
957 2182 1013 2222 qui
1037 2189 1083 2212 est
1106 2181 1229 2212 debitor
1251 2181 1311 2212 sibi
1333 2181 1409 2222 ipsi,

349 2228 405 2268 qui
428 2227 594 2263 ordinavit,
611 2236 677 2257 non
697 2236 753 2267 per
771 2226 1007 2267 superadditam
1022 2226 1265 2262 ordinationem,
1285 2233 1320 2256 ut
1335 2225 1411 2256 Sco-

348 2279 399 2302 tus
415 2271 546 2311 putavit,
571 2271 624 2301 sed
641 2281 697 2311 per
710 2271 811 2310 ipsam
832 2269 975 2310 gratiam,
992 2270 1058 2300 eius
1078 2277 1185 2301 actum
1201 2280 1267 2301 esse
1287 2269 1413 2301 merito-

349 2316 432 2346 rium
456 2325 493 2345 ex
515 2315 577 2345 hoc
600 2315 671 2355 ipso
695 2315 765 2345 solo
783 2315 871 2355 quod
888 2321 934 2345 est
948 2324 965 2344 a
980 2314 1087 2354 gratia,
1108 2315 1197 2356 quod
1213 2320 1259 2345 est
1273 2314 1342 2345 talis
1358 2323 1412 2344 na-

349 2367 446 2396 turae,
463 2360 544 2390 sicut
559 2369 625 2389 non
642 2365 747 2399 potest
763 2365 872 2389 contra
887 2358 1028 2399 seipsum
1042 2358 1152 2395 facere,
1165 2358 1208 2389 ita
1227 2368 1293 2388 non
1308 2364 1412 2399 potest

349 2404 530 2435 subtrahere
558 2403 746 2434 mercedem.
772 2403 858 2434 Cum
881 2413 947 2444 quo
975 2409 1082 2433 tamen
1106 2406 1167 2434 stat
1194 2403 1284 2443 quod
1307 2409 1413 2444 potest

349 2448 444 2479 etiam
467 2450 575 2479 beatos
604 2457 716 2478 omnes
745 2447 917 2478 annihilare
941 2447 980 2477 de
1003 2447 1145 2487 potentia
1169 2447 1324 2478 absoluta.
1350 2446 1411 2478 Sed

349 2493 410 2523 hoc
434 2500 480 2523 est
503 2499 587 2523 extra
610 2491 831 2532 quaestionem
850 2498 1056 2532 praesentem.

404 2537 455 2567 Ad
475 2536 650 2567 secundum
668 2535 780 2567 dicitur
796 2536 884 2577 quod
899 2535 1066 2566 liberalitas
1083 2535 1188 2565 divina
1208 2545 1412 2566 remunerans

350 2591 445 2621 supra
461 2581 620 2616 meritum,
638 2590 703 2610 non
724 2580 835 2611 adimit
854 2580 967 2610 merito
983 2579 1048 2610 vim
1066 2590 1166 2611 suam.
1184 2579 1230 2610 Ex
1246 2579 1307 2610 hoc
1323 2589 1411 2610 nam-

350 2635 412 2666 que
428 2625 516 2666 quod
534 2625 621 2655 Deus
638 2624 721 2655 actui
741 2623 874 2655 merenti
890 2624 1023 2664 gloriam
1038 2630 1075 2654 ut
1089 2633 1201 2661 unum,
1218 2623 1321 2654 reddit
1342 2623 1411 2663 glo-

1460 594 1540 624 riam
1557 600 1592 624 ut
1604 594 1679 629 duo,
1693 603 1759 623 non
1772 593 1922 623 adimitur
1935 592 2019 623 actui
2035 591 2080 622 illi
2093 591 2170 632 quin
2183 589 2332 621 meruerit
2346 590 2525 621 secundum

1461 638 1600 669 strictam
1627 636 1780 668 iustitiam
1803 637 1937 677 gloriam
1960 643 1997 667 ut
2019 646 2132 667 unum.
2157 635 2250 666 Unde
2273 634 2353 666 ratio
2382 634 2436 667 illa
2458 644 2525 664 non

1461 682 1575 722 probat
1593 682 1681 722 quod
1706 687 1793 711 actus
1817 691 1883 711 non
1906 681 1946 712 sit
1968 679 2165 718 meritorius:
2191 679 2246 709 sed
2267 678 2443 719 hoc,quod
2456 687 2525 709 non

1461 726 1501 756 sit
1515 725 1695 756 meritorius
1710 724 1809 755 totius
1824 724 1956 764 praemii
1973 725 2062 766 quod
2091 724 2145 754 dat
2167 723 2265 760 Deus,
2281 721 2448 763 supposita
2469 721 2525 753 tali

1461 770 1655 800 liberalitate.

1516 814 1555 844 V.
1579 814 1620 844 Et
1643 820 1676 843 tu
1706 812 1801 842 habes
1824 811 1859 842 in
1878 811 1982 843 littera
2004 822 2063 852 pro
2087 811 2231 842 doctrina
2254 821 2280 842 s.
2299 809 2447 841 ‘rhomae
2469 820 2525 841 au-

1462 857 1638 888 ctoritatem
1662 856 1827 896 Apostoli,
1851 855 1887 886 Si
1901 855 1982 896 filii,
2005 856 2152 895 heredes,
2180 861 2253 886 etc.:
2275 854 2329 885 ubi
2345 861 2438 895 potes
2453 853 2524 885 fuu-

1461 902 1534 932 dare
1558 901 1722 932 rationem.
1741 900 1826 938 Quia
1847 898 1914 930 filio
1938 899 2098 939 obedienti
2119 906 2150 931 et
2164 907 2200 930 ut
2218 899 2285 930 filio
2302 898 2456 939 operanti,
2473 898 2525 934 de-

1461 947 1552 976 betur
1575 945 1729 975 hereditas
1753 950 1883 984 paterna
1905 953 1943 974 ex
1965 943 2036 974 solo
2057 943 2128 983 ipso
2150 943 2220 974 iure
2238 943 2356 979 stricto,
2371 942 2415 973 ita
2434 942 2525 984 qued

1462 1000 1528 1020 non
1551 989 1611 1020 nisi
1637 988 1752 1019 iniuste
1778 994 1885 1028 potest
1912 987 2036 1028 privari.
2065 987 2127 1018 Sed
2148 987 2217 1019 sola
2240 987 2339 1027 gratia
2362 985 2526 1018 constituit

1461 1033 1544 1064 filios
1557 1033 1625 1070 Dei,
1639 1033 1759 1063 seclusa
1774 1041 1977 1072 quacumque
1994 1031 2203 1062 ordinatione.
2219 1031 2315 1072 Ergo.
2324 1048 2345 1054 —
2358 1029 2526 1071 Super-flua

1462 1088 1594 1119 quoque
1617 1083 1663 1108 est
1686 1075 1886 1116 superaddita
1909 1075 2067 1106 ordinatio
2095 1075 2158 1107 illa.
2180 1075 2344 1113 Quoniam
2367 1073 2525 1116 quidquid

1462 1132 1518 1162 per
1540 1122 1627 1152 illam
1651 1120 1694 1157 fit,
1712 1120 1850 1150 salvatur
1866 1119 1979 1150 melius
1994 1129 2051 1159 per
2069 1119 2248 1150 motionem
2265 1118 2401 1159 Spiritus
2419 1117 2526 1150 Sancti

1462 1166 1621 1196 mediante
1635 1164 1742 1205 gratia.
1756 1182 1777 1187 —
1787 1162 1923 1195 Vilificat
1939 1172 2071 1204 quoque
2084 1163 2217 1203 gratiam
2233 1162 2351 1204 positio
2367 1162 2431 1201 illa,
2447 1162 2526 1194 dum

1463 1210 1492 1240 ei
1515 1210 1681 1250 proprium
1705 1218 1788 1248 opus
1812 1207 1976 1244 subtrahit,
1993 1207 2111 1238 scilicet
2129 1206 2296 1243 meritum;
2321 1213 2352 1237 et
2373 1216 2434 1237 nos
2458 1215 2525 1237 non

1460 1264 1555 1294 posse
1567 1264 1623 1293 per
1636 1252 1767 1293 gratiam
1783 1252 1895 1282 mereri
1911 1251 1971 1282 nisi
1986 1251 2180 1292 dispositive,
2193 1250 2293 1291 ponit.
2311 1251 2402 1288 Quae
2417 1249 2527 1280 omnia

1442 1298 1563 1328 aliena
1586 1308 1603 1327 a
1627 1296 1786 1336 theologia
1809 1296 1883 1326 reali
1907 1302 1990 1326 sunt.

1520 1343 1561 1373 Et
1583 1349 1618 1372 tu
1642 1348 1732 1381 potes
1755 1340 1832 1371 scire
1847 1340 1928 1370 hanc
1944 1349 2011 1370 esse
2026 1349 2134 1370 veram
2156 1345 2298 1370 mentem
2312 1338 2471 1375 Auctoris,
2488 1348 2526 1369 ex

1459 1386 1606 1419 doctrina
1630 1385 1696 1415 eius
1720 1385 1752 1414 in
1768 1394 1822 1425 qu.
1839 1394 1890 1414 xx1
1901 1384 1919 1403 *
1935 1383 2090 1424 supen'us,
2108 1383 2163 1414 ubi
2187 1390 2352 1414 ostensum
2375 1389 2422 1413 est
2437 1382 2526 1423 quod
2552 1389 2563 1399 ¹

1463 1438 1551 1461 aetus
1575 1430 1744 1465 humanm,
1765 1438 1801 1459 ex
1824 1428 1886 1458 hoc
1909 1428 1999 1468 quod
2023 1435 2068 1458 est
2091 1428 2196 1458 bonus
2219 1427 2270 1458 vel
2292 1427 2396 1457 malus
2421 1436 2526 1458 mora-

1461 1475 1542 1511 liter,
1559 1474 1653 1504 habet
1668 1473 1823 1503 rationem
1838 1471 1942 1504 meriti
1961 1472 2012 1503 vel
2026 1471 2171 1503 demeriti
2194 1471 2290 1503 etiam
2305 1471 2391 1512 apud
2407 1471 2525 1502 Deum.

1462 1519 1511 1550 Ex
1533 1518 1595 1549 hoc
1618 1527 1756 1557 namque
1780 1517 1924 1557 sequitur
1946 1517 2036 1557 quod
2055 1526 2092 1546 ex
2107 1516 2168 1546 hoc
2184 1516 2255 1556 ipso
2271 1515 2360 1556 quod
2375 1522 2463 1546 actus
2479 1521 2527 1546 est

1463 1564 1578 1598 bonus,
1596 1569 1642 1592 est
1665 1561 1828 1591 ordinatus
1851 1571 1869 1591 a
1888 1561 1958 1591 Deo
1982 1561 2022 1591 ad
2038 1559 2234 1601 praemium:
2259 1566 2290 1590 et
2305 1559 2376 1596 hoc,
2393 1565 2430 1590 ut
2451 1559 2495 1590 ibi
2509 1556 2525 1574 *

1464 1607 1590 1643 dicitur,
1608 1611 1760 1647 quantum
1786 1610 1833 1636 est
1855 1614 1897 1635 ex
1920 1606 2046 1635 ratione
2068 1608 2257 1642 actus;*nec
2281 1610 2409 1644 oportet
2431 1602 2525 1634 aliam

1463 1651 1697 1682 ordinationem
1722 1649 1941 1689 superaddere.

1520 1695 1573 1726 VI.
1593 1695 1627 1725 ln
1643 1694 1757 1724 eodem
1773 1693 1904 1724 articulo
1922 1692 2058 1724 dubium
2073 1691 2211 1723 occurrit
2233 1701 2300 1733 quo
2315 1698 2409 1732 pacto
2425 1691 2527 1733 possit

1462 1740 1564 1771 homo
1594 1749 1649 1779 per
1676 1737 1810 1777 gratiam
1838 1736 1951 1768 mereri
1979 1747 2018 1767 ex
2041 1735 2200 1776 condigno
2222 1735 2320 1767 vitam
2347 1734 2526 1774 aeternnm,

1464 1794 1539 1815 cum
1561 1783 1642 1814 inter
1664 1783 1770 1812 Deum
1794 1788 1825 1812 et
1843 1788 2019 1812 creaturam
2035 1789 2284 1823 quamcumque,
2300 1779 2405 1811 multo
2418 1778 2527 1813 minus

1463 1837 1562 1870 quam
1577 1827 1658 1857 inter
1678 1833 1799 1867 patrem
1819 1832 1851 1856 et
1867 1825 1980 1862 filium,
1997 1824 2100 1865 possit
2114 1834 2181 1855 esse
2192 1824 2317 1855 ‘iustum
2332 1821 2526 1864 simpliciter.

1463 1872 1598 1903 Constat
1621 1871 1706 1901 enim
1729 1870 1818 1911 quod
1842 1870 1942 1900 homo
1965 1869 1998 1900 in
2021 1869 2119 1909 gratia
2146 1875 2287 1900 creatura
2309 1877 2389 1909 pura
2411 1874 2473 1908 est3
2496 1872 2528 1899 et

1461 1916 1547 1948 filius
1567 1915 1735 1955 adoptivus
1758 1924 1826 1947 non
1849 1914 1922 1954 plus
1945 1913 2020 1944 iusti
2042 1913 2173 1944 sortitur
2186 1912 2275 1953 apud
2289 1919 2412 1954 patrem
2427 1911 2527 1954 quain

1462 1960 1547 1991 filius
1576 1959 1776 2000 simpliciter;
1801 1958 1915 1989 mereri
1943 1965 2051 1990 autern
2080 1967 2118 1988 ex
2145 1956 2305 1997 condigno
2335 1957 2376 1987 ad
2404 1956 2527 2006 iustum

1463 2004 1646 2045 simpliciter
1669 2009 1796 2044 spectat.
2389 2031 2391 2034 ,
2500 2030 2515 2041 ,ι

1521 2048 1572 2079 Ad
1595 2048 1657 2078 hoc
1681 2047 1795 2078 dieitur
1810 2046 1899 2088 quod
1915 2056 1998 2086 opus
2015 2045 2213 2077 meritorium
2234 2055 2271 2076 ex
2286 2044 2393 2085 gratia
2407 2051 2437 2076 et
2456 2040 2527 2089 Spif

1462 2093 1525 2124 ritu
1549 2093 1664 2123 Sancto
1688 2091 1872 2132 procedens,
1897 2097 2002 2131 potest
2022 2089 2197 2131 comparari
2212 2089 2252 2120 ad
2274 2089 2381 2120 Deum
2394 2086 2527 2120 retribu-

1463 2143 1577 2168 torem.
1595 2137 1636 2166 Et
1655 2135 1708 2172 sic,
1729 2142 1859 2176 propter
1874 2135 2012 2165 rationes
2025 2135 2144 2171 allatas,
2162 2133 2265 2165 solam
2280 2133 2437 2165 rationem
2451 2132 2528 2165 ium

1465 2180 1651 2212 dominativi
1675 2190 1730 2210 seu
1754 2179 1875 2220 paterni
1898 2179 2006 2216 video;
2031 2179 2117 2210 iuxta
2139 2178 2221 2209 illud
2242 2178 2409 2218 Apostoli,
2433 2176 2528 2220 114⁶st

1469 2226 1548 2256 Tim.
1565 2236 1595 2255 1v
1611 2225 1640 2255 *z
1657 2234 1752 2265 quam
1776 2223 1888 2255 reddet
1907 2224 2078 2262 Dominus,
2095 2224 2203 2263 iustuj
2216 2222 2325 2262 iudex.
2337 2221 2404 2262 -Si
2418 2228 2527 2254 autem

1463 2269 1615 2301 referatur
1630 2270 1668 2299 ad
1687 2268 1875 2304 mercedem,
1893 2268 2009 2299 scilicet
2023 2267 2122 2298 vitam
2138 2273 2308 2304 aeternam,
2324 2266 2368 2299 sic
2386 2272 2433 2299 est
2446 2265 2527 2316 rati?

2551 386 2559 394 ·
2576 383 2644 405 vers.
2657 389 2692 405 2².
2702 395 2713 400 -
2725 383 2762 406 Cf.

2551 410 2585 432 ad
2588 409 2684 438 Ephes„
2689 415 2740 438 cap.
2746 416 2762 437 ι,

2551 443 2612 458 vers.
2627 442 2659 463 ¹4·

2551 1563 2725 1592 ‘lure-pan
2742 1570 2764 1593 3.

2553 2228 2685 2261 ‘Veto-8·

1464 2314 1539 2345 iusti
1563 2312 1745 2353 simpliciter
1761 2319 1791 2343 et
1806 2312 1989 2353 aequalitas.
2012 2311 2054 2342 Et
2069 2312 2109 2342 ad
2124 2311 2207 2342 hanc
2225 2310 2449 2352 aequalitatem
2462 2307 2529 2349 't‘e‘n-
2562 2306 2568 2311 ”

1466 2358 1546 2389 dunt
1568 2358 1662 2387 verba
1684 2357 1813 2393 litterae,
1834 2362 1870 2387 ut
1891 2363 1978 2397 patet
1998 2356 2033 2386 in
2056 2354 2264 2396 responsione
2287 2355 2328 2386 ad
2349 2351 2518 2390 tertiumf*

1521 2402 1620 2440 Quod
1643 2401 1668 2431 si
1684 2401 1755 2442 quis
1771 2401 1874 2432 dicere
1889 2401 1965 2431 velit
1979 2400 2069 2441 quod
2082 2401 2164 2431 inter
2178 2408 2262 2440 opus
2277 2399 2477 2431 meritorium
2490 2404 2529 2430 ut

1465 2453 1512 2479 est
1535 2456 1553 2476 a
1576 2445 1693 2485 Spiritu
1718 2446 1845 2482 Sancto,
1860 2451 1891 2476 et
1912 2445 2029 2482 Deum,
2046 2451 2093 2476 est
2115 2444 2238 2476 iustum
2261 2443 2458 2484 simpliciter:
2473 2441 2528 2474 nd·

1464 2497 1565 2533 yertat
1587 2490 1676 2531 quod
1699 2490 1820 2521 iustum
1844 2489 2005 2531 quaeritur
2027 2489 2108 2520 inter
2130 2487 2352 2520 retributorem
2370 2494 2402 2520 et
2417 2497 2528 2528 operet-

1466 2541 1569 2566 torem
1592 2534 1647 2575 qui
1671 2541 1899 2571 remuneratur,
1917 2540 1948 2564 et
1963 2543 2029 2565 non
2045 2533 2125 2564 inter
2142 2532 2281 2574 primam
2305 2542 2433 2564 causam
2448 2541 2529 2580 meg-

1467 2578 1550 2610 cedis
1574 2586 1604 2609 et
1628 2577 1740 2609 meriti.
2483 2577 2491 2580 “’

2474 2664 2521 2697 '25

1131 2767 1447 2810 ARTICULUS
1477 2767 1749 2819 QUARTUS

647 2852 803 2884 UTRUM
827 2852 991 2883 GRATIA
1015 2852 1082 2883 SIT
1105 2852 1356 2883 PRINCIPIUM
1379 2851 1530 2883 MERITI
1553 2851 1848 2882 PRINCIPALIUS
1871 2850 1954 2881 PER
1978 2848 2236 2881 CARITATEM

1129 2897 1255 2934 QUAM
1279 2896 1362 2927 PER
1385 2896 1508 2926 ALIAS
1531 2895 1748 2926 VIRTUTES
2205 2898 2208 2901 '

402 2968 433 2992 111
453 2968 535 2997 Sene„
556 2967 614 2991 dist.
633 2974 688 2997 xxx,
708 2971 756 2991 art.
776 2965 804 2997 53
824 2966 867 2997 IV,
887 2966 945 2990 dist.
964 2974 1028 2995 xux,
1048 2973 1091 2998 qu.
1116 2974 1136 2997 1,
1156 2971 1204 2991 art.
1221 2973 1247 2998 4,
1267 2966 1316 2999 qu⁸
1334 2973 1365 2998 45
1385 2973 1429 2999 qu.
1448 2973 1472 2995 v,
1492 2970 1538 2990 art.
1561 2973 1569 2989 1
1580 2972 1588 2995 ;
1607 2965 1649 2990 De
1673 2965 1762 2994 Verit„
1781 2972 1827 2998 qu.
1844 2972 1894 2995 nV,
1914 2969 1960 2989 art.
1982 2963 2004 2995 5,
2024 2964 2056 2988 ad
2076 2963 2104 2994 53
2125 2963 2166 2988 De
2184 2963 2251 2993 ibt„
2271 2970 2315 2997 qu.
2334 2969 2369 2991 νι,
2388 2967 2435 2988 art
2454 2968 2484 2995 93
2503 2956 2506 2961 Α

817 3001 860 3026 Ad
878 3001 964 3031 Rom„
985 3009 1041 3034 cap.
1059 3009 1113 3033 vm,
1133 3002 1191 3026 lect.
1210 3009 1242 3033 νς
1262 3001 1271 3026 1
1294 3001 1370 3030 Tim„
1390 3007 1446 3033 cap.
1465 3007 1499 3032 w,
1519 3001 1578 3026 lect.
1597 3008 1628 3031 n;
1647 3000 1691 3025 Aa
1710 3000 1802 3028 Hebr„
1822 3007 1878 3033 cap.
1896 3007 1931 3030 w,
1952 2999 2010 3024 lect.
2028 3006 2066 3023 m.

402 3102 420 3111 aa

416 3102 433 3114 g
488 3112 491 3114 Ι
521 3105 524 3106 7

380 3111 442 3163 4ξέ
480 3114 525 3142 *Sr-

403 3182 409 3191 2

358 3292 568 3329 secundum
597 3293 689 3329 illud
717 3294 851 3330 Matth.
871 3305 919 3329 xx
937 3293 975 3330 *z
1010 3295 1111 3330 Voca
1140 3294 1355 3341 operarios,
1385 3299 1421 3330 et

357 3345 469 3382 redde
497 3345 566 3381 illis
594 3346 802 3382 mercedem
829 3358 949 3382 suam.
982 3346 1059 3383 Sed
1087 3346 1279 3394 quaelibet
1301 3347 1418 3384 virtus

359 3405 414 3434 est
445 3397 673 3446 principium
709 3398 865 3434 alicuius
899 3401 1046 3447 operis:
1078 3407 1133 3435 est
1167 3399 1269 3436 enim
1298 3399 1418 3437 virtus

120 3462 189 3490 ‘Qu.
204 3468 240 3490 tv,
255 3466 329 3485 arm.
358 3450 506 3487 habitus
535 3450 765 3498 operativus,
794 3458 835 3487 ut
854 3463 968 3499 supra
988 3453 1007 3471 ⁴⁸
1028 3451 1199 3488 habitum
1221 3459 1286 3489 est.
1317 3453 1419 3500 Ergo

549 3094 587 3119 D
608 3093 780 3124 QUARTUM
800 3093 852 3118 SIC
872 3093 1114 3120 PROCEDITUR.
1134 3081 1295 3119 Videtur
1309 3081 1416 3129 quod
1470 3080 1661 3129 quaelibet
1695 3079 1815 3117 virtus
1854 3087 1909 3116 est
1946 3078 2153 3127 aequaliter
2187 3077 2416 3128 principium
2454 3088 2534 3114 me-

498 3135 684 3183 gratia
712 3147 790 3171 non
809 3135 855 3171 sit
873 3134 1100 3183 principium
1131 3134 1252 3171 meriti
1280 3133 1417 3183 princi·
1471 3133 1589 3171 rendi.

1526 3198 1561 3223 2.
1583 3187 1820 3232 PRAETERE„
1837 3185 2046 3234 Apostolus
2074 3184 2173 3232 dicit,
2204 3185 2218 3221 1
2247 3184 2299 3221 ad
2329 3184 2417 3220 Cor.
2436 3180 2532 3220 1114}

1477 3240 1740 3288 Unusquisque
1755 3239 1958 3287 propriam
1985 3238 2196 3275 mercedem
2222 3237 2383 3285 accipiet
2403 3245 2534 3272 secum

1473 3294 1563 3330 dum
1586 3293 1786 3341 proprium
1816 3292 1996 3329 laborem.
2027 3291 2105 3328 Sed
2132 3290 2268 3327 caritas
2286 3287 2407 3336 magis
2426 3286 2534 3325 dimi-

1473 3345 1555 3383 nuit
1582 3346 1753 3382 laborem
1784 3357 1900 3394 quam
1929 3351 2086 3392 augeat:
2115 3343 2204 3392 quia
2237 3342 2333 3380 sicut
2359 3339 2534 3388 Augusti-

1475 3412 1546 3436 nus
1567 3399 1667 3446 dicit,
1687 3398 1726 3435 in
1754 3398 1849 3434 libro
1870 3397 1916 3434 de
1941 3397 2070 3435 Verbis
2088 3397 2201 3433 Dom.
2221 3394 2252 3442 ²⁸²,
2274 3394 2401 3431 omnia
2419 3404 2534 3430 saeva

1476 3458 1512 3488 et
1547 3452 1749 3497 immania,
1767 3450 1906 3499 facilia
1941 3455 1978 3487 et
2003 3461 2125 3500 prope
2158 3447 2261 3486 nulla
2278 3447 2382 3495 facit
2411 3458 2532 3483 amor.

2559 3198 2571 3210 ⁸
2587 3197 2655 3220 vers.
2670 3196 2692 3220 8.

2563 3408 2570 3416 ·
2579 3405 2655 3428 Serm.
2662 3403 2735 3432 Lxx,
2742 3403 2774 3427 ιΙ.

2560 3431 2602 3459 IX,
2618 3437 2670 3460 etp.
2684 3436 2722 3453 m.

2831 2530 2840 2734 .—-a..;-—-v..
2837 2509 2840 2521 .-

2837 2936 2840 2944 -
2836 2907 2840 2920 ..
2831 2745 2840 2893 .-au-m-
