2840 4010
967 161 1232 207 QUAESTIO
1260 162 1399 209 XCIII,
1427 162 1723 199 ARTICULUS
1752 162 1814 209 IV,
1843 162 1879 198 V

2435 158 2505 195 165

1115 303 1431 346 ARTICULUS
1460 305 1732 356 QUARTUS

697 396 852 428 UTRUM
873 396 1138 428 NECESSARIA
1159 395 1217 426 ET
1241 395 1445 426 AETERNA
1468 395 1770 428 sussumANTUR
1791 397 1890 428 LEGI
1914 397 2146 429 AETERNAE

370 496 430 538 {4253
456 511 507 527 ,‚„<
519 505 534 514 ι-
547 496 570 522 ι)
590 496 763 528 QUARTUM
782 495 836 521 sm
853 494 1094 521 PROCEDITUR.
1110 482 1270 519 Videtur
1288 482 1393 530 quod

363 525 418 593 &J
466 512 525 583 {52}
550 536 762 574 necessaria
797 543 832 572 et
864 543 1017 572 aeterna
1049 534 1292 571 subiiciantur
1322 534 1394 581 legi

353 584 393 639 ἰΫ
412 572 737 627 v'aeternae.
768 587 895 626 Omne
923 587 1025 625 enirn
1050 586 1155 636 quod
1175 585 1394 624 rationabile

388 614 488 674 4³²³¹)
504 633 535 676 K
548 649 617 689 est,
630 639 767 680 rationi
785 639 970 678 subditur.
983 639 1060 677 Sed
1074 640 1250 676 voluntas
1266 638 1394 676 divina

337 700 392 731 est
418 693 664 732 rationabilis:
695 704 783 730 cum
811 692 857 729 sit
883 692 992 729 iusta.
1014 694 1116 741 Ergo
1145 691 1280 729 rationi
1307 691 1394 728 sub-

335 745 445 784 ditur.
474 746 552 786 Sed
578 747 637 784 lex
664 752 819 782 aeterna
847 752 902 782 est
930 745 1023 782 ratio
1045 745 1183 782 divina.
1204 745 1306 792 Ergo
1325 755 1395 780 vo-

333 798 457 837 luntas
481 797 555 837 Dei
572 797 746 837 subditur
764 797 836 845 legi
854 805 1042 838 aeternae.
1061 798 1246 835 Voluntas
1266 803 1393 833 autem

333 850 407 889 Dei
435 858 492 890 est
515 850 671 901 aliquod
691 857 900 888 aeternum.
925 851 1027 898 Ergo
1049 850 1163 888 etiam
1186 856 1339 886 aeterna
1358 856 1395 885 et

333 902 546 943 necessaria
573 902 645 950 legi
673 909 850 940 aeternae
878 903 1103 941 subduntur.

387 967 423 993 2.
452 955 686 1002 PRAETEREA,
707 955 892 1004 quidquid
919 956 1113 994 subiicitur
1135 953 1225 1002 regi,
1245 952 1394 990 subiici-

333 1014 393 1048 tur
419 1006 492 1056 legi
518 1007 627 1056 regis.
658 1008 772 1046 Filius
800 1016 946 1055 autem,
975 1016 1017 1046 ut
1044 1007 1179 1046 dicitur
1198 1008 1212 1043 1
1231 1006 1284 1043 ad
1305 1006 1391 1042 Cor.

95 1071 106 1082 ·
120 1070 188 1093 Vm·
201 1076 238 1098 νη
254 1069 291 1093 28-
330 1072 380 1102 xv
401 1059 440 1107 ²¹⁸,
468 1061 650 1099 subiectus
677 1062 750 1098 erit
773 1063 856 1098 Deo
885 1067 920 1099 et
943 1061 1060 1107 Patri,
1088 1072 1175 1098 cum
1202 1058 1397 1096 tradiderit

332 1113 369 1150 ei
394 1124 568 1162 regnum.
597 1115 700 1161 Ergo
730 1114 860 1162 Filius,
890 1114 954 1162 qui
983 1121 1039 1150 est
1066 1120 1252 1159 aeterum,
1281 1111 1393 1148 subii-

329 1165 428 1209 citur
453 1165 526 1214 legi
553 1174 741 1204 aeternae.

387 1219 423 1256 3.
444 1219 677 1268 Famam,
697 1219 756 1256 lex
776 1226 929 1256 aeterna
949 1226 1004 1256 est
1021 1217 1114 1255 ratio
1135 1216 1286 1255 divinae
1305 1229 1393 1266 pro-

331 1268 536 1312 videntiae.
553 1272 631 1310 Sed
646 1273 765 1309 multa
783 1271 996 1309 necessaria
1012 1271 1226 1308 subduntur
1241 1269 1393 1307 divinae

331 1324 611 1374 providentiae:
639 1325 734 1363 sicut
746 1323 1008 1374 permanentia
1028 1322 1320 1361 substantiarum
1340 1322 1395 1359 in-

333 1377 591 1427 corporalium
620 1385 656 1415 et
684 1390 890 1427 corporum
925 1376 1153 1415 caelestium.
1187 1376 1289 1423 Ergo
1321 1375 1393 1423 legi

332 1438 510 1471 aeternae
537 1429 753 1469 subduntur
780 1430 894 1467 etiam
921 1428 1144 1467 necessaria.

387 1483 463 1521 SED
491 1494 648 1530 CONTRA,
670 1495 715 1520 ea
734 1494 833 1530 quae
861 1490 948 1520 sunt
975 1480 1198 1528 necessaria,
1217 1479 1393 1529 impossi-

333 1535 406 1573 bile
435 1543 491 1574 est
523 1535 629 1572 aliter
655 1548 697 1572 se
725 1535 881 1572 habere:
913 1535 1016 1572 unde
1050 1533 1281 1572 cohibitione
1315 1545 1393 1570 non

331 1586 511 1635 indigent.
541 1587 619 1625 Sed
650 1588 859 1636 imponitur
894 1587 1112 1625 hominibus
1137 1587 1198 1624 lex
1225 1593 1268 1622 ut
1291 1586 1394 1623 cohi—

332 1640 495 1678 beantur
513 1653 536 1677 a
554 1640 676 1687 malis,
696 1648 738 1677 ut
758 1653 803 1677 ex
822 1640 1044 1689 supradictis
1058 1639 1079 1662 ²¹²
1095 1645 1208 1688 patet.
1226 1639 1328 1686 Ergo
1350 1651 1394 1675 ea

333 1706 434 1742 quae
462 1701 549 1730 sunt
576 1693 799 1740 necessaria,
830 1693 902 1741 legi
930 1705 1009 1730 non
1036 1692 1259 1730 subduntur.

386 1747 613 1783 RESPONDEO
633 1758 816 1784 DICENDUM
831 1746 947 1794 quod,
969 1745 1064 1782 sicut
1082 1757 1196 1794 supra
1212 1745 1231 1766 *⁸
1250 1743 1393 1781 dictum

333 1806 406 1846 est,
435 1799 494 1835 lex
523 1807 676 1836 aeterna
704 1807 759 1836 est
792 1799 886 1835 ratio
920 1798 1071 1836 divinae
1100 1796 1392 1846 gubernationis.

334 1852 613 1901 Quaecumque
644 1864 732 1899 ergo
762 1851 914 1889 divinae
942 1850 1206 1899 gubernationi
1224 1850 1394 1888 subdun-

333 1912 405 1951 tur,
436 1904 684 1942 subiiciuntur
712 1905 825 1941 etiam
854 1903 927 1951 legi
954 1911 1146 1941 aeternae:
1174 1914 1273 1952 quae
1300 1914 1394 1940 vero

333 1957 598 2005 gubernationi
627 1965 802 1994 aeternae
826 1969 904 1994 non
933 1958 1156 2003 subduntur,
1176 1967 1300 2004 neque
1325 1955 1395 2003 legi

334 2017 509 2047 aeternae
538 2010 762 2047 subduntur.
796 2011 946 2046 Horum
975 2017 1100 2046 autem
1130 2008 1313 2046 distinctio
1343 2016 1396 2045 at-

333 2063 438 2100 tendi
456 2070 582 2112 potest
601 2074 646 2099 ex
665 2062 722 2099 his
743 2075 840 2111 quae
861 2062 960 2099 circa
979 2075 1050 2099 nos
1069 2069 1166 2099 sunt.
1191 2062 1395 2099 Humanae

335 2116 437 2152 enim
467 2116 730 2163 gubernationi
759 2115 973 2152 subduntur
992 2127 1037 2151 ea
1056 2126 1154 2163 quae
1178 2126 1247 2162 per
1272 2114 1395 2151 homi-

334 2181 402 2205 nes
431 2168 514 2206 fieri
533 2176 710 2218 possunt:
731 2181 830 2217 quae
849 2180 943 2205 vero
963 2167 1012 2204 ad
1030 2175 1204 2205 naturam
1227 2167 1396 2204 hominis

334 2221 533 2270 pertinent,
555 2234 633 2258 non
661 2222 875 2258 subduntur
898 2220 1158 2268 gubernationi
1185 2221 1394 2267 humanae,

334 2273 474 2313 scilicet
488 2274 594 2322 quod
609 2275 728 2311 homo
745 2274 883 2311 habeat
898 2273 1078 2320 animam,
1101 2273 1163 2311 vel
1178 2285 1316 2310 manus
1332 2280 1396 2310 aut

93 1647 306 1676 ‘Qu-nuta.

388 2396 415 2429 α)
434 2403 498 2422 esse.
515 2410 535 2415 —
552 2403 580 2421 se
599 2395 695 2420 habere
714 2396 770 2420 PsB
790 2399 815 2420 et
833 2402 858 2425 a,
878 2403 906 2420 se
924 2395 972 2428 pB.

1447 483 1575 530 pedes.
1607 483 1668 520 Sic
1694 483 1804 532 igitur
1831 485 1902 532 legi
1930 492 2104 522 aeternae
2132 485 2347 524 subduntur
2374 485 2504 523 omnia

1447 546 1546 582 quae
1565 543 1652 572 sunt
1669 535 1708 572 in
1727 537 1840 574 rebus
1859 550 1881 574 a
1900 539 1984 574 Deo
2005 538 2149 586 creatis,
2169 538 2249 575 sive
2269 538 2342 576 sint
2358 538 2504 576 contin-

1446 586 1571 633 gentia
1585 587 1665 624 sive
1686 587 1758 625 sint
1775 590 2003 627 necessaria:
2025 603 2071 627 ea
2085 602 2179 628 vero
2199 603 2298 640 quae
2317 590 2505 640 pertinent

1447 638 1498 674 ad
1521 645 1694 676 naturam
1714 641 1776 677 vel
1797 642 1996 679 essentiam
2017 642 2198 691 divinam,
2227 643 2298 691 legi
2326 651 2503 681 aeternae

1448 702 1526 726 non
1546 691 1769 739 subduntur,
1790 693 1857 730 sed
1876 702 1962 731 sunt
1985 695 2132 732 realiter
2151 696 2232 744 ipsa
2259 697 2318 733 lex
2336 704 2501 734 aeterna.

1499 744 1560 779 AD
1587 755 1724 781 PRlMUM
1751 756 1850 782 ERGO
1878 757 2061 784 DICENDUM
2093 748 2198 796 quod
2230 748 2276 786 de
2308 749 2504 787 voluntate

1447 794 1520 831 Dei
1548 794 1744 844 dupliciter
1767 809 1971 845 possumus
1990 799 2105 846 loqui.
2125 800 2212 837 Uno
2232 801 2364 848 modo,
2382 813 2504 850 quan-

1447 854 1529 884 tum
1558 849 1607 885 ad
1633 848 1756 896 ipsam
1778 851 2033 888 voluntatem:
2064 859 2099 888 et
2127 852 2191 899 sic,
2212 865 2301 890 cum
2328 853 2504 891 voluntas

1448 900 1517 936 Dei
1547 900 1594 936 sit
1616 900 1698 949 ipsa
1725 901 1805 938 eius
1826 903 1996 950 essentia,
2017 916 2096 940 non
2123 905 2294 942 subditur
2320 906 2504 953 guberna-

1447 951 1540 988 tioni
1568 953 1718 991 divinae
1746 966 1870 1002 neque
1899 955 1970 1003 legi
1999 963 2191 1003 aeternae,
2224 958 2291 994 sed
2319 965 2375 994 est
2401 958 2504 996 idem

1447 1005 1554 1053 quod
1572 1006 1631 1041 lex
1650 1013 1814 1043 aeterna.
1843 1007 1928 1044 Alio
1957 1007 2076 1044 modo
2104 1020 2309 1057 possumus
2334 1010 2438 1058 loqui
2457 1012 2504 1048 de

1447 1058 1641 1095 voluntate
1662 1059 1790 1096 divina
1809 1067 1994 1108 quantum
2015 1060 2063 1097 ad
2086 1060 2168 1109 ipsa
2187 1073 2285 1109 quae
2305 1063 2410 1098 Deus
2424 1064 2506 1100 vult

1448 1109 1544 1146 circa
1573 1118 1780 1148 creaturas:
1807 1124 1906 1160 quae
1939 1113 2093 1160 quidem
2121 1114 2289 1151 subiecta
2322 1122 2408 1151 sunt
2434 1115 2507 1163 legi

1447 1170 1635 1210 aeternae,
1651 1163 1877 1212 inquantum
1896 1166 2035 1204 horum
2056 1165 2149 1203 ratio
2170 1174 2225 1203 est
2243 1167 2281 1204 in
2302 1167 2430 1204 divina
2448 1180 2506 1205 sa-

1446 1215 1597 1264 pientia.
1614 1217 1663 1253 Et
1683 1217 1826 1254 ratione
1845 1218 1996 1264 horum,
2012 1219 2189 1255 voluntas
2208 1219 2279 1256 Dei
2298 1219 2432 1257 dicitur
2449 1232 2506 1258 ra-

1447 1268 1645 1306 tionabilis.
1666 1269 1858 1319 Alioquin,
1888 1270 2031 1308 ratione
2061 1271 2118 1308 sui
2147 1271 2275 1321 ipsiUS,
2301 1272 2421 1320 magis
2450 1280 2507 1310 est

1449 1321 1609 1359 dicenda
1634 1322 1717 1370 ipsa
1744 1322 1850 1359 ratio.

1499 1376 1559 1411 An
1587 1386 1777 1412 SECUNDUM
1796 1387 1980 1412 DICENDUM
2000 1376 2104 1423 quod
2125 1376 2240 1413 Filius
2259 1377 2332 1414 Dei
2352 1389 2430 1414 non
2450 1385 2506 1416 est

1447 1439 1469 1463 a
1493 1428 1578 1464 Deo
1607 1428 1738 1475 factus,
1759 1427 1827 1464 sed
1855 1428 2071 1465 naturaliter
2099 1429 2146 1464 ab
2166 1429 2249 1478 ipso
2277 1430 2436 1477 genitus,
2457 1431 2506 1468 Et

1446 1479 1534 1516 ideo
1563 1492 1641 1517 non
1671 1480 1842 1517 subditur
1869 1480 2018 1518 divinae
2050 1480 2311 1529 providentiae
2344 1490 2408 1519 aut
2434 1483 2506 1530 legi

1447 1540 1638 1570 aeternae:
1660 1533 1727 1570 sed
1747 1533 1866 1580 magis
1887 1533 1967 1582 ipse
1988 1540 2043 1570 est
2061 1534 2120 1570 lex
2135 1541 2288 1570 aeterna
2306 1547 2375 1583 per
2389 1547 2507 1584 quan-

1448 1585 1536 1622 dam
1565 1586 1926 1634 appropriationem,
1947 1593 1987 1622 ut
2014 1593 2117 1634 patet
2143 1598 2212 1635 per
2238 1588 2504 1636 Augustinum,

1446 1638 1483 1674 in
1503 1638 1598 1674 libro
1618 1639 1663 1675 de
1684 1640 1780 1676 Vera
1795 1639 1919 1688 Relig.
1934 1638 1954 1660 '³‘
1969 1638 2112 1675 Dicitur
2131 1646 2258 1676 autern
2280 1652 2362 1676 esse
2381 1641 2505 1678 subie-

1448 1699 1527 1727 ctus
1556 1691 1655 1727 Patri
1688 1691 1830 1727 ratione
1863 1692 2054 1728 humanae
2087 1698 2258 1738 naturae,
2295 1693 2504 1731 secundum

1447 1756 1564 1792 quam
1594 1744 1706 1780 etiam
1735 1745 1848 1780 Pater
1876 1744 2010 1780 dicitur
2028 1744 2048 1765 ³¹²
2076 1756 2157 1780 esse
2186 1744 2309 1782 maior
2338 1758 2395 1782 eo.

1500 1798 1673 1834 TERTmM
1702 1796 1967 1834 concedimus:
1998 1796 2085 1845 quia
2110 1797 2281 1845 procedit
2308 1799 2355 1835 de
2375 1811 2504 1835 neces-

1447 1850 1551 1886 sariis
1580 1849 1723 1890 creatis.

1499 1905 1558 1939 An
1578 1914 1750 1945 QUARTUM
1764 1901 1784 1923 ’³‘
1798 1913 1982 1938 chaNnuM
2002 1900 2118 1950 quod,
2135 1902 2230 1938 sicut
2249 1902 2504 1952 Philosophus

1448 1955 1546 2002 dicit,
1567 1955 1604 1991 in
1623 1956 1658 1991 V
1682 1955 1898 2003 Metaphys.
1919 1954 1956 2001 *,
1986 1954 2176 2002 quaedam
2200 1956 2411 1992 necessaria
2438 1957 2504 1993 ha·

1448 2009 1538 2045 bent
1567 2020 1722 2044 causam
1750 2019 1841 2044 suae
1870 2007 2115 2044 necessitatis:
2147 2015 2182 2044 et
2210 2008 2262 2044 sic
2287 2009 2361 2045 hoc
2380 2009 2505 2057 ipsum
2547 2021 2591 2042 2¹¹·

1448 2061 1552 2110 quod
1580 2060 1813 2110 impossibile
1843 2067 1898 2096 est
1925 2072 1970 2096 ea
1998 2060 2103 2096 aliter
2132 2073 2213 2097 esse
2242 2066 2270 2108 α,
2291 2062 2432 2098 habent
2457 2063 2504 2098 ab

1449 2114 1531 2151 alio.
1555 2114 1603 2150 Et
1630 2114 1704 2150 hoc
1729 2113 1854 2161 ipsum
1885 2120 1939 2149 est
1959 2112 2136 2150 cohibitio
2165 2114 2355 2162 quaedam
2379 2115 2504 2151 effica-

1450 2167 1614 2203 cissima:
1642 2178 1732 2203 nam
1752 2178 2019 2215 quaecumque
2039 2165 2274 2213 cohibentur,
2291 2166 2475 2203 intantum
2491 2165 2506 2196 β

1451 2219 1618 2256 cohiberi
1648 2219 1832 2265 dicuntur,
1861 2218 2086 2267 inquantum
2115 2231 2193 2256 non
2220 2227 2380 2268 possunt
2402 2220 2507 2256 aliter

1451 2273 1574 2309 facere
1600 2284 1716 2320 quam
1743 2271 1789 2308 de
1810 2271 1863 2308 eis
1893 2271 2126 2320 disponatur.

1503 2393 1690 2454 ss)pinta›1tum.
1707 2407 1726 2412 -—
1745 2394 1770 2418 in
1794 2393 1928 2419 commum·
1948 2389 2198 2426 ACDEFGHILpss,
2218 2394 2244 2418 in
2263 2394 2397 2419 communi
2419 2394 2507 2419 intan-

1449 2433 1506 2454 tum
1545 2436 1570 2454 α.

1119 2591 1436 2634 ARTICULUS
1466 2590 1720 2643 QUINTUS

740 2683 896 2715 UTRUM
918 2683 1171 2715 NATURALIA
1194 2683 1524 2716 CONTINGENTIA
1546 2683 1722 2714 SUBSINT
1745 2683 1844 2715 LEGI
1867 2683 2100 2715 AETERNAE

368 2784 429 2817 χρ
452 2791 461 2806 0
475 2797 523 2819 ,κι
548 2783 571 2807 1>
600 2782 763 2812 QUINTUM
782 2782 834 2807 sm
853 2782 1092 2808 PROCEDITUR.
1112 2770 1271 2810 Videtur
1290 2771 1395 2821 quod

369 2810 453 2871 §4⁷32
467 2805 525 2886 {5}
548 2823 730 2861 naturalia
758 2823 1010 2871 contingentia
1040 2835 1120 2862 non
1147 2824 1292 2862 subsint
1322 2824 1395 2872 legi

354 2882 357 2886 ’
396 2876 429 2885 ’“
490 2876 735 2915 aeternae.
765 2875 1022 2925 promulgatio
1052 2876 1154 2914 enim
1184 2884 1240 2914 est
1268 2877 1316 2915 de
1339 2889 1395 2915 ra-

97 2935 215 2964 ·Qu·xc‚
229 2938 308 2962 ενι-4·
358 2926 369 2933 χ’
392 2922 651 2968 -2'5'1'11Xtione
678 2929 780 2977 legis,
809 2937 851 2967 ut
877 2941 992 2978 supra
1009 2928 1030 2951 '¹‘
1050 2929 1192 2967 dictum
1221 2938 1288 2968 est.
1318 2930 1395 2968 Sed

334 2981 591 3031 promulgatio
620 2994 698 3020 non
725 2989 851 3032 potest
867 2981 951 3020 fieri
969 2981 1040 3020 nisi
1059 2982 1108 3020 ad
1129 2991 1318 3034 creaturas
1338 2996 1395 3020 ra-

335 3035 511 3082 tionales,
541 3034 679 3084 quibus
711 3042 838 3087 potest
870 3034 1009 3084 aliquid
1038 3034 1258 3073 denuntiari.
1292 3037 1394 3084 Ergo

336 3088 440 3126 solae
469 3095 661 3127 creaturae
689 3087 890 3127 rationales
917 3087 1079 3126 subsunt
1105 3087 1179 3137 legi
1206 3095 1394 3127 aeternae.

335 3142 428 3179 Non
457 3153 545 3190 ergo
575 3140 758 3181 naturalia
785 3140 1049 3188 contingentia.

133 3236 135 3238 ,
391 3206 426 3231 2.
454 3194 692 3240 Pmmnaa,
720 3205 766 3233 aa
794 3205 890 3243 quae
913 3193 1089 3230 obediunt
1113 3193 1262 3239 rationi,
1276 3194 1396 3243 parti-

97 3250 308 3303 Iffffl'ffizg:
336 3247 463 3296 cipant
488 3246 700 3299 aliqualiter
727 3245 886 3292 ratione,
915 3253 955 3282 ut
984 3244 1118 3284 dicitur
1144 3245 1183 3282 in
1203 3246 1217 3282 I
1236 3246 1355 3284 Ethic.
1375 3246 1396 3268 ’¹‘

96 3311 128 3328 ¹¹
335 3300 416 3341 Lex
445 3307 574 3340 autem
603 3307 755 3340 aeterna
782 3306 839 3338 est
864 3298 958 3336 ratio
987 3310 1151 3344 summa,
1179 3305 1221 3336 ut
1244 3311 1358 3348 supra
1376 3298 1396 3320 ’¹‘

120 3332 172 3355 An.
186 3337 201 3355 ι
335 3353 479 3390 dictum
509 3359 576 3389 est.
598 3352 697 3389 Cum
716 3351 825 3400 igitur
844 3350 1026 3389 naturalia
1047 3350 1298 3398 contingentia
1317 3363 1396 3388 non

388 3467 416 3500 α)
432 3467 556 3500 ponebat.
574 3481 594 3486 -
612 3466 694 3491 dabat
712 3465 956 3492 ABCDEFGHILa.

1448 2771 1667 2820 participent
1701 2770 1911 2819 aliqualiter
1945 2771 2110 2818 ratione,
2149 2769 2216 2807 sed
2251 2769 2399 2818 penitus
2431 2770 2505 2808 sint

1449 2823 1727 2872 irrationabilia,
1755 2823 1905 2861 videtur
1933 2824 2037 2873 quod
2065 2835 2143 2860 non
2171 2822 2316 2859 subsint
2343 2822 2415 2870 legi
2443 2835 2505 2860 ae-

1448 2884 1566 2914 terna.

1450 2931 1484 2967 3.
1515 2931 1747 2976 PRAETEREA,
1776 2929 1836 2965 lex
1864 2936 2017 2965 aeterna
2045 2935 2100 2963 est
2128 2926 2398 2964 efficacissima.
2426 2928 2504 2966 Sed

1448 2983 1487 3020 in
1505 2982 1738 3019 naturalibus
1753 2981 2053 3029 contingentibus
2069 2980 2202 3017 accidit
2217 2979 2396 3016 defectus.
2412 2981 2504 3017 Non

1450 3048 1539 3083 ergo
1568 3035 1729 3072 subsunt
1754 3033 1826 3081 legi
1854 3041 2040 3071 aeternae.

1503 3089 1577 3125 SED
1598 3099 1743 3125 CONTRA
1761 3098 1827 3123 EST
1846 3086 1949 3134 quod
1966 3085 2098 3122 dicitur
2111 3085 2223 3121 Prov.
2238 3084 2352 3122 V111*:
2377 3085 2503 3127 Quan-

1449 3141 1496 3178 do
1524 3140 1782 3177 circumdabat
1811 3139 1913 3176 mari
1938 3138 2136 3175 terminum
2163 3149 2292 3184 suum,
2321 3143 2357 3174 et
2381 3138 2503 3188 legem

1442 3194 1609 3241 ponebat
1627 3198 1643 3213 ‘²
1671 3191 1778 3239 aquis
1806 3203 1852 3227 ne
1879 3191 2079 3227 transirent
2098 3191 2196 3238 fines
2222 3202 2321 3227 suos.

1502 3247 1726 3282 RESPONDEO
1755 3255 1938 3281 DlCENDUM
1966 3243 2071 3292 quod
2098 3242 2203 3279 aliter
2221 3242 2426 3280 dicendum
2451 3250 2507 3280 est

1450 3298 1498 3335 de
1526 3298 1606 3346 lege
1633 3296 1811 3343 hominis,
1841 3303 1878 3332 et
1905 3295 2010 3332 aliter
2036 3295 2084 3333 de
2112 3296 2194 3343 lege
2222 3302 2386 3344 aeterna,
2407 3308 2505 3344 quae

1450 3358 1505 3387 est
1532 3350 1590 3386 lex
1619 3348 1702 3386 Dei.
1733 3349 1813 3385 Lex
1842 3348 1943 3385 enim
1971 3348 2136 3385 hominis
2161 3359 2244 3396 'non
2272 3360 2312 3385 se
2341 3348 2506 3386 extendit

2532 1649 2542 1659 ⁶
2556 1647 2613 1676 Cap.
2627 1654 2691 1670 xxxi.

2531 1749 2541 1759 ·
2554 1748 2619 1769 loan.
2630 1754 2680 1776 cap.
2694 1754 2742 1776 xiv,

2530 1780 2590 1796 vers.
2605 1774 2641 1796 28.

2532 1911 2541 1920 “
2555 1910 2612 1937 Arg.
2626 1910 2675 1932 Sed
2688 1915 2742 1931 con-

2532 1964 2541 1974 ·
2549 1952 2677 1984 s.²rh.1eet.
2687 1968 2719 1984 vx.
2730 1974 2742 1978 -

2530 1989 2584 2036 Pid.
2602 1989 2643 2037 lib.
2659 1988 2704 2016 IV,
2720 1994 2741 2010 c.

2531 3095 2541 3105 ·
2556 3093 2623 3116 Vers.
2636 3100 2673 3122 29.
