2840 4010
109 792 119 802 “
135 791 170 813 cf.
186 798 248 813 num.
263 798 285 813 11.

107 1274 116 1281 ’“
132 1271 202 1293 Num.
218 1277 292 1299 praec.

108 1320 116 1328 ·
134 1319 170 1341 cf.
186 1325 248 1341 num.
264 1325 294 1340 m.

106 1537 114 1545 '¹
129 1535 199 1557 Num,
215 1542 236 1557 v.

104 1717 113 1726 ‘
130 1716 188 1738 Ibid.

358 140 427 174 186

351 223 397 247 est
419 217 596 248 reducibilis
620 218 659 248 ad
683 224 803 254 actum,
828 217 900 247 ideo
923 217 969 246 vis
993 216 1131 246 coactiva
1155 216 1231 256 legis
1255 216 1412 247 humanae

350 261 576 292 non'extendit
599 271 631 292 se
655 262 693 291 ad
717 271 791 291 eum
820 267 961 300 respectu
987 259 1076 290 cuius
1100 269 1166 289 non
1190 266 1236 290 est
1258 259 1410 290 reducibi-

350 305 387 335 lis
412 305 451 335 ad
475 311 595 341 actum;
621 315 655 335 ac
679 315 735 344 per
757 305 831 340 hoc,
856 314 922 333 non
947 303 1083 333 extendit
1107 313 1139 333 se
1163 303 1203 332 ad
1223 303 1409 344 principem,

350 349 406 389 qui
429 359 495 379 non
519 355 623 389 potest
646 359 663 378 a
687 358 743 378 sua
766 354 920 386 potestate
944 347 1023 386 cogi,
1042 353 1077 377 ut
1099 347 1132 376 in
1156 347 1257 377 littera
1281 347 1409 384 dicitur:

350 393 404 422 sed
419 393 458 422 ad
480 393 568 428 alios,
586 392 650 432 qui,
669 391 725 421 etsi
748 400 813 420 non
829 391 1011 430 puniantur,
1027 390 1133 430 puniri
1154 397 1260 421 tamen
1275 398 1412 431 possunt

350 447 368 466 a
395 436 544 476 principis
571 442 724 475 potestate
753 434 851 464 inviti.
877 435 933 464 Vis
957 440 1063 464 autem
1091 434 1239 465 directiva
1269 435 1411 466 eiusdem

350 480 487 510 extendit
509 489 542 509 se
565 479 604 508 ad
628 488 754 513 omnes,
775 477 930 518 principes
955 478 1072 509 scilicet
1095 485 1125 509 et
1148 478 1310 510 subditos:
1335 479 1410 520 quia

349 531 436 554 actus
460 523 526 553 eius
549 529 691 562 respectu
717 521 864 552 omnium
883 529 1054 559 exercetur;
1081 522 1223 563 dirigitur
1238 523 1323 553 enim
1339 523 1410 564 quis

349 577 366 597 a
390 567 492 606 seipso
517 573 547 596 et
570 567 607 595 ab
631 566 705 596 alio.
729 565 770 596 Et
791 575 899 595 rursus
927 576 993 596 non
1017 572 1063 597 est
1091 566 1228 607 amplius
1255 574 1410 607 potestate

348 610 496 651 principis
525 619 607 650 opus
638 610 677 639 ad
706 616 812 639 actum
841 609 1039 646 directionis,
1065 620 1101 640 ex
1124 620 1190 651 quo
1215 611 1342 642 condita
1365 618 1411 642 est

347 655 408 690 1ex;
433 654 487 683 sed
510 653 694 684 auctoritate
713 659 855 683 aeternae
878 653 964 693 legis,
982 654 1122 685 humana
1144 654 1193 684 lex
1208 661 1315 685 actum
1330 655 1410 685 dire-

347 705 460 728 ctioms
484 704 612 728 exercet.

402 742 454 772 VI.
475 742 522 771 Ex
535 741 583 771 his
600 747 707 771 autem
723 740 812 772 facile
827 747 913 781 patet
927 741 1045 772 solutio
1063 742 1271 773 obiectorum.
1288 743 1339 772 Ad
1350 742 1411 782 pri-

346 796 438 816 mum
453 784 471 803 ⁴*
490 785 648 826 siquidem
666 785 780 816 dicitur
798 786 887 826 quod
911 785 998 816 nulla
1017 786 1223 826 repugnantia
1246 792 1292 816 est
1311 785 1408 816 dicto-

346 839 435 860 rum:
461 830 535 870 quia
558 830 654 860 altera
677 836 723 859 est
741 829 789 859 vis
813 829 981 870 obligativa
1004 830 1080 871 legis
1100 830 1258 860 humanae
1281 829 1313 859 in
1338 829 1409 859 foro

347 874 564 909 conscientiae,
583 883 637 904 seu
655 874 763 913 quoad
787 873 908 910 Deum;
934 881 964 904 et
987 874 1081 904 altera
1095 873 1141 903 vis
1166 873 1306 904 coactiva
1325 873 1407 904 eius-

347 919 429 954 dem,
443 928 507 959 qua
522 918 622 948 homo
638 917 804 948 hominem
823 918 987 957 puniendo
1002 917 1128 948 iudicat.
1146 917 1187 948 Et
1202 918 1291 958 quod
1306 917 1408 957 prima

346 963 439 993 habet
455 963 564 993 locum
586 962 619 992 in
635 961 786 1002 principe,
805 971 870 992 non
886 962 1038 992 secunda:
1064 961 1139 1002 quia
1154 961 1319 992 hominem
1342 971 1408 992 non

345 1007 440 1040 habet
469 1016 564 1047 supra
588 1016 634 1042 se,
660 1012 695 1036 ut
718 1006 750 1036 in
774 1006 874 1036 littera
902 1005 1024 1036 dicitur.
1052 1006 1093 1035 Et
1115 1015 1152 1035 ex
1174 1005 1236 1036 hoc
1264 1006 1409 1046 provenit

346 1051 435 1091 quod
450 1051 535 1091 Papa
558 1050 646 1080 nulla
661 1049 736 1080 iuris
753 1050 884 1080 humani
901 1059 1004 1089 poena
1019 1049 1143 1089 ligatur,
1161 1056 1407 1089 quantumcum-

349 1105 412 1135 que
437 1102 546 1125 contra
568 1094 651 1134 leges
676 1094 776 1124 faciat.

400 1139 451 1169 Ad
468 1137 750 1173 confirmationem,
769 1147 823 1167 seu
845 1137 1098 1172 declarationem,
1124 1136 1236 1166 dicitur
1254 1138 1343 1178 quod
1363 1137 1407 1167 le-

345 1193 398 1223 ges
423 1183 553 1222 scriptae
578 1192 595 1211 a
619 1181 811 1221 sapientibus
835 1191 901 1211 non
925 1180 1112 1211 habentibus
1129 1190 1237 1211 curam
1261 1191 1407 1212 commu-

346 1227 458 1263 nitatis,
483 1236 549 1256 non
572 1226 678 1255 solum
702 1232 806 1255 carent
828 1225 859 1255 vi
883 1225 1031 1261 coactiva,
1053 1225 1107 1254 sed
1131 1224 1226 1255 etiam
1250 1225 1406 1256 directiva.

345 1272 471 1301 Habent
494 1270 580 1300 enim
603 1270 709 1300 solum
731 1269 797 1299 vim
807 1269 1022 1305 ‹ostensivam‚
1043 1276 1078 1300 ut
1101 1278 1138 1298 ex
1161 1269 1250 1299 dictis
1272 1269 1289 1288 *
1312 1276 1406 1309 patet.

400 1315 467 1346 VII.
487 1315 538 1345 Ad
562 1321 770 1354 augmentum
792 1313 880 1344 dubii
896 1313 914 1330 '¹‘
937 1313 1050 1344 dicitur
1078 1313 1168 1353 quod
1190 1313 1237 1343 vis
1261 1313 1408 1344 directiva

344 1359 420 1399 legis
433 1359 590 1389 humanae
606 1364 711 1398 potest
726 1357 810 1388 sumi
821 1358 871 1387 vel
888 1358 996 1398 quoad
1008 1357 1225 1393 substantiam,
1238 1358 1288 1387 vel
1300 1358 1407 1398 quoad

345 1403 572 1444 operationem.
593 1403 633 1433 Et
649 1402 825 1432 secundum
842 1401 1059 1437 substantiam,
1075 1410 1141 1431 non
1165 1408 1211 1431 est
1231 1401 1291 1431 nisi
1314 1411 1332 1431 a
1348 1412 1406 1442 po-

343 1454 452 1479 testate
476 1447 635 1487 principis,
653 1447 733 1477 sicut
755 1446 802 1476 vis
826 1446 975 1476 coactiva.
996 1446 1178 1476 Secundum
1199 1455 1274 1476 vero
1298 1451 1409 1486 opera*

344 1493 475 1527 tionem,
496 1491 613 1521 falsum
629 1498 675 1521 est
694 1491 782 1531 quod
802 1500 867 1520 non
889 1497 935 1521 est
958 1490 1017 1520 nisi
1034 1500 1050 1519 a
1070 1496 1224 1529 potestate
1242 1490 1406 1530 principis:

345 1537 514 1578 quoniam,
539 1542 574 1566 ut
597 1541 760 1565 ostensum
785 1534 844 1565 fuit
865 1534 901 1570 *,
926 1544 962 1564 ex
994 1544 1060 1574 quo
1084 1534 1133 1564 lex
1164 1534 1291 1564 condita
1321 1541 1367 1565 est
1389 1544 1407 1564 5

344 1587 499 1631 potestate
522 1579 685 1620 principis,
711 1579 758 1609 vis
782 1579 929 1609 directiva
953 1578 1056 1617 dirigit
1079 1577 1250 1618 obligando
1273 1578 1306 1608 in
1329 1587 1406 1609 con-

345 1625 492 1656 scientiae
507 1624 577 1654 foro
597 1623 782 1654 auctoritate
798 1623 874 1673 legis
891 1629 1043 1658 aeternae,
1062 1623 1181 1663 absque
1200 1632 1404 1663 quacumque

345 1669 527 1719 operatione
544 1667 706 1718 potestatis
722 1667 882 1707 principis.
900 1667 997 1704 Quod
1021 1676 1087 1696 non
1107 1666 1244 1697 accidit·
1237 1676 1270 1696 111
1288 1666 1319 1696 vi
1335 1676 1406 1697 coa-

344 1714 423 1744 ctiva
440 1713 547 1754 quoad
564 1712 630 1742 eius
647 1711 874 1752 operationem,
892 1718 928 1741 ut
944 1721 980 1741 ex
1005 1709 1127 1741 dictis*
1143 1717 1237 1750 patet.
1251 1728 1269 1733 -
1284 1711 1407 1742 Dicitur

343 1758 494 1793 secundo,
511 1757 599 1797 quod
615 1766 682 1786 esse
705 1766 723 1786 a
740 1755 807 1786 sola
831 1762 985 1796 potestate
1001 1754 1160 1794 principis,
1176 1755 1249 1785 licet
1268 1755 1307 1785 sit
1325 1755 1404 1786 ratio

344 1802 432 1843 quod
455 1801 502 1831 vis
526 1800 665 1831 coactiva
688 1810 754 1830 non
778 1809 810 1830 se
834 1799 972 1830 extendit
993 1799 1034 1829 ad
1058 1799 1247 1839 principem,
1267 1809 1334 1829 non
1357 1806 1404 1830 ta-

344 1856 418 1876 men
442 1853 488 1876 est
511 1845 590 1875 ratio
613 1845 701 1885 quod
721 1844 768 1874 vis
793 1843 940 1874 directiva
963 1853 1029 1873 non
1045 1853 1078 1873 se
1102 1843 1247 1874 extendat
1270 1843 1310 1873 ad
1329 1852 1405 1874 eun-

344 1891 430 1921 dem:
455 1889 531 1931 quia
550 1899 645 1919 nemo
663 1888 785 1928 cogitur
801 1899 819 1918 a
835 1887 950 1928 seipso,
967 1888 1021 1918 sed
1037 1887 1181 1927 dirigitur
1204 1894 1235 1918 et
1249 1887 1406 1927 obligatur

344 1945 362 1965 a
378 1934 492 1974 seipse.
505 1952 524 1956 -
534 1933 639 1964 Prima
653 1932 817 1972 responsio
833 1939 926 1972 negat
942 1938 1145 1972 assumptum
1159 1931 1267 1972 quoad
1283 1938 1403 1962 actum:

344 1979 498 2014 secunda,
523 1977 694 2018 sequelam.

398 2025 449 2054 Ad
466 2021 740 2053 confirmationem
752 2027 911 2061 petentem
927 2030 1054 2051 causam
1070 2019 1276 2059 obligativam
1291 2019 1406 2059 princi-

344 2068 393 2108 pis
406 2069 444 2098 ad
458 2066 690 2098 observantiam
701 2065 847 2107 propriae
858 2065 945 2104 legis,
959 2065 1071 2095 dicitur
1082 2064 1171 2105 quod
1183 2071 1229 2095 est
1245 2073 1338 2094 causa
1349 2064 1406 2094 du-

344 2112 428 2152 plex:
451 2111 568 2142 scilicet
582 2110 709 2151 propria
722 2110 879 2145 voluntas,
890 2116 921 2140 et
934 2109 984 2139 lex
1002 2116 1136 2140 aeterna.
1150 2108 1282 2148 Propria
1297 2115 1404 2138 autem

343 2157 490 2187 voluntas
514 2164 580 2185 non
604 2163 685 2195 quae
701 2154 788 2194 eligit
810 2153 1038 2193 obligationem
1053 2153 1159 2188 libere,
1175 2152 1225 2182 vel
1242 2159 1404 2183 contractu

344 2201 468 2241 aliquo;
489 2200 543 2229 sed
566 2208 648 2239 quae
664 2198 750 2238 eligit
772 2198 875 2237 legem
891 2197 1103 2238 promulgare.
1120 2197 1166 2226 Ex
1180 2197 1243 2227 hoc
1266 2205 1405 2237 namque

344 2245 415 2284 ipso
432 2243 521 2285 quod
542 2243 720 2273 voluntarie
739 2243 843 2282 legem
865 2242 1057 2282 promulgat,
1079 2241 1148 2272 vult
1171 2240 1404 2271 ordinationem

344 2288 432 2319 illam
456 2288 569 2318 habere
591 2287 657 2317 vim
673 2287 759 2327 legis.
777 2287 818 2317 Et
841 2286 915 2326 quia
935 2285 1169 2316 ordinationem
1184 2285 1326 2326 aliquam
1346 2285 1404 2315 ob-

344 2333 443 2364 tinere
465 2332 531 2362 vim
552 2331 639 2381 15315,
656 2338 702 2362 est
717 2331 821 2362 sortiri
845 2331 883 2360 ab
907 2337 1031 2361 aeterna
1046 2330 1114 2370 lege
1133 2329 1200 2359 vim
1222 2329 1404 2360 directivam

343 2377 376 2408 in
400 2377 471 2407 foro
488 2375 706 2412 conscientiae,
724 2375 774 2406 cui
797 2374 892 2405 etiam
908 2374 1054 2415 princeps
1077 2373 1256 2410 subiicitur;
1279 2373 1354 2404 ideo
1368 2382 1405 2404 ex

343 2421 471 2462 propria
493 2419 656 2450 voluntate
672 2419 832 2460 principis,
848 2425 878 2449 et
901 2429 938 2449 ex
957 2425 1081 2449 aeterna
1101 2419 1179 2458 lege,
1195 2417 1262 2447 vim
1283 2417 1404 2457 obliga-

343 2466 440 2496 tivarn
469 2464 618 2504 9111151915
648 2464 681 2494 111
710 2463 780 2494 foro
809 2463 1018 2494 conscientiae
1045 2463 1097 2493 lex
1126 2463 1268 2492 humana
1294 2460 1402 2492 habet:

343 2509 490 2551 quamvis
518 2508 741 2544 diversimode,
761 2507 836 2547 quia
858 2508 898 2537 ab
927 2514 1051 2537 aeterna
1066 2507 1134 2546 lege
1148 2506 1230 2536 sicut
1245 2515 1263 2535 a
1279 2514 1372 2536 causa
1387 2515 1405 2536 a

344 2564 408 2595 qua
424 2560 470 2584 est
485 2553 531 2583 vis
546 2552 715 2592 obligativa
731 2551 932 2587 huiusmodi;
953 2561 971 2581 a
985 2551 1148 2581 voluntate
1163 2559 1238 2580 vero
1254 2548 1404 2600 principis

343 2599 424 2629 sicut
435 2607 453 2628 a
468 2597 695 2627 determinante
707 2605 835 2626 causam
849 2595 1059 2626 universalem
1073 2595 1115 2625 ad
1126 2594 1272 2625 effectum
1287 2593 1404 2634 specia-

343 2643 418 2673 lem.
435 2641 522 2672 Sicut
542 2640 576 2670 in
599 2640 793 2671 naturalibus
817 2649 911 2670 causa
933 2639 1130 2675 universalis,
1151 2645 1228 2679 puta
1248 2638 1404 2669 Saturnus

344 2692 487 2727 respectu
502 2695 608 2715 rerum
620 2684 763 2720 fixarum,
775 2683 1000 2714 determinatur
1009 2684 1048 2714 ad
1066 2683 1235 2723 specialem
1246 2680 1403 2718 effectum,

345 2738 422 2771 puta
441 2739 522 2766 ossa,
548 2739 566 2759 a
589 2729 708 2759 semine
731 2728 802 2759 talis
819 2728 964 2758 animalis
989 2727 1193 2768 producentis
1215 2726 1332 2757 animal
1351 2726 1404 2756 hu-

344 2777 422 2806 bens
445 2783 526 2804 ossa.
543 2773 631 2804 Sicut
648 2773 735 2803 enim
757 2772 932 2812 producere
955 2772 1016 2802 tale
1039 2771 1156 2802 animal
1174 2771 1243 2802 sub
1257 2771 1404 2806 Sammo,

345 2826 392 2849 est
406 2817 634 2849 determinare
626 2827 735 2857 19511111
748 2817 791 2847 ad
812 2826 883 2849 ossa
900 2816 1104 2856 producenda
1125 2815 1158 2845 in
1172 2815 1229 2846 illo
1239 2823 1252 2851 ς·
1271 2813 1315 2845 ita
1330 2814 1406 2845 con·

345 2863 472 2894 stituere
490 2862 593 2901 legem
611 2861 774 2896 sub⁴Deo,
792 2866 838 2891 est
853 2860 1060 2891 determinare
1083 2861 1190 2890 Deum
1205 2859 1245 2889 ad
1261 2857 1405 2889 commu·

346 2907 513 2938 nicandam
545 2906 610 2936 vim
640 2904 850 2945 obligativam-
872 2904 905 2934 in
935 2903 1006 2934 foro
1035 2903 1244 2934 conscientiae
1270 2902 1341 2942 legi.
1366 2903 1406 2933 Et

347 2951 426 2981 sicut
450 2960 521 2980 ossa
543 2950 737 2980 reducuntur
759 2948 792 2978 in
816 2948 988 2979 Saturnum
1010 2954 1045 2978 ut
1069 2957 1204 2983 causam,
1221 2947 1264 2978 ita
1281 2946 1328 2977 vis
1347 2946 1406 2977 ista

346 2994 541 3035 obligativa'
533 3004 565 3024 in
582 2994 683 3033 legem
707 3000 876 3024 aeternam.
892 2992 968 3022 -Et
991 3002 1047 3032 per
1062 2993 1123 3022 hoc
1140 2998 1225 3032 patet
1239 2991 1405 3041 responsio

346 3047 411 3070 tam
433 3039 474 3069 ad
495 3039 528 3068 id
551 3038 640 3079 quod
663 3037 786 3073 dicitur,
809 3037 898 3078 quod
921 3036 1008 3067 Deus
1031 3036 1111 3068 nihil
1134 3036 1185 3066 hic
1207 3035 1272 3075 agit
1292 3033 1406 3065 imme-

347 3084 441 3119 diate;
460 3093 525 3113 non
550 3082 635 3113 enim
659 3088 786 3122 oportet
807 3081 870 3111 hoc
893 3081 1010 3117 dicere,
1033 3081 1089 3111 sed
1111 3079 1227 3111 sufficit
1249 3079 1338 3120 quod
1362 3079 1406 3108 di-

348 3134 435 3157 ctum
459 3134 520 3157 est:
546 3136 644 3168 quam
667 3126 711 3156 ad
722 3125 755 3156 id
771 3125 860 3166 quod
884 3125 997 3156 dicitur
1011 3125 1050 3155 de
1065 3124 1230 3155 voluntate
1246 3122 1406 3168 principis.

346 3171 434 3202 Patet
457 3171 542 3201 enim
567 3171 674 3211 quod,
699 3179 735 3200 ex
765 3169 987 3220 suppositione
1009 3169 1099 3214 quod
1121 3168 1225 3208 legem
1247 3166 1405 3203 voluerit,

348 3215 504 3254 obligatus
520 3221 675 3250 remanet;
693 3221 724 3244 et
742 3223 808 3244 non
825 3213 931 3244 minus
947 3213 1026 3243 liber
1036 3212 1148 3254 quoad
1162 3212 1243 3243 velle
1259 3218 1291 3242 et
1302 3210 1406 3247 nolle,

348 3259 401 3288 sed
425 3259 531 3298 quoad
554 3259 634 3288 bene
656 3259 706 3288 vel
730 3258 812 3288 male
833 3258 913 3288 velle
936 3257 968 3287 id
987 3258 1079 3298 quod
1100 3257 1171 3297 lege
1187 3256 1336 3297 positum
1350 3262 1406 3286 est.

400 3303 638 3332 Advertendum
663 3309 769 3332 tamen
793 3309 838 3332 est
861 3301 912 3332 hic
933 3302 1022 3342 quod
1041 3302 1126 3341 leges
1146 3308 1225 3332 >sunt
1244 3300 1406 3341 duplices.

347 3347 503 3387 quaedam
519 3347 558 3375 de
573 3346 797 3376 communibus
807 3345 865 3376 toti
883 3345 1095 3382 multitudini;
1112 3346 1270 3386 quaedam
1280 3343 1321 3375 de
1335 3353 1407 3384 pro-

346 3389 422 3431 priis
449 3390 631 3430 aliquorum
661 3390 799 3425 actibus,
823 3397 900 3429 puta
923 3390 962 3419 de
992 3389 1154 3420 militibus.
1180 3389 1266 3420 Cum
1297 3388 1409 3419 dicitur

346 3434 435 3475 quod
454 3433 598 3474 princeps
622 3433 784 3463 subiicitur
803 3433 874 3472 legi,
893 3441 958 3463 non
982 3433 1164 3473 intelligitur
1186 3433 1229 3464 de·
1249 3433 1317 3472 1535
1336 3441 1408 3474 595-

348 3478 426 3514 51511,
447 3483 525 3518 puta
547 3477 696 3512 militum,
718 3477 778 3507 nisi
802 3477 868 3516 ipse
891 3477 931 3507 sit
954 3477 1061 3508 miles:
1085 3478 1140 3508 sed
1162 3477 1347 3517 intelligitur
1369 3477 1408 3507 de

1029 139 1295 185 QUAESTIO
1325 139 1463 187 xcvi,
1491 140 1788 177 ARTICULUS
1815 142 1851 179 v

1465 217 1534 256 lege
1558 218 1734 248 communi.
1747 219 1920 256 ·—,Rursus
1938 230 2012 252 cum
2035 223 2181 263 princeps
2204 225 2367 256 subiicitur
2388 225 2460 265 legi,
2477 226 2524 256 in·

1465 260 1614 310 telligitur
1631 261 1741 292 subiici
1754 263 2042 302 proportionaliter,
2054 272 2089 296 ut
2105 266 2193 298 decet
2209 268 2394 310 principem,
2410 276 2441 300 et
2457 279 2523 300 non

1465 304 1546 335 sicut
1568 305 1646 335 alios
1671 306 1830 343 5111)(11105;
1857 313 1892 337 ut
1915 317 1951 337 ex
1975 307 2152 338 dicendis*
2174 310 2378 343 manifestum
2401 319 2457 344 est.

1519 349 1601 380 VIII.
1620 349 1655 379 In
1679 349 1761 380 calce
1785 349 1926 381 eiusdem
1942 351 2157 391 responsionis
2176 354 2216 383 ad
2235 355 2372 393 tertium,
2389 357 2523 388 dubium

1464 392 1560 423 etiam
1582 393 1708 424 difficile
1736 393 1871 425 occurrit
1903 395 2071 435 quomodo
2102 402 2184 427 stant
2206 396 2264 428 ista
2294 397 2406 430 simul.
2434 401 2523 441 quod

1463 437 1609 478 princeps
1630 444 1738 487 potest
1759 437 1863 477 legem
1886 438 2006 474 tollere,
2022 445 2153 476 mutare,
2169 447 2200 470 et
2217 440 2251 471 in
2273 452 2311 472 ea
2324 443 2521 483 dispensare3

1464 487 1494 511 et
1518 481 1606 521 quod
1629 481 1696 521 ipse
1719 481 1751 511 in
1775 481 1847 512 foro
1872 483 2080 513 conscientiae
2104 484 2256 514 subdatur
2273 485 2345 525 legi,
2366 494 2402 518 ut
2424 488 2522 522 deter-

1464 524 1622 556 minatum
1645 525 1732 556 est*.
1750 525 1782 556 Si
1806 526 1891 556 enim
1914 533 2019 567 potest
2038 527 2141 577 legem
2164 528 2284 564 tollere,
2300 529 2390 560 tollet
2411 540 2482 562 eam
2505 543 2523 563 a

1463 578 1506 604 se,
1527 575 1558 599 et
1580 568 1623 599 515
1646 569 1738 600 faciet
1761 570 1848 610 quod
1871 580 1938 600 non
1961 570 2074 603 habeat
2096 571 2162 601 vim
2185 571 2262 612 legis
2289 579 2432 613 respectu
2456 569 2521 617 sui:

1463 621 1498 642 ac
1515 622 1570 651 per
1585 613 1656 649 hoc,
1673 613 1790 654 absque
1812 614 1962 654 scrupulo
1979 614 2196 652 conscientiae,
2213 625 2278 646 non
2293 617 2428 649 servabit
2441 626 2520 655 eam,

1464 662 1574 695 utpote
1598 665 1662 686 non
1686 656 1853 697 obligatus.
2506 677 2510 682 ·

1518 699 1559 729 Et
1575 698 1780 731 confirmatur
1802 700 1875 732 hoc.
1893 701 1976 740 Quia
1992 711 2058 732 non
2075 703 2236 734 deterioris
2262 704 2454 736 conditionis
2476 710 2523 737 551

1463 742 1530 782 1955
1556 753 1653 783 quam
1677 743 1791 784 aliquis
1814 745 1969 777 subditus.
1992 746 2054 777 Sed
2083 746 2229 787 princeps
2252 754 2358 788 potest
2387 749 2522 784 eximere

1464 796 1567 816 unum
1589 787 1753 818 subditum
1767 798 1785 818 a
1807 788 1875 828 lege
1892 790 2067 827 communi,
2084 791 2140 832 qui
2156 791 2240 832 apud
2257 792 2363 822 Deum
2382 803 2449 825 non
2465 794 2522 825 erit

1463 840 1534 861 reus
1552 831 1686 861 violatae
1706 831 1782 872 legis
1806 832 1845 862 de
1868 839 1970 863 cetero
1987 843 2052 864 non
2076 844 2201 865 servans
2222 845 2302 867 earn.
2319 836 2404 876 Ergo
2417 844 2522 883 potest

1463 874 1597 905 eximere
1616 875 1766 915 seipsum.
1783 875 1824 906 Et
1846 876 1871 906 si
1887 876 1949 907 hoc
1970 884 2085 917 potest,
2102 888 2159 909 sua
2182 878 2333 919 obligatio
2356 881 2396 910 ad
2418 879 2521 922 1535111

1462 925 1523 949 stat
1545 918 1578 948 in
1601 919 1763 950 voluntate
1787 929 1844 950 sua
1867 920 1948 957 sola3
1969 927 2000 951 et
2022 930 2088 951 non
2110 929 2158 953 est
2181 932 2217 953 ex
2246 923 2315 964 lege
2342 931 2466 955 aeterna
2486 932 2522 956 ut

1462 972 1499 992 ex
1525 972 1598 993 vera
1622 973 1724 994 causa.
1753 962 1855 994 Cuius
1885 964 2072 1004 oppositum
2095 967 2283 998 conclusum
2306 975 2360 999 est.

1517 1007 1568 1038 IX.
1585 1007 1637 1037 Ad
1660 1007 1722 1037 hoc
1745 1007 1879 1038 dubium
1902 1008 2130 1048 praemittenda
2147 1017 2223 1041 sunt
2244 1011 2350 1052 aliqua
2373 1019 2456 1043 certa
2471 1023 2520 1044 ac-

1462 1057 1583 1091 ceptata
1598 1052 1636 1082 ab
1653 1051 1818 1082 omnibus:
1837 1051 1949 1082 deinde
1966 1051 2080 1092 singuli
2095 1054 2184 1084 modi
2207 1054 2370 1101 dicendi*.
2388 1056 2556 1088 Certum·

1462 1101 1492 1125 et
1515 1094 1696 1126 confessum
1714 1095 1751 1125 ab
1776 1095 1925 1126 omnibus
1947 1103 1992 1127 est
2012 1094 2101 1137 quod
2115 1097 2260 1142 princeps
2282 1095 2388 1142 potest
2411 1110 2520 1135 secum

1461 1138 1641 1188 dispensare
1664 1139 1744 1170 sicut
1767 1149 1842 1170 cum
1865 1139 1942 1176 aliis,
1961 1140 2089 1180 proprie
2111 1141 2275 1182 loquendo
2290 1136 2337 1174 de
2361 1143 2519 1184 dispensa-

1460 1182 1557 1213 tione.
1573 1184 1614 1214 Et
1629 1184 1717 1224 quod
1734 1190 1847 1224 potest,
1864 1184 1993 1224 quando
2009 1191 2040 1214 et
2054 1191 2211 1224 quantum
2230 1186 2396 1226 expediens
2416 1187 2518 1225 fuerit,

1461 1227 1594 1257 eximere
1614 1227 1753 1268 aliquem
1769 1227 1942 1264 subditum,
1960 1234 1991 1258 et
2005 1228 2156 1269 seipsum,
2173 1229 2284 1270 alege.
2299 1230 2340 1261 Et
2353 1232 2443 1282 quod
2461 1243 2519 1273 po—

1460 1277 1520 1301 test
1542 1271 1644 1311 legem
1669 1278 1801 1307 mutare,
1819 1271 1883 1302 sive
1902 1271 1996 1302 aliam
2019 1272 2187 1303 condendo
2201 1273 2274 1304 loco
2299 1274 2387 1311 eius.
2391 1275 2456 1307 sive
2468 1283 2519 1306 to-

1459 1315 1561 1346 taliter
1583 1315 1735 1346 tollendo.
1755 1316 1795 1346 Et
1818 1315 1897 1346 nihil
1919 1316 2037 1346 horum
2056 1316 2242 1348 contradicit
2265 1318 2518 1362 determinationi

1461 1358 1568 1396 factae,
1589 1359 1705 1390 scilicet
1727 1360 1816 1399 quod
1839 1359 1984 1400 princeps
2000 1376 2003 1379 ·
2017 1359 2179 1391 subiicitur
2201 1361 2262 1401 legi
2293 1361 2327 1391 in
2349 1356 2421 1392 foi-0
2445 1356 2519 1394 5011-

1460 1403 1622 1434 scientiae:
1638 1403 1801 1434 subiicitur
1817 1413 1955 1444 namque
1972 1410 2008 1434 ut
2022 1404 2178 1444 princeps,
2195 1412 2385 1445 potestatem
2400 1406 2519 1438 habens

1459 1453 1624 1488 praecepta
1648 1447 1793 1478 faciendi.
1810 1448 1898 1478 Haec
1920 1455 1995 1479 sunt
2018 1448 2160 1479 confessa
2183 1449 2406 1480 communiter.

1515 1492 1552 1522 X.
1570 1492 1631 1521 Sed
1654 1492 1692 1521 de
1723 1498 1809 1522 mota
1842 1492 2038 1523 dubitatione
2061 1492 2171 1532 triplex
2202 1500 2248 1524 est
2271 1493 2393 1534 opinio.
2414 1495 2519 1525 Prima

1459 1541 1505 1566 est
1525 1536 1613 1576 quod
1637 1535 1791 1576 princeps,
1814 1535 1887 1566 licet
1909 1536 2091 1567 subiiciatur
2112 1537 2173 1576 legi
2190 1537 2351 1568 humanae
2369 1538 2507 1579 simplici

1458 1586 1504 1610 ter
1527 1586 1558 1610 et
1580 1580 1723 1610 absolute
1740 1580 1866 1610 habenti
1880 1580 1947 1610 vim
1969 1580 2062 1630 legis,
2081 1590 2147 1611 non
2162 1581 2307 1615 subditur
2329 1588 2435 1613 tamen
2454 1582 2487 1613 15

1458 1623 1586 1654 habenti
1608 1623 1673 1653 vim
1691 1623 1783 1674 legis.
1797 1634 1872 1654 cum
1895 1624 2078 1664 exceptione
2103 1633 2178 1654 suae
2202 1634 2365 1665 personae.
2382 1627 2424 1657 Et
2438 1627 2523 1658 sicut

1459 1667 1603 1708 princeps
1620 1678 1637 1697 a
1653 1667 1818 1708 principio,
1836 1668 2057 1699 constituendo
2074 1668 2187 1708 legem,
2204 1669 2360 1709 potuisset
2378 1670 2524 1712 excipere*

1459 1711 1649 1752 principem;
1674 1711 1716 1742 ita
1741 1719 1814 1752 post
1840 1713 1943 1752 legem
1975 1712 2136 1742 conditam
2166 1719 2272 1763 potest
2294 1723 2350 1744 55
2360 1713 2526 1754 exciperet,

1459 1755 1539 1786 sicut
1561 1763 1592 1786 et
1615 1755 1755 1796 aliquem
1777 1756 1876 1786 alium
1904 1756 2076 1787 subditum.
2098 1757 2139 1787 Et
2162 1757 2206 1787 515
2226 1756 2255 1787 si
2285 1756 2429 1798 princeps
2452 1763 2524 1789 nom

1458 1800 1541 1831 tollit
1556 1810 1573 1830 a
1590 1810 1623 1830 se
1639 1800 1751 1840 legem,
1768 1800 1938 1840 obligatur:
1963 1800 1989 1830 si
2004 1806 2111 1831 autem
2126 1801 2220 1837 tollit,
2236 1810 2303 1831 non
2314 1801 2484 1841 obligatur.
2510 1808 2526 1825 n

1515 1844 1698 1874 Sed‘contra
1714 1844 1794 1874 hanc
1807 1844 1994 1884 opinionem
2008 1851 2055 1875 est
2066 1845 2150 1886 quia,
2168 1844 2194 1874 si
2209 1844 2355 1886 princeps
2368 1842 2526 1886 potest&

1459 1887 1593 1918 eximere
1617 1899 1634 1918 a
1653 1888 1730 1928 1535,
1751 1888 1902 1928 obligatio
1918 1899 1975 1920 sua
1998 1889 2037 1919 ad
2056 1889 2158 1928 legem
2174 1895 2221 1920 est
2243 1888 2422 1921 ridiculosa.
2442 1889 2525 1920 Pom-¹

1459 1938 1506 1962 set
1528 1942 1676 1975 namque,
1694 1932 1861 1962 eximendo
1881 1942 1923 1969 se,
1941 1932 2066 1969 dicenti,
2086 1933 2201 1963 Patere
2216 1933 2320 1976 legem
2337 1942 2434 1974 quam
2450 1934 2526 1977 ΨΩ·

1458 1977 1639 2014 ῑιιὶενίεμεῑ,
1668 1977 1778 2013 Quare
1801 1977 1920 2017 alligas
1943 1986 2043 2015 onera
2057 1978 2177 2018 gravia
2200 1978 2232 2010 itt
2248 1978 2398 2008 humeros
2419 1978 2517 2009 homi-

1459 2030 1547 2058 num,
1574 2026 1605 2051 et
1626 2021 1728 2061 digito
1751 2026 1806 2051 tuo
1830 2029 1892 2051 non
1910 2030 2016 2052 moves
2038 2021 2103 2051 ea?
2124 2022 2321 2071 respondere·
2337 2027 2411 2052 cum
2430 2019 2526 2054 bona

1459 2064 1664 2095 conscientia:
1694 2064 1778 2102 Quia
1802 2065 1906 2095 exemi
1929 2066 2092 2106 meipsum.
2108 2065 2207 2102 Quod
2229 2072 2291 2096 est
2297 2063 2476 2098 ridiculum:
2483 2061 2520 2090 JV
2516 2072 2527 2099 i

1514 2109 1566 2139 XI
1587 2109 1658 2139 Alia
1681 2109 1792 2149 opinio
1813 2115 1860 2140 est
1878 2110 1977 2150 quod,
1994 2109 2135 2150 quandiu
2159 2110 2208 2140 lex
2231 2118 2298 2140 non
2312 2116 2360 2141 551
2373 2106 2529 2141 10151ὴοῖ

1458 2153 1589 2189 sublata,
1605 2153 1750 2193 princeps
1765 2153 1932 2193 obligatur.
1949 2154 1991 2184 Et
2001 2153 2074 2184 licet
2086 2153 2189 2194 possit
2202 2161 2313 2185 secum
2324 2154 2527 2194 dispensare?

1458 2203 1489 2227 et
1511 2197 1620 2227 tollere
1636 2207 1708 2227 eam
1723 2197 1869 2234 totaliter,
1886 2206 1952 2228 non
1968 2195 2074 2237 potest
2089 2203 2159 2228 eam
2183 2198 2293 2229 tollere
2307 2198 2416 2240 quoad
2431 2207 2465 2228 se
2478 2197 2525 2230 aii-¹

1457 2239 1592 2272 libitum.
1606 2241 1698 2272 Unde
1713 2241 1739 2271 si
1751 2242 1820 2272 vult
1835 2251 1868 2272 se
1883 2242 2046 2272 absolvere
2061 2252 2079 2272 a
2093 2241 2223 2273 vineulo
2238 2241 2325 2282 10315,
2341 2242 2526 2273 tonantem

1458 2285 1617 2315 absolute:
1635 2285 1777 2335 alioquin
1789 2285 1834 2315 illi
1850 2286 1999 2317 subiacet.
2016 2286 2059 2317 Et
2073 2286 2224 2318 fundatur
2238 2285 2327 2317 11555
2336 2286 2459 2326 opinio·
2465 2292 2525 2318 501-

1458 2339 1515 2370 951·
1537 2329 1611 2365 1105,
1636 2329 1711 2370 quia
1734 2329 1822 2360 aliter
1852 2329 2003 2375 obligatio
2034 2329 2203 2385 principis
2212 2328 2255 2360 ad
2286 2326 2526 2363 observantium

1457 2373 1535 2413 legis
1559 2379 1639 2404 esset
1654 2373 1833 2404 ridiculosa.

1515 2417 1635 2448 Contra
1650 2417 1731 2448 hanc
1751 2424 1858 2448 autem
1874 2418 2062 2459 opinionem
2084 2425 2131 2449 est
2145 2418 2230 2458 quia
2237 2414 2386 2459 princeps
2401 2379 2526 2461 potest,

1459 2461 1554 2492 etiam
1573 2461 1639 2491 51115
1659 2471 1762 2498 causa,
1779 2462 1855 2502 quia
1871 2462 1928 2492 sibi
1943 2460 2055 2512 placet,
2065 2462 2208 2492 eximere
2227 2468 2330 2493 unum
2353 2458 2523 2493 subditum

1459 2515 1476 2536 a
1492 2506 1657 2536 communi
1669 2506 1747 2546 lege.
1763 2506 1849 2545 Ergo
1861 2513 1967 2546 potest
1981 2505 2123 2549 seipsum
2138 2505 2289 2536 eximere:
2298 2513 2387 2536 cum
2395 2512 2470 2539 non
2475 2505 2524 2536 eit

1459 2550 1620 2581 deterioris
1635 2549 1828 2581 conditionis
1837 2558 1938 2592 quam
1953 2559 2029 2580 suus
2050 2549 2207 2581 subditus.
2516 2567 2518 2570 v

1513 2594 1581 2624 XII.
1599 2594 1682 2625 Inter
1703 2593 1763 2624 has
1782 2600 1891 2624 autem
1913 2592 2066 2625 extremas
2089 2590 2270 2634 opiniones,
2281 2570 2406 2624 media
2408 2590 2524 2625 055111-

1458 2638 1497 2668 rit
1516 2638 1636 2678 opinio,
1656 2646 1738 2678 quae
1754 2636 1828 2668 sola
1836 2646 1917 2668 vera
1933 2645 1994 2669 eet:
2015 2637 2134 2668 scilicet
2144 2638 2245 2688 quod
2254 2645 2401 2680 princeps
2413 2643 2523 2678 potesta

1459 2682 1498 2712 ad
1521 2682 1647 2713 libitum
1670 2691 1712 2717 55,
1735 2688 1766 2712 et
1788 2682 1952 2713 subditum
1967 2681 2126 2722 aliquem,
2143 2681 2278 2712 eximere
2299 2691 2318 2711 a
2340 2681 2410 2722 lege
2429 2688 2523 2712 comm

1458 2727 1549 2756 muni
1571 2727 1635 2756 iam
1667 2726 1882 2766 promulgata,
1912 2726 1956 2757 515
1979 2726 2068 2766 quod
2096 2732 2260 2766 exemptus
2287 2734 2354 2756 non
2381 2725 2422 2757 sit
2447 2732 2525 2756 rm

1458 2770 1566 2801 violati
1590 2770 1748 2810 praecepti
1768 2770 1845 2810 15315
1863 2779 1935 2801 non
1948 2770 2104 2800 servando
2126 2768 2234 2806 illam;
2258 2778 2324 2800 non
2336 2776 2452 2800 tamen
2460 2777 2519 2812 po—

1459 2821 1519 2845 test
1542 2814 1676 2844 eximere
1699 2814 1744 2844 515
1760 2821 1802 2845 ut
1823 2814 1891 2865 ipse
1914 2814 2054 2844 eximens
2075 2820 2114 2844 et
2128 2820 2297 2858 exemptus
2319 2814 2360 2844 ad
2381 2813 2526 2849 libituml

1459 2868 1526 2889 non
1549 2858 1588 2888 sit
1611 2866 1682 2888 reus
1704 2858 1837 2889 violati·
1829 2858 1909 2889 iuris
1929 2864 2068 2894 naturae,
2085 2866 2152 2898 quo
2168 2854 2369 2902 0555110519
2372 2854 2427 2888 ars
2444 2863 2520 2888 5011-

1460 2911 1571 2932 sonare
1588 2903 1688 2933 debet
1696 2911 1763 2933 suo
1777 2902 1848 2952 toti,
1859 2908 1896 2933 et
1913 2901 2082 2942 praecipue
2098 2907 2210 2942 caput.
2221 2899 2308 2933 Haec
2326 2901 2441 2942 opinio
2451 2901 2525 2932 duo·

1460 2947 1544 2982 dicit,
1562 2953 1598 2977 ut
1620 2953 1714 2986 patet.
1720 2947 1785 2977 Et·
1794 2945 1827 2976 i'n
1847 2946 1952 2996 pritno
1967 2945 2124 2977 convenit
2140 2953 2222 2976 511111
2237 2945 2338 2986 pnma
2347 2942 2526 2986 opnione(

1461 2998 1491 3021 et
1521 2990 1690 3031 discrepat
1696 3001 1715 3021 a
1738 2991 1892 3021 secunda.
1917 2990 1949 3020 in
1978 2990 2134 3021 secundo
2139 2997 2267 3021 tutem
2274 2989 2439 3020 convenit
2444 2994 2524 3020 eum

1460 3035 1597 3065 secunda
1620 3034 1855 3085 aliqualiter‚·et
1875 3032 2031 3075 discrepat
2053 3042 2070 3064 5
2093 3032 2206 3074 prima.
2221 3034 2272 3064 Et
2292 3033 2318 3064 51
2342 3034 2422 3064 bene
2440 3036 2526 3064 com

1461 3079 1613 3109 sideretur
1628 3079 1738 3119 0911110
1751 3079 1837 3115 11555,
1851 3076 2014 3119 5995151111
2024 3079 2115 3119 quod
2130 3077 2229 3109 salvat
2244 3083 2435 3118 utrumque
2455 3076 2525 3109 ιίού

1461 3123 1621 3154 mentibus
1636 3122 1807 3155 humanis
1799 3130 1991 3163 impressum
2001 3121 2138 3152 videtur:
2151 3121 2272 3153 scilicet
2286 3127 2319 3152 et
2330 3121 2421 3169 qu‘od
2474 3120 2521 3150 in-

1462 3174 1535 3207 ceps
1559 3167 1641 3198 male
1660 3166 1734 3198 facit
1754 3165 1922 3197 eximendo
1946 3175 1980 3197 55
1996 3165 2048 3197 vel
2064 3166 2166 3197 alium
2189 3165 2229 3196 ad
2251 3163 2426 3202 1111115111,ἱο
2443 3162 2524 3208 κβ

1462 3211 1554 3251 iugo;
1579 3218 1610 3242 et
1632 3211 1721 3262 quod
1737 3210 1947 3242 nihilominus
1970 3215 2135 3251 exemptus
2156 3218 2222 3240 non
2246 3215 2310 3240 ent·
2308 3206 2525 3241 reimerum

1462 3255 1549 3295 legis.
1566 3254 1600 3286 Si
1624 3255 1710 3286 enim
1732 3255 1818 3295 Papa
1841 3254 1979 3286 licentiet
2001 3263 2045 3285 55
2056 3255 2119 3285 vel
2125 3254 2234 3290 alam,
2254 3252 2347 3294 quin
2341 3247 2466 3293 9150511,
2474 3251 2524 3282 ‘od

1463 3309 1528 3330 non
1546 3299 1718 3330 dicendum
1740 3299 1833 3330 hom
1845 3298 2026 3335 canonieus,
2041 3298 2092 3328 vel
2116 3296 2227 3329 carnes
2239 3295 2525 3330 comedendumdn

1463 3343 1721 3383 Quadragesima,
1739 3343 1915 3374 licentiatus
1930 3342 2011 3373 111515
2028 3341 2107 3376 facit
2115 3350 2182 3372 non
2192 3338 2332 3371 dicendo
2346 3340 2451 3376 horas,
2467 3345 2524 3370 aut

1464 3396 1572 3419 carnes
1594 3387 1811 3418 comedendo:
1832 3387 1907 3428 quia
1922 3386 2023 3426 turpis
2039 3392 2090 3416 est
2099 3394 2171 3426 pars
2185 3393 2277 3425 quae
2275 3392 2348 3414 11011
2365 3389 2523 3414 consonat

1464 3440 1523 3463 suo
1541 3432 1609 3469 toti,
1626 3441 1663 3463 ex
1673 3437 1807 3462 naturae
1818 3431 1913 3469 iure,
1923 3430 2013 3471 quod
2027 3429 2164 3460 molatur
2181 3438 2200 3459 5
2212 3427 2351 3463 subdito,
2369 3433 2401 3458 et
2418 3427 2523 3458 multo

1465 3475 1563 3516 magis
1587 3486 1605 3507 a
1624 3475 1738 3516 559115,
1752 3474 1810 3506 eui
1833 3475 1928 3505 etiam
1941 3483 1960 3505 5
1984 3473 2091 3504 divino
2113 3472 2194 3503 iure
2190 3471 2446 3512 improperatur.
2465 3471 2523 3502 Di-

2551 321 2646 344 ·Num.
2662 328 2696 345 tx.

2550 537 2644 559 'Num
2661 543 2684 558 iv
2698 543 2750 566 sqq.

2570 1064 2641 1087 Num.
2656 1071 2706 1094 neq.
