2840 4010
40 661 50 670 ·
66 658 132 681 νει-ε.
147 663 162 679 1.

42 765 52 774 ·
66 762 167 785 lutei-lin.

44 1232 121 1283 Ὧν·
129 1237 198 1260 ιω»
212 1234 255 1254 ⁸¹¹·
275 1227 471 1277 finitione,
500 1236 542 1266 ut
574 1239 619 1265 ex
647 1229 907 1279 supradictis*

930 184 1194 230 QUAESTIO
1224 186 1379 231 LXXII,
1408 185 1702 222 ARTICULUS
1729 184 1780 220 Vl

2390 197 2434 232 19

1083 318 1395 359 ARTICULUS
1425 318 1630 361 SEXTUS

602 409 756 440 UTRUM
781 410 1015 441 PECCATUM
1040 409 1340 440 COMMlss¹0N1s
1364 410 1420 439 ET
1445 410 1681 442 omssmms
1705 412 1948 442 DlFFERANT
1971 411 2116 442 SPECIE

399 535 401 541 .
415 517 467 566 35<
491 508 513 533 D
542 508 681 534 513wa
710 509 762 534 sm
787 508 1024 534 PROCEDITUR.
1044 495 1202 532 Videtur
1226 495 1330 553 quod

308 513 373 606 “257⁵
418 546 468 607 ’ᾗ
490 557 690 598 peccatum
728 547 1006 590 commissionis
1044 555 1080 583 et
1114 547 1330 584 omissionis

382 616 415 643 ⁷,
427 585 458 639 ’6
472 597 616 650 specie
644 601 828 639 differant.
857 600 1046 637 Delictum
1076 599 1176 636 enim
1202 607 1332 636 contra

301 645 311 653 ”
334 669 345 681 ««
356 646 423 687 *Tel
447 645 690 702 &peccatum
719 653 906 699 dividitur,
935 653 1068 700 Ephes.
1090 664 1112 688 11
1127 652 1172 698 *,
1187 652 1253 688 ubi
1278 651 1331 689 di-

283 704 391 741 citur:
426 705 520 743 Cum
549 706 670 742 essetis
697 706 837 742 mortui
862 705 1000 741 delictis
1027 710 1063 741 et
1081 705 1245 752 peccatis
1271 715 1332 741 νε-

280 757 375 793 stris.
397 758 446 794 Et
466 758 617 806 exponit
634 758 685 794 ibi
706 758 842 795 Glossa
856 757 891 793 *ε
921 758 1084 802 Delictis,
1105 758 1196 794 idest
1213 757 1333 793 dimit-

282 810 389 846 tendo
417 821 514 857 quae
542 811 731 854 iubentur,·
758 816 794 846 et
813 810 992 858 peccatis,
1021 810 1160 846 scilicet
1184 809 1332 858 agendo

276 861 486 910 prohibita.-
519 874 563 898 ex
592 874 670 910 quo
698 870 801 910 patet
833 863 936 910 quod
969 875 1037 910 per
1069 861 1247 899 delictum
1280 861 1335 898 in-

241 913 244 916 '
281 913 455 960 telligitur
483 920 500 936 ‘²
527 922 727 962 peccatum
765 915 991 961 omissionis,
1021 927 1089 963 per
1116 921 1333 962 peccatum,

280 975 479 1014 peccatum
514 967 803 1004 commissionis.
839 968 1028 1004 Differunt
1055 966 1164 1014 igitur
1191 966 1334 1014 specie:

282 1029 369 1054 cum
400 1031 443 1055 ex
473 1019 646 1068 opposito
683 1020 917 1067 dividantur,
947 1028 1128 1068 tanquam
1162 1019 1335 1056 diversae

282 1081 438 1119 species.

337 1125 828 1173 2.‡PRAET1-:REA,peccato
859 1137 929 1183 per
955 1137 995 1162 se
1024 1124 1204 1161 convenit
1232 1123 1337 1172 quod

285 1174 331 1211 sit
359 1184 488 1213 contra
516 1178 637 1224 legem
666 1178 754 1214 Dei:
788 1177 941 1226 ponitur
969 1177 1068 1214 enim
1098 1177 1135 1213 in
1165 1177 1244 1213 eius
1274 1176 1337 1213 de-

933 1237 1045 1278 patet.
1082 1229 1158 1266 Sed
1191 1229 1229 1265 in
1257 1230 1336 1277 lege

257 1277 362 1318 Πὲἰ
384 1282 455 1323 alia
483 1289 569 1318 sunt
595 1290 798 1331 praecepta
822 1282 1059 1331 affirmativa,
1089 1289 1219 1318 contra
1238 1293 1337 1329 quae

285 1341 340 1370 est
366 1342 564 1382 peccatum
593 1334 824 1380 omissionis;
854 1343 891 1372 et
918 1335 989 1371 alia
1006 1342 1207 1384 praecepta
1226 1346 1337 1393 nega-

284 1385 382 1433 tiva,
421 1394 551 1423 contra
588 1399 685 1435 quae
724 1395 778 1423 est
814 1394 1012 1436 peccatum
1046 1387 1336 1424 commissionis.

284 1439 387 1486 Ergo
415 1447 614 1487 peccatum
643 1439 857 1476 omissionis
881 1446 918 1476 et
934 1447 1131 1488 peccatum
1162 1439 1339 1476 commis-

285 1491 401 1528 sionis
430 1491 606 1528 differunt
634 1492 770 1540 specie.

295 1545 299 1550 ⁴
341 1544 374 1580 3.
404 1544 636 1591 Pam-snm,
666 1545 820 1581 omissio
851 1552 887 1581 et
915 1544 1131 1581 commissio
1160 1544 1340 1581 differunt

286 1595 382 1632 sicut
409 1596 610 1633 affirmatio
639 1605 675 1633 et
702 1597 863 1645 negatio.
894 1597 971 1634 Sed
999 1597 1200 1634 affirmatio
1221 1604 1257 1634 et
1275 1609 1339 1633 ne-

286 1648 385 1696 gatio
405 1661 484 1685 non
503 1656 663 1697 possunt
683 1661 763 1686 esse
783 1650 894 1686 unius
914 1649 1068 1708 speciei:
1089 1649 1176 1699 quia
1191 1650 1338 1698 negatio

286 1712 366 1737 non
378 1702 494 1738 habet
507 1702 690 1749 speciem;
711 1714 784 1739 non
805 1703 896 1739 entis
911 1702 1011 1739 enim
1028 1714 1101 1739 non
1116 1708 1202 1738 sunt
1220 1714 1339 1751 neque

18 1795 19 1798 ,
47 1759 188 1799 ·ῥιγιιωι
171 1770 260 1798 nutv,
286 1754 424 1802 species
457 1765 575 1813 n-eque
593 1755 835 1804 differentiae,
859 1761 902 1791 ut
929 1754 1182 1803 Philosophus
1203 1755 1290 1792 dicit
1307 1755 1337 1791 ³¹².

49 1801 260 1846 ἓῑτιιἯὲέἰ*·.“

11 2435 13 2446 ³
50 2437 95 2455 2:5².
118 2440 162 2474 ,μβ

286 1806 389 1865 Ergo
409 1806 564 1843 omissio
581 1814 618 1843 et
633 1807 852 1844 commissio
868 1819 945 1844 non
959 1814 1118 1856 possunt
1133 1820 1214 1844 esse
1229 1809 1340 1845 unius

286 1858 436 1907 speciei.

340 1911 415 1948 SED
434 1923 590 1957 CONTRA,
619 1911 657 1948 in
687 1913 820 1949 eadem
841 1912 964 1960 specie
987 1912 1130 1960 peccati
1152 1912 1341 1950 invenitur

287 1963 442 2001 omissio
472 1972 508 2000 et
537 1964 774 2001 commissio:
804 1976 941 2001 avarus
966 1964 1066 2002 enim
1087 1971 1123 2001 et
1141 1965 1261 2002 aliena
1282 1978 1338 2002 ra-

286 2015 352 2065 pit,
382 2017 488 2065 quod
507 2024 564 2053 est
581 2024 779 2065 peccatum
802 2017 1094 2063 commissionis;
1121 2025 1157 2054 et
1175 2030 1243 2055 sua
1262 2031 1339 2055 non

285 2069 350 2106 dat
376 2069 514 2118 quibus
535 2069 625 2106 dare
645 2069 768 2115 debet,
794 2071 899 2117 quod
928 2077 982 2106 est
999 2077 1199 2118 peccatum
1225 2071 1338 2108 omis-

284 2121 411 2158 sionis.
441 2123 542 2169 Ergo
572 2122 727 2158 omissio
758 2130 794 2159 et
821 2122 1037 2160 commissio
1062 2135 1140 2160 non
1164 2123 1340 2160 differunt

283 2174 420 2222 specie.

337 2228 561 2263 RESPONDEO
587 2239 768 2264 DICENDUM
789 2229 890 2275 quod
911 2227 949 2264 in
967 2228 1130 2276 peccatis
1150 2228 1339 2265 invenitur

282 2279 421 2328 duplex
440 2279 667 2318 differentia:
687 2292 764 2316 una
782 2279 1049 2327 materialis„et
1068 2280 1139 2317 alia
1158 2281 1336 2318 formalis.

282 2331 486 2369 Materialis
501 2332 656 2380 quidem
676 2332 878 2369 attenditur
897 2332 1108 2370 secundum
1128 2334 1335 2370 naturalem

282 2384 449 2433 speciem
478 2392 632 2421 actuum
659 2385 822 2433 peccati:
851 2385 1018 2422 formalis
1047 2393 1173 2422 autem
1203 2398 1336 2423 secun-

282 2437 374 2474 dum
404 2437 578 2473 ordinem
607 2438 655 2474 ad
683 2450 802 2474 unum
829 2438 946 2474 finem
971 2438 1178 2487 proprium,
1200 2437 1334 2486 quod!³

281 2496 338 2526 est
365 2489 558 2526 obiectum
587 2490 796 2539 proprium.
826 2490 936 2527 Unde
960 2490 1202 2528 inveniuntur
1221 2492 1336 2539 aliqui

281 2549 386 2579 actus
420 2542 661 2580 materialiter
694 2543 819 2591 specie
853 2542 1082 2589 differentes,
1116 2544 1180 2592 qui
1208 2551 1336 2580 tamen

280 2594 487 2632 formaliter
504 2600 520 2622 Ὺ
539 2603 625 2632 sunt
644 2595 681 2632 in
702 2596 834 2632 eadem
856 2595 981 2644 specie
1001 2596 1157 2644 peccati,
1178 2596 1267 2643 quia
1287 2597 1335 2634 ad

280 2646 382 2684 idem
412 2647 648 2684 ordinantur:
683 2648 777 2685 sicut
805 2648 852 2685 ad
881 2648 1044 2685 eandem
1073 2648 1239 2697 speciem
1268 2650 1336 2686 ho-

281 2699 421 2736 micidii
449 2700 609 2748 pertinet
628 2700 817 2748 iugulatio,
848 2700 1024 2749 lapidatio
1055 2708 1091 2737 et
1117 2701 1333 2749 perforatio,

1385 497 1560 554 quamvis
1589 505 1693 534 actus
1722 498 1794 535 sint
1821 499 1945 547 specie
1980 499 2193 537 differentes
2226 501 2435 538 secundum

1386 547 1552 595 speciem
1580 557 1745 586 naturae.
2314 567 2324 575 ¹

1440 599 1502 635 Sic
1531 612 1618 647 ergo
1647 601 1678 637 si
1705 603 1905 661 loquamur
1932 604 1980 640 de
2007 605 2131 652 specie
2160 606 2303 654 peccati
2323 606 2436 643 omis-

1387 651 1501 687 sionis
1521 659 1557 688 et
1577 653 1866 701 commissionis,
1895 657 2134 693 materialiter
2157 658 2334 695 differunt
2352 671 2435 707 spe-

1387 703 1463 740 cie:
1493 705 1592 751 large
1620 712 1747 742 tamen
1774 707 1963 766 loquendo
1994 709 2040 745 de
2068 710 2204 757 specie,
2225 711 2435 748 secundum

1387 756 1492 804 quod
1520 757 1669 803 negatio
1689 758 1750 794 vel
1769 759 1929 806 privatio
1957 761 2122 808 speciem
2141 763 2280 799 habere
2289 771 2434 822 potest.

1389 808 1428 845 Si
1457 816 1584 845 autem
1613 810 1815 858 loquamur
1836 811 1882 847 de
1902 813 2025 870 specie
2053 815 2196 861 peccati
2221 815 2435 852 omissionis

1390 868 1425 897 et
1453 862 1730 899 commissionis
1755 863 1970 911 formaliter,
1991 865 2041 900 sic
2061 878 2138 902 non
2157 867 2334 904 differunt
2353 881 2436 916 spe-

1390 913 1466 949 cie:
1496 914 1583 961 quia
1611 914 1659 950 ad
1687 914 1788 951 idem
1819 916 2048 963 ordinantur,
2079 925 2177 954 etex
2198 920 2333 956 eodem
2354 933 2436 957 mo-

1389 965 1467 1002 tivo
1495 966 1716 1014 procedunt.
1750 969 1898 1004 Avarus
1927 969 2027 1005 enim
2057 970 2105 1006 ad
2134 973 2437 1019 congregandum

1390 1018 1592 1066 pecuniam
1612 1027 1647 1055 et
1666 1019 1772 1067 rapit,
1789 1027 1824 1056 et
1843 1033 1920 1056 non
1942 1021 2003 1057 dat
2024 1033 2067 1057 ea
2087 1034 2184 1070 quae
2201 1023 2290 1060 dare
2310 1025 2435 1069 debet;

1392 1078 1427 1106 et
1454 1070 1621 1107 similiter
1651 1073 1805 1118 gulosus
1842 1073 1891 1109 ad
1919 1073 2222 1111 satisfaciendum
2249 1077 2374 1124 gulae,
2404 1085 2439 1113 et

1391 1123 1583 1171 superflua
1612 1124 1788 1171 comedit,
1810 1132 1846 1161 et
1863 1125 2001 1162 ieiunia
2021 1126 2145 1163 debita
2163 1129 2437 1188 praetermittit;

1392 1182 1428 1211 et
1455 1175 1556 1212 idern
1590 1183 1646 1212 est
1673 1153 1801 1213 vider⁷e
1833 1177 1870 1214 in
1899 1179 2042 1215 ceteris.
2079 1179 2240 1228 Semper
2271 1181 2372 1218 enim
2400 1181 2438 1218 in

1391 1229 1503 1265 rebus
1530 1228 1677 1276 negatio
1707 1229 1884 1266 fundatur
1902 1243 2016 1279 super
2034 1231 2157 1280 aliqua
2176 1233 2438 1281 affirmatione,

1392 1293 1488 1330 quae
1510 1289 1564 1317 est
1582 1281 1870 1329 quodammodo
1892 1295 2004 1320 causa
2024 1284 2118 1320 eius:
2147 1285 2249 1322 unde
2270 1286 2380 1322 etiam
2401 1287 2440 1323 in

1393 1332 1505 1370 rebus
1526 1334 1755 1370 naturalibus
1780 1335 1949 1372 eiusdem
1970 1337 2123 1373 rationis
2144 1345 2198 1374 est
2217 1338 2320 1386 quod
2345 1339 2440 1386 ignis

1394 1386 1594 1432 calefaciat,
1624 1393 1660 1422 et
1687 1387 1791 1434 quod
1819 1399 1896 1424 non
1925 1388 2120 1436 infrigidet.

1445 1440 1502 1475 AD
1519 1450 1654 1475 PR1M1JM
1673 1450 1770 1475 ERGO
1790 1451 1972 1477 DICENDUM
1987 1442 2092 1500 quod
2108 1442 2167 1478 illa
2187 1442 2321 1479 divisio
2342 1456 2439 1492 quae

1395 1498 1449 1527 est
1467 1503 1536 1539 per
1556 1491 1847 1528 commisionem
1869 1499 1905 1528 et
1924 1493 2201 1541 omisssionem,
2218 1507 2295 1532 non
2311 1503 2365 1532 est
2383 1508 2439 1532 se-

1394 1544 1560 1580 cundum
1581 1543 1749 1580 diversas
1769 1544 1913 1592 species
1933 1545 2121 1592 formales,
2142 1547 2208 1583 sed
2230 1548 2440 1585 materiales

1393 1603 1550 1642 tantum,
1579 1603 1621 1633 ut
1649 1596 1788 1632 dictum
1818 1604 1872 1633 est
1890 1597 1920 1633 ³¹⁸.

1445 1651 1503 1685 Αι)
1540 1660 1728 1686 SECUNDUM
1760 1661 1942 1686 1>1CENDUM
1978 1651 2080 1698 quod
2114 1663 2268 1688 necesse
2305 1653 2371 1689 fuit
2403 1653 2439 1689 in

1393 1701 1474 1748 lege
1502 1701 1574 1737 Dei
1591 1701 1755 1750 proponi
1776 1701 1925 1738 diversa
1943 1710 2143 1751 praecepta
2161 1705 2386 1742 affirmativa
2407 1713 2443 1741 et

1394 1754 1587 1801 negativa,
1619 1762 1662 1790 ut
1696 1754 1880 1802 gradatim
1912 1755 2087 1791 homines
2119 1756 2443 1794 introducerentur

1395 1807 1442 1843 ad
1461 1806 1649 1849 virtutem,
1669 1806 1772 1856 prius
1792 1807 1946 1854 quidem
1975 1807 2198 1845 abstinendo
2219 1821 2240 1845 a
2259 1811 2372 1857 malo,
2392 1810 2441 1847 ad

1395 1859 1498 1907 quod
1521 1859 1737 1896 inducimur
1754 1871 1823 1908 per
1840 1867 2041 1908 praecepta
2069 1862 2257 1908 negativa3
2288 1870 2323 1898 et
2340 1871 2442 1911 post-

1394 1913 1553 1948 modum
1575 1911 1746 1949 faciendo
1767 1912 1926 1960 bonum,
1953 1913 2001 1949 ad
2021 1913 2125 1961 quod
2144 1914 2357 1951 inducimur
2375 1927 2443 1963 per

1394 1971 1594 2012 praecepta
1610 1964 1846 2001 affirmativa.
1868 1965 1916 2001 Et
1931 1965 1982 2001 sic
1995 1973 2197 2014 praecepta
2217 1967 2441 2004 affirmativa

1394 2024 1430 2053 et
1448 2017 1619 2064 negativa
1638 2029 1716 2053 non
1735 2017 1920 2065 pertinent
1939 2017 1987 2054 ad
2008 2018 2175 2055 diversas
2192 2019 2358 2066 virtutes,
2376 2020 2442 2056 sed

1394 2069 1441 2105 ad
1474 2069 1644 2106 diversos
1676 2070 1813 2116 gradus
1840 2069 1996 2106 virtutis.
2032 2071 2080 2107 Et
2106 2083 2174 2119 per
2206 2084 2442 2121 consequens

1394 2134 1470 2158 non
1495 2130 1644 2170 oportet
1666 2122 1770 2171 quod
1799 2123 2069 2159 contrarientur
2097 2123 2252 2160 diversis
2280 2125 2441 2173 peccatis

1394 2175 1604 2211 secundum
1633 2175 1814 2223 speciem.-
1832 2196 1855 2202 -
1876 2176 2079 2212 Peccatum
2101 2176 2212 2213 etiam
2231 2189 2309 2214 non
2328 2178 2442 2214 habet

1394 2227 1559 2275 speciem
1590 2239 1634 2263 ex
1662 2234 1768 2275 parte
1787 2227 2006 2274 aversionis,
2027 2228 2115 2276 quia
2139 2230 2348 2266 secundum
2368 2231 2441 2266 hoc

1395 2287 1449 2316 est
1481 2279 1629 2326 negatio
1657 2280 1720 2316 vel
1751 2279 1935 2328 privatio:
1968 2281 2035 2317 sed
2069 2293 2112 2317 ex
2145 2289 2250 2330 parte
2284 2294 2441 2319 conver-

1394 2332 1520 2378 sionis,
1549 2332 1760 2368 secundum
1790 2333 1893 2381 quod
1922 2340 1977 2369 est
2000 2341 2104 2370 actus
2133 2334 2300 2383 quidam.
2331 2335 2439 2371 Unde

1393 2385 1603 2421 secundum
1637 2384 1785 2421 diversa
1819 2393 2021 2434 praecepta
2052 2386 2143 2434 legis
2181 2399 2258 2423 non
2288 2387 2440 2424 diversi-

1392 2438 1552 2474 ficantur
1578 2444 1733 2485 peccata
1762 2438 1971 2474 secundum
2001 2439 2178 2486 speciem.

1444 2491 1502 2526 AD
1531 2501 1688 2526 TERTmM
1717 2501 1899 2526 DICENDUM
1936 2491 2040 2539 quod
2068 2491 2229 2528 obiectio
2267 2492 2327 2528 illa
2354 2504 2440 2541 pro—

1392 2542 1489 2579 cedit
1517 2542 1564 2579 de
1584 2542 1766 2579 materiali
1787 2542 1999 2579 diversitate
2020 2544 2169 2602 speciei.
2190 2566 2213 2571 -
2235 2544 2439 2581 Sciendum

1392 2602 1446 2631 est
1473 2592 1633 2631 tamen⁶
1661 2595 1766 2654 quod
1790 2595 1950 2643 negatio,
1973 2596 2039 2632 etsi
2057 2596 2209 2655 proprie
2234 2609 2311 2633 non
2340 2597 2385 2633 sit
2403 2597 2440 2633 in

1391 2647 1527 2696 specie,
1558 2647 1791 2684 constituitur
1818 2655 1945 2684 tamen
1970 2648 2007 2685 in
2027 2649 2151 2698 specie
2171 2662 2238 2697 per
2258 2649 2440 2686 reductio-

1390 2713 1479 2737 nem
1504 2700 1552 2736 ad
1581 2699 1745 2748 aliquam
1766 2700 2058 2738 affirmationem
2087 2714 2202 2749 quam
2230 2701 2437 2749 sequitur*.

333 2813 360 2843 α)
380 2812 546 2845 intelh'gitur.
565 2826 583 2831 —
602 2813 726 2846 intelligit
744 2814 854 2838 codices.

333 2846 357 2879 β)
376 2847 456 2880 quod.
473 2861 492 2866 -
508 2848 579 2880 quod
597 2848 678 2872 etiam
696 2848 934 2873 ABCDEFGHKL.

332 2883 357 2915 γ)
371 2882 535 2915 formaliter.
554 2896 573 2901 —
591 2882 651 2907 Om.
666 2883 934 2915 ABCEFGHIKLpD.

1444 2813 1467 2845 δ)
1489 2814 1629 2838 Sciendum
1649 2817 1688 2837 est
1706 2816 1803 2838 tamen.
1822 2827 1839 2832 -
1859 2814 1913 2837 Sed
1931 2814 1993 2845 (om.
2007 2814 2039 2845 E)
2059 2817 2145 2838 tamen
2165 2814 2295 2838 sciendum
2316 2817 2353 2838 est
2372 2815 2439 2839 codi-

1391 2857 1441 2873 ces.
1459 2862 1479 2868 —
1497 2849 1574 2872 Iidem
1594 2856 1641 2880 pro
1658 2848 1785 2879 sequitur,
1805 2849 1981 2880 consequitur.

953 2961 1281 2994 Commentario.
1303 2961 1550 2994 Car-ainans
1572 2961 1768 2994 Caietam

308 3051 327 3071 N
358 3040 490 3071 articulo
519 3047 605 3072 sexto
636 3041 776 3072 eiusdem
804 3042 1210 3082 septuagesimaesecundae
1238 3052 1333 3082 quae-

281 3052 433 3120 Istionis,
458 3083 552 3115 habes
576 3084 654 3114 duas
677 3084 808 3124 regulas.
833 3085 939 3116 Altera
963 3092 1018 3123 est,
1043 3086 1131 3126 quod
1151 3085 1333 3116 commissio

277 3128 412 3168 peccati,
438 3134 468 3158 et
495 3127 627 3158 omissio
650 3127 772 3158 virtutis
803 3129 985 3168 oppositae,
1010 3139 1075 3159 non
1099 3129 1334 3169 distinguuntur

278 3171 380 3212 specie
405 3171 530 3207 morali,
557 3171 594 3201 de
617 3181 680 3211 qua
704 3178 750 3202 est
772 3181 885 3203 sermo.
902 3189 920 3195 -
936 3172 1043 3203 Altera
1066 3179 1121 3209 est,
1146 3173 1234 3213 quod
1262 3182 1333 3213 pec-

278 3222 346 3246 cata
369 3225 433 3246 non
458 3215 693 3254 distinguuntur
711 3214 814 3254 speeie
829 3216 1005 3246 secundum
1021 3216 1231 3247 diversitatem
1246 3226 1333 3256 prae-

278 3267 453 3299 ceptorum.
478 3259 518 3289 Et
540 3259 616 3289 haec
633 3258 774 3299 sequitur
795 3269 831 3288 ex
845 3258 956 3298 prima,
977 3266 1012 3290 ut
1027 3266 1122 3299 patet.
1147 3260 1231 3299 Quia
1246 3269 1333 3300 prae-

278 3310 367 3343 cepta
390 3302 575 3333 affirmativa
599 3302 712 3333 dantur
730 3302 768 3332 de
787 3302 907 3332 actibus
921 3302 1084 3338 virtutum.
1101 3302 1244 3342 negativa
1258 3313 1333 3334 vero

278 3348 316 3378 de
339 3347 460 3378 actibus
482 3346 649 3377 vitiorum:
675 3345 875 3377 committens
899 3352 1005 3376 autem
1025 3353 1131 3376 actum
1146 3346 1220 3383 vitii,
1238 3347 1334 3377 simul

277 3390 341 3431 agit
356 3397 465 3421 contra
480 3397 651 3430 utrumque
668 3396 879 3430 praeceptum,
895 3389 1124 3420 committendo
1141 3395 1247 3420 actum
1261 3400 1332 3430 pro-

278 3434 423 3470 hibitum,
448 3441 478 3464 et
497 3434 673 3464 omittendo
691 3440 796 3464 actum
811 3433 1011 3469 mandatum;
1036 3440 1066 3463 et
1081 3433 1113 3463 in
1130 3443 1194 3463 una
1209 3440 1332 3464 tantum

277 3478 395 3518 peccati
419 3478 521 3518 specie
544 3484 632 3508 errat.

1444 3042 1479 3073 11.
1505 3042 1540 3072 In
1564 3042 1677 3072 eodem
1700 3042 1847 3078 articulo,
1872 3049 1947 3072 nota
1973 3041 2126 3072 rationem
2155 3041 2313 3081 duplicem
2335 3042 2367 3072 in
2391 3052 2439 3073 re-

1388 3085 1558 3126 sponsione
1582 3086 1622 3115 ad
1645 3085 1828 3121 secundum,
1853 3094 1948 3125 quare
1971 3092 2096 3124 peccata
2112 3095 2176 3114 non
2194 3085 2438 3116 diversificantur

1388 3130 1563 3159 secundum
1576 3129 1784 3159 diversitatem
1798 3135 2049 3168 praeceptorum:
2061 3128 2135 3168 quia
2147 3128 2433 3169 scilicetpeccatum

1388 3183 1450 3203 non
1473 3173 1566 3203 habet
1588 3173 1719 3212 speciem
1743 3182 1784 3202 ex
1800 3177 1896 3211 parte
1919 3172 2103 3202 aversionis.
2120 3171 2161 3202 Et
2183 3171 2316 3203 intendit
2336 3173 2436 3204 dicere

1387 3217 1484 3257 quod,
1501 3216 1575 3256 quia
1599 3225 1664 3245 esse
1689 3222 1795 3245 contra
1817 3215 1928 3254 legem,
1949 3225 2003 3244 seu
2027 3215 2103 3255 legis
2119 3223 2331 3256 praeceptum,
2349 3218 2435 3257 quod

1386 3260 1471 3290 idem
1494 3267 1555 3295 est,
1585 3265 1702 3298 spectat
1729 3259 1767 3288 ad
1795 3258 1990 3288 aversionem
2020 3258 2138 3298 peccati
2160 3257 2322 3301 (avertitur
2351 3261 2436 3290 enim

1387 3313 1518 3342 peccans
1542 3313 1559 3332 a
1581 3301 1663 3341 lege,
1687 3311 1743 3332 nec
1767 3311 1822 3342 per
1844 3312 1876 3332 se
1904 3302 2036 3332 intendit
2063 3309 2170 3333 contra
2192 3303 2294 3343 legem
2318 3304 2434 3340 facere,

1387 3346 1467 3376 sicut
1481 3355 1537 3376 nec
1549 3345 1724 3375 inordinate
1739 3345 1848 3382 facere,
1859 3352 1895 3376 ut
1908 3345 2103 3385 praedictum
2116 3353 2162 3377 est
2170 3345 2214 3388 *);
2232 3354 2262 3378 et
2272 3355 2471 3387 peccatum·

1386 3399 1451 3419 non
1466 3389 1558 3419 habet
1573 3388 1707 3428 speciem
1725 3398 1760 3418 ex
1776 3396 1862 3428 parte
1877 3389 2064 3420 aversionis:
2086 3390 2158 3420 ideo
2175 3390 2333 3422 diversitas
2349 3401 2435 3432 prae—

1387 3439 1550 3482 ceptorum
1574 3442 1639 3462 non
1663 3431 1847 3463 diversificat
1857 3432 1997 3483 speciem
2013 3440 2223 3473 peccatorum.
2249 3435 2336 3466 Sicut
2351 3434 2434 3465 enim

1385 3476 1459 3516 quia
1482 3476 1602 3506 aversio
1626 3485 1691 3506 non
1714 3477 1767 3506 dat
1783 3476 1918 3516 speciem
1937 3483 2076 3517 peccat0,
2093 3477 2251 3509 diversitas
2267 3478 2434 3509 aversionis

2469 1602 2476 1609 ·
2493 1600 2515 1621 In
2533 1605 2638 1626 corpore.

2563 2593 2576 2618 ὃ

2466 2706 2518 2727 ·Ι).
2533 2706 2582 2734 673,
2598 2706 2663 2728 1060.

2486 3356 2536 3376 Art.
2552 3361 2568 3376 1.
