2840 4010
143 1286 152 1295 ·
170 1286 220 1307 Art.
237 1292 259 1313 9,
281 1285 351 1307 Com-

142 1316 212 1334 ment.
233 1318 297 1334 num.
312 1318 350 1333 vu.

139 1725 150 1735 ⁸
165 1724 233 1745 Vers.
249 1730 278 1752 13·

151 3452 197 3474 ⁸Cf.
204 3458 242 3480 qu.
249 3459 309 3479 Lxxt,
317 3455 357 3474 art.

386 170 431 205 58
1032 170 1294 215 QUAESTIO
1325 170 1496 215 LXXVI,
1526 171 1820 209 ARTICULUS
1849 172 1900 209 IV

382 255 581 296 peccatum
611 256 665 285 est
693 261 714 284 a
741 254 751 269 ⁵
780 248 907 285 sobrio
937 248 1091 284 homine
1130 247 1288 293 factum,
1319 259 1434 294 quam

383 300 413 336 si
440 301 506 337 fiat
534 302 580 337 ab
602 301 718 346 ebrio,
739 300 913 349 quamvis
942 301 1035 335 haec
1055 299 1127 335 sint
1155 299 1231 335 duo
1260 306 1434 346 peccata:

383 353 470 401 quia
499 353 658 389 ebrietas
685 354 769 411 plus
798 351 970 389 diminuit
999 351 1045 387 de
1075 351 1218 387 ratione
1247 351 1436 399 sequentis

380 405 536 453 peccati,
567 418 681 454 quam
711 405 756 440 sit
784 416 850 440 sua
877 403 1050 450 gravitas.

434 459 492 493 An
520 469 678 494 TERTIUM
707 467 888 493 DICENDUM
918 456 1021 503 quod
1050 455 1212 492 verbum
1241 453 1435 493 Ambrosii

381 517 505 557 potest
533 509 682 556 intelligi
712 509 757 544 de
787 507 996 555 ignorantia
1015 508 1232 555 simpliciter
1251 509 1434 546 affectata.

381 563 450 598 Vel
478 569 601 609 potest
628 560 777 607 intelligi
805 561 843 596 in
871 572 1008 607 genere
1036 561 1181 609 peccati
1208 561 1435 609 ingratitudi-

382 614 450 660 nis,
480 614 518 650 in
542 625 616 662 qua
635 625 807 649 summus
826 613 964 660 gradus
985 621 1039 649 est
1059 614 1162 661 quod
1181 614 1300 650 homo
1322 614 1434 651 etiam

382 665 566 701 beneficia
586 677 663 701 non
688 673 943 712 recognoscat.
973 666 1043 702 Vel
1068 673 1191 714 potest
1215 666 1365 714 intelligi
1389 667 1436 703 de

381 717 589 764 ignorantia
618 717 857 765 infidelitatis,
887 730 984 766 quae
1013 719 1302 756 fundamentum
1331 718 1436 767 spiri-

380 770 487 806 tualis
516 770 676 807 aedificii
705 770 899 807 subvertit.

433 824 491 859 AD
512 835 683 865 QUARTUM
702 835 886 860 D1CENDUM
902 823 1006 871 quod
1027 823 1152 860 ebrius
1172 830 1337 859 meretur
1356 822 1436 870 qui-

1493 247 1581 284 dem
1611 248 1778 296 duplices
1805 251 2100 299 maledictiones,
2120 261 2275 301 propter
2298 253 2374 290 duo
2394 260 2556 300 peccata

1492 312 1588 348 quae
1619 301 1832 348 committit,
1862 303 2001 339 scilicet
2028 304 2244 341 ebrietatem
2275 313 2310 342 et
2337 305 2438 341 aliud
2459 317 2547 353 pec-

1492 359 1617 389 catum
1633 354 1738 402 quod
1754 365 1798 389 ex
1814 354 1991 391 ebrietate
2008 356 2186 403 sequitur.
2208 358 2357 393 Tamen
2373 356 2544 404 ebrietas,

1491 404 1634 441 ratione
1667 406 1899 453 ignorantiae
1936 407 2154 454 adiunctae,
2185 408 2357 446 diminuit
2384 421 2546 457 sequens

1489 466 1708 506 peccatum:
1740 466 1775 495 et
1802 460 1896 495 forte
1924 459 2009 507 plus
2033 466 2153 507 ‘quam
2173 460 2218 496 sit
2240 461 2401 508 gravitas
2429 461 2545 510 ipsius

1492 510 1689 557 ebrietatis,
1710 519 1751 547 ut
1771 511 1911 548 dictum
1933 519 1987 548 est
2005 511 2034 547 ³¹⁶.
2057 533 2081 539 -
2101 513 2170 548 Vel
2198 520 2322 560 potest
2350 513 2420 550 dici
2440 513 2545 561 quod
2571 523 2583 535 *

1490 562 1580 598 illud
1608 564 1770 600 verbum
1803 564 1991 601 inducitur
2024 565 2234 601 secundum
2267 565 2544 602 ordinationem

1491 615 1688 651 cuiusdam
1717 616 1848 652 Pittaci
1875 617 2103 664 legislatoris,
2134 617 2197 665 qui
2219 617 2344 653 statuit
2362 618 2494 663 ebrios,
2513 617 2547 653 si

1483 668 1750 714 percusserint,
1780 669 1939 717 amplius
1960 670 2190 718 puniendos,·
2217 681 2291 706 non
2319 670 2371 705 ad
2395 669 2543 706 veniam

1490 720 1699 766 respiciens,
1715 732 1829 768 quam
1848 722 1943 758 ebrii
1954 723 2086 759 debent
2103 723 2227 772 magis
2241 723 2396 766 habere;
2413 722 2480 758 sed
2495 721 2546 759 ad

1491 772 1693 817 utilitatem,
1715 773 1802 819 quia
1815 773 1972 820 plures*
1992 775 2219 811 iniuriantur
2237 775 2331 811 ebrii
2354 786 2467 822 quam
2486 785 2543 810 so-

1490 824 1580 868 hrii;
1595 832 1634 860 ut
1648 831 1751 872 patet
1769 837 1837 872 per
1856 826 2144 875 Philosophum,
2160 828 2197 863 in
2215 829 2244 863 ΙΙ
2261 825 2541 863 Politicorum*.

431 942 452 974 ε)
472 950 497 966 α.
515 955 535 961 -
551 943 575 967 si
592 943 628 967 sit
646 950 662 967 a
681 943 725 967 Pa.
744 956 762 961 -
780 943 893 967 Eaedem
912 947 970 974 post
989 942 1060 966 ebrio
1080 941 1177 965 addunt
1194 940 1305 965 homine.

1542 940 1567 973 ζ)
1583 942 1683 973 plures.
1702 955 1720 960 -
1733 942 1837 974 pluries
1856 943 1947 972 PKLa,
1966 952 2019 968 om.
2037 945 2057 969 Ι.

1049 1019 1377 1051 Commentario.
1401 1017 1648 1051 cardinatis
1671 1020 1870 1053 Caietam

409 1120 429 1139 N
452 1109 582 1139 articulo
607 1115 728 1149 quarto,
745 1109 778 1138 in
802 1108 883 1138 calce
900 1107 1040 1147 corporis
1060 1107 1189 1142 articuli,
1207 1106 1341 1136 dubium
1357 1105 1435 1136 diffi-

383 1121 467 1183 Icile
491 1153 625 1183 occurrit
649 1153 686 1182 de
710 1151 811 1192 specie
835 1151 953 1191 peccati
969 1151 1057 1191 quod
1075 1150 1110 1181 fit
1126 1161 1162 1180 ex
1181 1150 1373 1189 ignorantia:
1394 1160 1433 1180 an

380 1197 496 1227 scilicet
519 1197 557 1226 sit
581 1196 722 1226 eiusdem
750 1195 863 1235 speciei
887 1195 919 1224 in
943 1205 1005 1234 qua
1033 1201 1113 1224 esset
1136 1194 1161 1224 si
1184 1193 1270 1224 fieret
1294 1194 1433 1224 scienter.

379 1241 420 1271 Et
443 1240 520 1270 ratio
545 1240 640 1275 dubii,
661 1239 735 1279 quia
754 1239 872 1279 species
891 1239 1010 1278 peccati
1025 1238 1160 1268 sumitur
1176 1248 1212 1268 ex
1230 1248 1286 1277 per
1301 1248 1333 1268 se
1350 1238 1434 1268 obie-

380 1291 429 1314 cto
446 1284 565 1314 intento
582 1294 599 1313 a
615 1290 771 1323 peccante,
789 1289 824 1312 ut
839 1283 872 1312 in
888 1293 942 1322 qu.
958 1293 1040 1312 Lxxn
1054 1282 1071 1302 *
1094 1282 1238 1322 superius
1255 1288 1348 1322 patet.
1373 1282 1434 1312 Sed

379 1338 415 1358 ex
438 1327 613 1367 ignorantia
636 1337 767 1366 peccans
790 1337 856 1356 non
879 1326 978 1356 tendit
997 1336 1052 1366 per
1071 1326 1150 1356 sein
1167 1326 1326 1355 obiectum
1350 1326 1434 1356 illius

378 1372 512 1412 peccati,
538 1371 591 1401 sed
614 1381 669 1410 per
692 1370 851 1406 accidens,
876 1377 911 1400 ut
934 1370 964 1400 in
989 1370 1089 1401 littera
1112 1370 1170 1400 hac
1199 1369 1320 1400 dicitur.
1349 1370 1433 1409 Ergo

378 1426 510 1455 peccans
533 1425 569 1445 ex
592 1414 767 1454 ignorantia
792 1424 857 1444 non
880 1421 987 1454 peccat
1014 1414 1066 1444 illa
1097 1414 1198 1454 specie
1228 1413 1347 1454 peccati
1371 1424 1434 1454 qua

378 1466 518 1499 peccaret
541 1458 684 1488 faciendo
707 1458 792 1488 idem
817 1458 925 1488 sciens.

436 1504 471 1533 In
495 1502 680 1543 oppositum
704 1509 810 1532 autem
834 1509 880 1532 est
902 1502 975 1542 quia
996 1501 1074 1531 nihil
1088 1508 1133 1532 est
1155 1501 1188 1531 in
1211 1511 1323 1541 genere
1346 1502 1435 1542 quod

378 1557 444 1577 non
467 1553 513 1577 est
535 1547 568 1576 in
591 1546 696 1586 aliqua
721 1546 787 1576 eius
811 1546 932 1585 specie:
957 1552 987 1576 et
1010 1552 1185 1585 propterea,
1202 1546 1227 1575 si
1247 1555 1378 1585 peccans
1398 1555 1434 1576 ex

377 1591 553 1631 ignorantia
572 1600 638 1620 non
653 1590 782 1620 incurrit
797 1596 961 1629 peccatum
984 1589 1067 1619 illius
1092 1589 1214 1629 speciei,
1233 1589 1289 1620 erit
1305 1589 1435 1630 aliquod

378 1641 542 1675 peccatum
565 1634 597 1664 in
621 1634 708 1664 nulla
737 1633 856 1672 specie;
888 1643 953 1663 non
982 1640 1027 1663 est
1058 1633 1141 1663 enim
1170 1633 1271 1663 maior
1294 1633 1372 1663 ratio
1396 1633 1435 1663 de

378 1689 441 1709 una
465 1688 562 1718 quam
586 1678 624 1707 de
648 1678 716 1713 alia,
740 1677 773 1707 in
796 1677 923 1717 reliquis
948 1677 1120 1717 speciebus.

432 1723 602 1758 Praeterea,
619 1722 735 1751 Paulus
751 1722 935 1761 Apostolus,
953 1722 964 1751 I
981 1721 1024 1751 ad
1043 1722 1121 1751 Tim.
1137 1732 1147 1751 1
1162 1721 1188 1758 *,
1209 1732 1245 1751 ex
1260 1721 1436 1761 ignorantia

378 1767 525 1807 peccavit.
547 1766 587 1796 Et
602 1772 708 1795 tamen
725 1765 838 1795 fatetur
853 1775 885 1795 se
900 1775 1044 1804 peccasse
1059 1765 1193 1804 peccatis
1209 1765 1350 1796 eiusdem
1367 1775 1435 1805 spe-

379 1811 435 1841 ciei
451 1820 485 1840 ac
502 1810 526 1840 si
546 1810 685 1845 scienter,
700 1809 805 1840 dicens
820 1810 907 1849 quod
915 1809 974 1849 sui
990 1809 1191 1849 blasphemus
1205 1815 1234 1839 et
1246 1815 1436 1850 persecutor

378 1860 407 1885 et
435 1854 701 1885 contumeliosus:
730 1853 950 1893 distinguendo
979 1863 1116 1894 namque
1144 1860 1287 1894 peccata,
1315 1853 1348 1884 in
1375 1853 1435 1884 illis

379 1898 542 1939 speciebus
566 1907 709 1937 peccasse
733 1907 765 1927 se
788 1897 936 1927 insinuat.

434 1943 471 1972 II.
495 1942 546 1972 Ad
570 1941 758 1971 evidentiam
781 1941 875 1971 huius
899 1940 996 1977 dubii,
1021 1941 1184 1971 sciendum
1206 1948 1252 1971 est
1274 1942 1362 1982 quod
1378 1942 1435 1972 du—

379 1987 450 2026 plex
473 1992 519 2016 est
541 1985 717 2025 ignorantia
732 1985 926 2015 voluntaria:
951 1995 1015 2015 una
1036 1986 1160 2025 privans
1176 1995 1272 2015 usum
1295 1985 1434 2022 rationis,

378 2038 414 2061 ut
437 2030 565 2060 ebrietas
582 2036 612 2060 et
627 2029 771 2065 amentia,
796 2029 924 2069 quando
948 2029 1019 2069 quis
1043 2036 1224 2069 procuraret
1246 2029 1434 2066 amentiam;

379 2074 473 2104 altera
496 2073 620 2114 privans
640 2073 706 2103 sola
722 2073 848 2103 scientia
863 2073 930 2103 eius
950 2073 1039 2113 quod
1055 2080 1178 2103 tenetur
1193 2073 1280 2104 scire.
1304 2074 1345 2104 Et
1359 2074 1436 2104 haec

379 2125 425 2148 est
447 2118 579 2158 duplex:
608 2117 723 2147 scilicet
749 2117 926 2156 ignorantia
956 2117 1047 2153 iuris,
1073 2117 1136 2147 sive
1164 2117 1348 2147 universalis
1371 2117 1435 2148 sive

378 2161 587 2202 particularis,
612 2168 648 2191 ut
670 2161 799 2202 quando
822 2161 893 2201 quis
917 2161 1014 2191 nescit
1037 2161 1122 2191 hunc
1146 2168 1251 2191 actum
1275 2171 1341 2191 esse
1364 2171 1435 2201 pec-

379 2213 502 2241 catum;
527 2212 556 2235 et
579 2205 754 2244 ignorantia
777 2204 859 2241 facti,
884 2211 919 2235 ut
937 2205 1065 2245 quando
1085 2205 1156 2245 quis
1180 2205 1287 2241 nescit,
1307 2215 1364 2235 sua
1383 2215 1436 2236 ne-

379 2250 535 2290 gligentia,
551 2249 715 2279 hominem
739 2258 805 2278 esse
828 2249 861 2278 in
877 2249 949 2279 loco
966 2259 1031 2288 quo
1047 2249 1171 2289 proiicit
1185 2249 1338 2288 sagittam.
1362 2249 1435 2280 Pec-

380 2301 447 2324 cata
462 2300 568 2324 autem
583 2293 663 2323 facta
678 2303 714 2323 ex
730 2292 906 2332 ignorantia
921 2293 1006 2328 iuris,
1021 2300 1094 2324 sunt
1110 2293 1262 2333 duplicia:
1280 2294 1436 2334 quaedam

380 2338 554 2368 secundum
578 2347 610 2367 se
633 2337 725 2373 mala,
748 2344 783 2367 ut
799 2337 974 2373 fornicatio,
998 2336 1118 2367 furtum
1139 2343 1169 2368 et
1188 2337 1317 2373 similia;
1342 2347 1435 2378 quae-

381 2382 454 2411 dam
477 2381 546 2411 solo
571 2380 645 2411 iuris
669 2380 796 2421 positivi
812 2387 928 2411 statuto
947 2381 1038 2417 mala,
1055 2388 1091 2411 ut
1106 2381 1245 2411 ieiunare
1261 2381 1314 2412 tali
1330 2381 1389 2418 die,
1406 2387 1437 2412 et

380 2425 503 2456 similia.

438 2469 618 2500 Inchoando
650 2475 755 2498 autem
784 2479 801 2498 a
824 2468 957 2508 peccatis
985 2478 1067 2508 quae
1095 2475 1169 2499 sunt
1198 2448 1373 2499 secundum
1404 2478 1436 2499 se

381 2514 472 2549 mala,
498 2521 528 2544 et
549 2512 630 2543 fiunt
653 2523 689 2542 ex
711 2512 888 2552 ignorantia
910 2512 996 2548 iuris,
1014 2513 1183 2543 dicendum
1199 2519 1245 2543 est
1260 2513 1347 2553 quod
1363 2520 1437 2544 sunt

381 2563 506 2597 peccata
530 2557 671 2587 eiusdem
698 2556 811 2596 speciei
844 2556 932 2586 cuius
963 2563 1066 2587 essent
1089 2557 1114 2586 si
1137 2556 1246 2587 fierent
1269 2567 1287 2587 a
1311 2557 1434 2588 sciente.

381 2602 422 2631 Et
444 2601 522 2631 ratio
547 2607 592 2631 est
615 2601 702 2640 quod
719 2608 792 2631 sunt
808 2607 894 2630 actus
909 2600 1078 2630 voluntarii
1101 2601 1134 2630 in
1153 2601 1261 2640 seipsis
1281 2611 1336 2641 per
1358 2610 1390 2631 se
1407 2607 1437 2631 et

381 2645 504 2681 directe,
529 2654 594 2674 non
618 2644 723 2674 solum
746 2644 953 2680 materialiter,
979 2645 1033 2674 sed
1056 2644 1237 2680 formaliter,
1262 2646 1436 2675 secundum

382 2688 622 2719 conversionem
646 2688 684 2717 ad
709 2688 882 2718 obiectum:
907 2688 1051 2728 quamvis
1076 2689 1251 2718 secundum
1271 2688 1436 2718 contrarie-

381 2740 478 2763 tatem
501 2732 540 2762 ad
562 2732 720 2767 virtutem,
740 2732 888 2762 indirecte
906 2739 936 2762 et
952 2742 1007 2771 per
1023 2732 1165 2762 accidens
1182 2732 1243 2762 sint
1257 2732 1436 2763 voluntarii.

382 2777 521 2807 Gentiles
543 2785 680 2816 namque
711 2776 880 2806 nescientes
910 2775 1085 2815 simplicem
1108 2776 1348 2807 fornicationem
1371 2786 1437 2806 esse

382 2827 564 2860 peccatum,
589 2819 764 2850 voluntarie
792 2819 1027 2850 consentiebant
1057 2820 1090 2850 in
1118 2827 1225 2850 actum
1249 2819 1437 2859 cognitionis

382 2864 522 2894 mulieris
545 2873 610 2894 non
634 2873 708 2894 suae
732 2863 848 2899 uxoris,
873 2864 956 2893 unde
980 2863 1115 2894 sumitur
1138 2863 1352 2895 fornicationis
1367 2874 1437 2905 spe—

383 2908 462 2938 cies:
487 2907 631 2948 quamvis
654 2907 734 2937 forte
758 2907 854 2948 aliqui
878 2917 999 2943 eorum,
1021 2907 1046 2937 si
1063 2907 1223 2938 scivissent
1245 2918 1311 2938 esse
1331 2917 1438 2948 pecca-

383 2959 462 2988 tum,
486 2962 552 2982 non
575 2951 734 2987 fecissent;
760 2957 790 2981 et
813 2951 856 2981 sic
879 2961 944 2981 non
969 2951 1081 2981 directe
1106 2958 1135 2982 et
1158 2961 1214 2991 per
1237 2962 1278 2988 se,
1304 2952 1357 2982 sed
1383 2961 1438 2992 per

383 2996 533 3032 accidens,
551 2996 583 3025 in
600 3002 705 3025 actum
720 2995 810 3025 illum
829 3005 865 3024 ex
884 3002 970 3034 parte
986 2995 1210 3026 contrarietatis
1225 2996 1264 3025 ad
1279 2995 1436 3032 virtutem,

384 3040 621 3070 consensissent.
651 3039 691 3070 Et
714 3039 775 3069 hoc
798 3039 896 3069 modo
921 3039 1036 3070 Paulus
1065 3039 1223 3070 consensit
1245 3040 1278 3069 in
1302 3046 1438 3070 mortem

385 3083 532 3123 Stephani
556 3082 733 3114 confitentis
758 3083 861 3113 Iesum
884 3083 1092 3119 Nazarenum,
1117 3084 1201 3113 unde
1220 3083 1317 3113 sumit
1331 3093 1438 3123 pecca-

385 3133 452 3156 tum
477 3127 631 3167 speciem:
655 3126 798 3167 quamvis
818 3137 882 3157 non
899 3127 957 3156 nisi
970 3136 1025 3166 per
1039 3126 1181 3157 accidens
1201 3127 1392 3157 consenserit
1406 3127 1438 3157 in

386 3171 634 3201 contrarietatem
661 3171 705 3201 illi
730 3170 812 3201 actui
835 3170 1047 3207 intrinsecam,
1072 3180 1169 3211 quam
1192 3170 1218 3200 si
1242 3171 1439 3210 cognovisset

386 3214 502 3249 adesse,
526 3224 591 3244 non
616 3215 823 3245 consensisset
846 3214 938 3245 actui.
963 3214 1004 3244 Et
1026 3214 1127 3244 simile
1152 3220 1197 3244 est
1220 3215 1258 3244 de
1277 3214 1353 3245 aliis.

441 3258 505 3287 Nec
528 3260 647 3288 Auctor
670 3265 714 3288 est
737 3258 903 3298 oppositus
927 3258 984 3288 sibi
1008 3258 1085 3297 ipsi:
1111 3258 1165 3288 sed
1180 3264 1254 3289 sunt
1271 3259 1364 3288 verba
1383 3267 1440 3288 sua

387 3299 559 3330 formaliter
577 3301 784 3341 intelligenda.
808 3303 882 3333 Non
899 3303 983 3333 enim
998 3302 1072 3332 dicit
1086 3302 1137 3332 hic
1152 3302 1241 3343 quod
1255 3312 1320 3332 non
1336 3308 1440 3342 potest

388 3344 448 3374 dici
471 3344 558 3384 quod
580 3345 726 3375 voluntas
756 3346 910 3386 peccantis
934 3356 970 3376 ex
993 3346 1167 3386 ignorantia
1195 3346 1309 3377 directe
1333 3352 1363 3376 et
1386 3356 1440 3386 per

387 3397 420 3417 se
443 3386 558 3418 feratur
581 3389 611 3417 in
635 3390 766 3427 speciem
785 3391 919 3429 peccati,
944 3391 997 3420 sed
1021 3391 1052 3420 in
1071 3395 1248 3430 peccatum.
1272 3391 1437 3420 Peccatum

387 3431 472 3461 enim
488 3431 668 3466 formaliter,
692 3442 764 3462 cum
788 3443 823 3462 ex
846 3434 971 3473 propria
991 3434 1110 3464 ratione
1127 3434 1227 3474 exigat
1243 3433 1439 3464 contrarieta-

386 3482 451 3505 tem
466 3475 505 3505 ad
520 3475 622 3515 legem
641 3475 708 3511 Dei,
729 3482 764 3506 ut
779 3483 863 3515 patet
880 3487 915 3506 ex
932 3476 1112 3508 definitione
1131 3477 1300 3518 Augustini
1315 3475 1340 3514 ⁸¹,
1365 3484 1440 3508 tunc

1487 1113 1611 1137 tantum
1635 1114 1681 1138 est
1704 1108 1816 1139 directe
1841 1116 1871 1139 et
1893 1120 1949 1149 per
1972 1120 2003 1140 se
2026 1111 2169 1147 volitum,
2195 1113 2350 1152 cumipse
2366 1120 2453 1144 actus
2470 1123 2544 1144 con-

1488 1151 1599 1180 trarius
1623 1158 1669 1182 est
1693 1152 1805 1183 directe
1829 1160 1860 1183 et
1878 1163 1933 1193 per
1951 1164 1984 1184 se
1999 1155 2125 1191 volitus,
2142 1155 2183 1185 ita
2202 1157 2289 1196 quod
2304 1166 2368 1186 non
2384 1157 2423 1187 sit
2441 1167 2496 1197 per
2512 1166 2543 1187 se

1487 1194 1603 1224 volitus
1628 1202 1714 1226 actus
1738 1197 1793 1236 qui
1814 1204 1859 1227 est
1875 1198 2057 1234 contrarius,
2076 1199 2128 1228 sed
2145 1206 2231 1229 actus
2251 1200 2433 1231 contrarius.
2459 1200 2544 1231 Con-

1488 1245 1548 1268 stat
1564 1245 1670 1269 autem
1683 1241 1770 1290 quod
1786 1240 1866 1270 inter
1881 1240 2123 1272 fornicationem
2140 1243 2389 1274 committentem
2405 1254 2441 1274 ex
2456 1244 2544 1284 igno-

1487 1282 1585 1312 rantia
1609 1284 1696 1323 quod
1720 1284 1759 1314 sit
1781 1291 1954 1324 peccatum,
1980 1293 2010 1316 et
2033 1286 2172 1322 scienter,
2196 1287 2272 1317 haec
2295 1294 2341 1318 est
2364 1287 2543 1324 differentia,

1488 1326 1576 1366 quod
1600 1327 1698 1357 sciens
1722 1328 1899 1358 voluntarie
1921 1328 2049 1359 fertur
2041 1340 2074 1359 111
2098 1337 2203 1360 actum
2220 1330 2412 1361 contrarium
2431 1331 2545 1362 directe

1489 1376 1519 1400 et
1541 1380 1596 1410 per
1620 1381 1669 1407 se,
1694 1372 1751 1402 scit
1775 1372 1860 1402 enim
1884 1379 1989 1403 actum
2012 1373 2103 1404 illurn
2128 1384 2193 1404 esse
2218 1374 2410 1405 contrarium
2427 1375 2543 1412 virtuti,

1488 1420 1518 1444 et
1541 1423 1769 1455 consequenter
1790 1416 1860 1456 legi,
1883 1423 1913 1447 et
1931 1417 1999 1447 vult
2012 1417 2122 1447 illum:
2146 1419 2293 1458 ignorans
2310 1425 2417 1449 autem
2431 1419 2545 1450 volun-

1487 1458 1562 1488 tarie
1585 1459 1699 1489 directe
1723 1466 1753 1490 et
1775 1470 1830 1499 per
1853 1470 1885 1490 se
1909 1460 2006 1491 fertur
2028 1461 2061 1491 in
2085 1468 2191 1492 actum
2214 1462 2270 1502 qui
2293 1469 2340 1492 est
2362 1461 2544 1513 contradus,

1488 1508 1519 1532 et
1533 1511 1590 1541 per
1605 1503 1771 1533 accidens
1763 1514 1795 1533 in
1812 1511 1918 1534 actum
1934 1503 2136 1536 contrarium.
2161 1506 2202 1536 Et
2216 1513 2381 1546 propterea
2396 1506 2429 1536 in
2444 1505 2545 1537 littera

1488 1545 1600 1576 dicitur
1629 1548 1717 1587 quod
1740 1557 1796 1587 per
1819 1548 1961 1579 accidens
1989 1548 2086 1579 fertur
2112 1550 2144 1579 in
2171 1557 2346 1589 peccatum.
2370 1549 2457 1581 Cum
2483 1550 2546 1582 hoc

1488 1590 1573 1620 enim
1597 1598 1719 1621 constat
1741 1592 1829 1631 quod
1852 1602 1908 1632 per
1931 1602 1963 1622 se
1987 1592 2102 1623 feratur
2124 1593 2162 1623 in
2177 1593 2346 1631 obiectum,
2370 1594 2455 1624 unde
2474 1603 2546 1634 pec-

1489 1640 1595 1664 catum
1618 1635 1714 1666 sumit
1738 1635 1883 1675 speciem,
1909 1643 1944 1666 ut
1966 1643 2066 1676 patet:
2091 1636 2210 1676 species
2233 1637 2316 1668 enim
2341 1638 2459 1678 peccati
2477 1647 2545 1669 non

1489 1678 1624 1708 sumitur
1647 1689 1683 1709 ex
1706 1679 1930 1716 contrarietate,
1956 1681 2009 1710 sed
2034 1691 2070 1710 ex
2093 1681 2234 1718 obiecto;
2260 1681 2340 1712 sicut
2355 1691 2412 1712 nec
2427 1682 2550 1724 species

1487 1722 1548 1752 albi
1573 1722 1708 1752 sumitur
1730 1733 1766 1753 ex
1790 1724 2005 1754 contrarietate
2022 1725 2060 1754 ad
2077 1725 2212 1764 nigrum,
2231 1726 2286 1755 sed
2301 1735 2338 1755 ex
2352 1725 2545 1774 abundantia

1488 1766 1567 1797 lucis
1589 1766 1622 1796 in
1646 1776 1688 1797 se.

1546 1810 1596 1840 III.
1621 1810 1661 1840 Et
1685 1821 1758 1840 cum
1781 1811 1856 1841 haec
1879 1811 1998 1851 legeris,
2023 1812 2147 1842 adverte
2163 1813 2260 1863 ‘quod
2282 1823 2348 1843 non
2370 1813 2490 1854 loquor
2504 1813 2544 1844 de

1489 1854 1660 1890 aversione,
1685 1865 1766 1894 quae
1790 1855 1931 1895 sequitur
1953 1856 2071 1895 peccati
2087 1857 2234 1896 speciem,
2252 1856 2406 1898 quoniam
2420 1857 2474 1888 illa
2488 1866 2545 1898 per

1489 1898 1630 1928 accidens
1655 1898 1747 1928 etiam
1768 1898 1899 1929 scienter
1918 1899 2119 1940 peccantibus
2143 1908 2188 1931 est
2209 1900 2321 1932 volita:
2346 1901 2400 1931 sed
2423 1907 2546 1951 contra-

1489 1941 1595 1972 rietate
1618 1941 1783 1972 intrinseca
1806 1943 1865 1982 ipsi
1889 1950 2028 1983 peccato
2049 1954 2111 1984 qua
2128 1951 2174 1975 est
2189 1951 2276 1975 actus
2293 1944 2465 1975 contrarius
2484 1937 2544 1975 vir-

1488 1985 1557 2016 tuti.
1582 1986 1669 2016 Haec
1685 1986 1770 2016 enim
1787 1997 1804 2016 a
1820 1987 1951 2017 scienter
1965 1995 2113 2027 peccante
2129 1995 2176 2018 est
2191 1988 2304 2019 directe
2319 1995 2350 2018 et
2367 1998 2424 2028 per
2439 1998 2472 2019 se
2486 1997 2544 2019 vo-

1488 2029 1558 2059 lita:
1583 2030 1621 2059 ab
1644 2029 1823 2069 ignoranter
1846 2037 1952 2061 autem
1969 2038 2097 2067 errante,
2123 2042 2178 2072 per
2201 2032 2352 2068 accidens,
2373 2032 2542 2072 tripliciter.

1488 2073 1605 2109 Primo,
1623 2083 1659 2103 ex
1675 2080 1761 2113 parte
1785 2081 1888 2105 actus:
1914 2075 1988 2115 quia
2005 2083 2050 2106 est
2064 2075 2162 2106 volita
2181 2076 2220 2106 ad
2235 2076 2423 2107 volitionem
2446 2081 2543 2107 actus.

1488 2135 1509 2140 —
1525 2117 1681 2154 Secundo,
1707 2128 1743 2148 ex
1765 2125 1852 2158 parte
1874 2118 2067 2158 ignorantiae
2089 2119 2299 2158 voluntariae}
2325 2119 2400 2160 quia
2422 2119 2456 2150 in
2477 2119 2546 2160 ἱρῷ
2571 2130 2573 2141 ¹

1487 2161 1584 2191 volita
1608 2168 1681 2191 sunt
1703 2161 1793 2192 voliti
1823 2172 1934 2192 omnes
1967 2162 2033 2193 eius
2063 2163 2205 2200 effectus,
2229 2173 2370 2204 quorum
2393 2173 2477 2195 unus
2500 2169 2548 2200 est

1487 2205 1644 2235 incurrere
1674 2205 1706 2235 in
1736 2206 1797 2236 hoc
1821 2206 2022 2237 contrarium.
2054 2206 2141 2237 Sicut
2172 2207 2345 2238 necessario
2368 2206 2545 2238 voluntarie

1489 2249 1589 2279 oculis
1612 2249 1742 2285 velatus,
1766 2250 1862 2280 vult
1855 2261 1887 2280 m
1903 2261 1960 2280 sua
1983 2261 2075 2281 causa
2095 2250 2251 2291 quidquid
2273 2251 2354 2282 male
2369 2251 2441 2282 inde
2455 2244 2552 2292 sequi}

1489 2300 1599 2323 natum
1615 2300 1677 2324 est:
1702 2294 1786 2324 unde
1810 2293 1835 2324 si
1858 2294 2013 2334 impingat
2034 2295 2067 2324 in
2091 2294 2243 2325 laesivum
2261 2295 2408 2336 aliquod,
2431 2295 2551 2326 voluti«

1488 2337 1563 2367 tarie
1579 2337 1725 2377 impingit
1747 2338 1910 2368 voluntate
1926 2348 2000 2368 suae
2025 2348 2145 2375 causae,
2170 2338 2285 2370 scilicet
2306 2338 2557 2375 velationis‚⁷vel‘i

1488 2381 1582 2411 velati
1593 2381 1742 2412 incessus.
1750 2399 1771 2404 -
1781 2382 1901 2418 Tertio,
1914 2392 1950 2412 ex
1962 2389 2048 2422 parte
2062 2383 2314 2414 accidentalitatis
2326 2383 2359 2414 in
2374 2382 2443 2422 ipsa
2455 2383 2545 2423 igno-

1489 2425 1596 2455 rantia.
1621 2425 1661 2455 Et
1683 2425 1745 2455 hoc
1768 2426 1875 2466 quoad
1898 2426 1968 2456 illos
1987 2426 2043 2467 qui
2059 2426 2203 2457 nesciunt
2219 2437 2250 2457 se
2265 2427 2418 2466 ignorare,
2436 2426 2502 2467 qui,
2519 2426 2545 2458 si

1488 2469 1600 2499 scirent
1615 2479 1647 2499 se
1663 2469 1850 2508 ignorantes,
1868 2470 1977 2500 darent
1992 2479 2123 2510 operam
2139 2478 2173 2501 ut
2189 2470 2312 2501 scirent:
2330 2470 2363 2500 in
2378 2470 2443 2501 istis
2459 2470 2546 2501 enim

1489 2513 1583 2543 etiam
1606 2513 1712 2552 ipsum
1734 2513 1928 2552 ignorantiae
1947 2520 2111 2554 peccatum
2127 2521 2173 2545 est
2188 2514 2402 2545 voluntarium
2421 2523 2477 2554 per
2495 2523 2545 2544 ac-

1490 2557 1605 2593 cidens,
1630 2557 1710 2587 sicut
1732 2557 1843 2587 accidit
1865 2557 1898 2587 in
1920 2558 2020 2588 Paulo
2043 2558 2212 2597 Apostolo.

1545 2601 1597 2631 1v.
1622 2601 1670 2630 De
1693 2601 1827 2640 peccatis
1855 2608 1961 2631 autem
1985 2611 2065 2641 quae
2092 2601 2173 2632 fiunt
2195 2611 2231 2631 ex
2254 2601 2432 2632 voluntaria
2454 2601 2543 2641 igno»

1490 2644 1588 2675 rantia
1612 2645 1751 2684 privante
1775 2645 1909 2675 totaliter
1933 2655 2027 2675 usum
2051 2645 2189 2681 rationis,
2210 2645 2314 2686 qualia
2330 2652 2404 2676 sunt
2419 2652 2546 2686 peccata

1490 2688 1649 2718 ebriorum
1667 2695 1696 2718 et
1711 2689 1885 2718 amentium
1897 2688 2071 2719 voluntarie
2081 2688 2109 2725 *;
2126 2688 2227 2719 littera
2241 2689 2273 2719 in
2289 2689 2485 2729 praecedenti
2501 2699 2546 2720 ar-

1489 2732 1597 2768 ticulo,
1613 2732 1645 2762 in
1665 2732 1870 2772 responsione
1894 2733 1933 2762 ad
1957 2732 2116 2768 ultimum,
2135 2733 2239 2763 dicens
2259 2733 2348 2773 quod
2370 2733 2545 2772 ignorantia

1490 2776 1615 2816 privans
1638 2786 1733 2806 usum
1757 2776 1884 2806 rationis
1908 2776 2043 2806 totaliter
2066 2783 2191 2806 excusat
2213 2787 2230 2806 a
2254 2783 2339 2813 toto,
2365 2776 2545 2807 contrariari

1490 2820 1613 2850 videtur
1636 2819 1694 2850 sibi
1714 2820 1773 2859 ipsi
1789 2820 1849 2855 hic,
1865 2820 1904 2850 ad
1923 2820 2098 2850 secundum
2118 2827 2148 2851 et
2163 2826 2321 2860 quartum,
2342 2820 2456 2851 dicenti
2475 2830 2547 2860 pec-

1492 2870 1597 2895 catum
1626 2863 1779 2894 ebrietatis
1807 2863 1948 2894 minuere
1976 2871 2141 2904 peccatum
2165 2874 2299 2904 sequens
2330 2862 2439 2906 (quod
2461 2864 2547 2895 enim

1492 2907 1687 2943 diminuitur,
1711 2917 1776 2937 non
1800 2907 1934 2938 totaliter
1950 2906 2100 2950 tollitur);
2127 2915 2156 2938 et
2174 2918 2282 2938 rursus
2301 2907 2418 2939 ibidem
2433 2907 2547 2939 dicenti

1492 2952 1557 2982 duo
1581 2958 1707 2992 peccata
1730 2961 1796 2981 esse
1820 2951 2000 2982 ebrietatem
2023 2958 2053 2981 et
2076 2951 2284 2982 homicidium
2300 2961 2443 2993 sequens·
2467 2952 2548 2984 Sunt

1492 3005 1566 3036 ergo
1585 2995 1617 3025 in
1632 2995 1767 3035 propriis
1790 2995 1952 3045 speciebus
1976 3002 2101 3035 peccata
2117 2996 2294 3036 sequentia:
2319 3003 2374 3027 aut
2388 3001 2462 3027 sunt
2475 3005 2546 3036 pec-

1493 3046 1561 3070 cata
1575 3038 1608 3069 in
1624 3039 1710 3069 nulla
1725 3039 1838 3078 specie,
1855 3039 1944 3079 quod
1959 3046 2006 3069 est
2024 3039 2228 3079 impossibile.
2249 3040 2290 3070 Et
2305 3046 2390 3070 tenet
2405 3039 2544 3080 sequ.ela

1493 3083 1567 3124 quia
1590 3093 1627 3114 ex
1650 3092 1715 3123 quo
1745 3089 1819 3113 sunt
1846 3083 1989 3113 distincta
2012 3093 2029 3113 a
2053 3083 2155 3123 specie
2183 3093 2258 3114 suae
2282 3093 2409 3120 causae,
2433 3082 2555 3114 scffi'oet

1493 3126 1656 3162 ebrietatis,
1682 3136 1720 3156 eo
1743 3126 1814 3166 ipso
1838 3127 1926 3167 quod
1949 3133 2023 3157 sunt
2046 3128 2110 3157 duo
2135 3134 2273 3167 peccata,
2298 3134 2352 3158 aut
2366 3128 2399 3158 in
2413 3126 2548 3167 propriis

1493 3170 1665 3221 speciebus,
1691 3176 1745 3201 aut
1764 3170 1796 3200 in
1813 3170 1901 3200 nulla
1917 3178 2016 3202 erunt.
2029 3188 2050 3194 -
2067 3171 2186 3202 Contra
2201 3171 2262 3202 hoc
2278 3178 2384 3202 autem
2400 3177 2446 3201 est
2458 3170 2547 3211 quod

1493 3221 1579 3245 actus
1602 3214 1652 3245 isti
1675 3224 1741 3244 non
1765 3221 1839 3244 sunt
1856 3214 2035 3251 voluntarii,
2053 3222 2083 3245 et
2099 3222 2326 3256 consequenter
2341 3224 2398 3250 nec
2412 3213 2546 3244 morales

1493 3258 1638 3294 humani;
1663 3258 1807 3298 quamvis
1831 3258 1893 3288 sint
1914 3258 2063 3290 hominis.
2458 3255 2460 3257 ’

1549 3303 1588 3332 V.
1602 3303 1636 3332 ln
1648 3302 1706 3332 hac
1722 3302 1923 3341 ambiguitate
1938 3303 2113 3332 cavendum
2129 3309 2176 3333 est
2189 3303 2227 3332 ab
2244 3307 2546 3342 utroqueextremo:

1494 3353 1530 3377 ut
1545 3355 1601 3376 nec
1617 3346 1757 3376 dicamus
1772 3346 1957 3377 huiusmodi
1973 3346 2134 3386 sequentia
2156 3353 2287 3386 peccata*
2304 3353 2371 3375 esse
2393 3350 2476 3375 extra
2494 3354 2547 3384 ge-

1494 3400 1554 3420 nus
1578 3390 1684 3426 moris,
1710 3397 1745 3420 ut
1767 3389 1896 3430 quidam
1919 3390 2063 3420 videntur
2083 3390 2191 3424 dicere,
2217 3388 2446 3419 considerantes
2469 3388 2546 3420 istos

1495 3441 1582 3464 actus
1597 3434 1628 3464 in
1644 3434 1763 3474 seipsis,
1781 3440 1810 3464 et
1825 3440 1991 3474 propterea
2011 3433 2146 3464 dicentes
2162 3433 2250 3473 quod
2268 3431 2452 3463 huiusmodi
2471 3432 2547 3462 ebrii

1495 3484 1681 3508 excusantur
1704 3487 1721 3507 a
1744 3483 1812 3508 toto
1836 3477 1943 3518 quoad
1971 3477 2112 3516 culpam;
2137 3486 2193 3506 nec
2216 3475 2369 3506 fateamur
2391 3476 2547 3516 praedicta

2597 523 2622 544 In
2642 528 2703 551 resp.
2719 522 2748 544 ad
2762 528 2785 544 2.

2645 819 2703 861 '12¹oe
2705 819 2784 861 .⁰x'v‘'ix.

2572 2696 2581 2707 ·
2589 2695 2781 2722 Cf.num.11,init.
