2840 4010
0 3274 6 3283 ⁴-
0 3191 7 3255 -«--„
0 3086 11 3176 ιον-’,3
0 2886 10 3078 wvw-u--u

111 415 120 426 “
126 414 185 436 Vide
196 418 256 440 resp.
262 412 291 434 ad
298 419 322 439 ⁴·

205 828 238 851 η’)

120 1988 209 2011 ’Ver-
218 1994 236 2015 4
249 1994 300 2016 um-

1046 161 1312 208 QUAESTlO
1344 161 1428 205 C11,
1463 160 1755 196 ARTlCULUS
1784 159 1833 195 Vl
1858 163 1866 165 “

349 245 452 282 diam
483 243 595 281 etiam
616 243 714 279 circa
734 243 845 279 bruta
865 242 1052 288 animalia,
1074 241 1280 290 prohibens
1301 251 1417 288 quae-

350 298 440 336 dam
475 297 573 333 circa
605 296 782 333 animalia
817 295 901 332 fieri
939 307 1037 344 quae
1072 294 1120 331 ad
1158 292 1417 329 crudelitatem

349 350 543 399 quandam
563 349 750 398 pertinere
774 348 962 386 videntur.
985 348 1034 384 Et
1051 346 1139 383 ideo
1159 344 1354 394 prohibuit
1372 355 1418 380 ne

349 408 572 452 coqueretur
590 402 731 439 haedus
754 402 791 438 in
818 401 913 438 lacte
937 399 1068 437 matris
1086 398 1122 444 *3
1152 405 1188 434 et
1207 397 1312 444 quod
1342 408 1416 432 non

349 456 575 505 alligaretur
603 468 644 492 os
672 455 760 491 bovi
786 453 992 496 trituranti;
1021 459 1056 488 et
1085 451 1189 499 quod
1218 461 1292 485 non
1321 449 1417 485 occi—

350 510 501 546 deretur
533 514 654 545 mater
681 519 766 544 cum
788 506 895 555 filiis.
923 525 948 532 -
972 502 1163 549 Quamvis
1196 501 1311 537 etiam
1346 500 1418 537 dici

350 562 471 611 possit
498 561 605 609 quod
632 562 728 598 haec
755 558 947 607 prohibita
966 563 1054 592 sunt
1072 555 1125 591 eis
1145 554 1183 591 in
1203 553 1418 591 detestatio-

352 627 443 652 nem
471 613 720 651 idololatriae.
751 612 855 648 Nam
883 608 1058 657 Aegyptii
1091 607 1279 644 nefarium
1308 618 1419 655 repu—

352 669 482 705 tabant
509 675 550 703 ut
579 667 700 703 boves
727 664 941 701 triturantes
970 661 1018 698 de
1046 660 1213 709 frugibus
1242 659 1419 696 comede-

354 728 447 758 rent.
477 719 603 768 Aliqui
631 718 745 754 etiam
773 714 938 752 malefici
966 714 1169 750 utebantur
1197 719 1316 750 matre
1337 711 1419 748 avis

353 773 559 810 incubante
588 779 624 808 et
650 769 762 819 pullis
791 768 872 805 eius
907 767 1018 804 simul
1051 767 1187 815 captis,
1210 766 1259 803 ad
1291 765 1419 802 fecun-

355 827 510 863 ditatem
526 829 564 852 ’Μ
580 831 617 860 et
638 823 830 859 fortunam
851 820 949 857 circa
969 819 1214 857 nutritionem
1237 817 1417 856 filiorum.

355 880 404 916 Et
432 878 544 915 etiam
575 875 665 924 quia
693 875 732 911 in
761 873 925 922 auguriis
955 873 1198 922 reputabatur
1227 872 1303 908 hoc
1335 883 1418 907 esse

353 928 716 978 fortunatum‚quod
731 926 964 964 inveniretur
979 933 1102 962 mater
1115 925 1300 962 incubans
1318 923 1418 960 filiis.

408 984 518 1020 Circa
547 980 861 1018 commixtionem
881 992 975 1016 vero
1005 978 1226 1015 animalium
1246 977 1420 1014 diversae

355 1036 506 1086 speciei,
523 1034 617 1072 ratio
642 1033 807 1070 litteralis
826 1033 949 1081 potuit
969 1043 1050 1068 esse
1070 1031 1214 1080 triplex.
1234 1030 1322 1067 Una
1336 1029 1419 1077 qui-

355 1090 457 1137 dem,
478 1089 527 1126 ad
548 1087 839 1124 detestationem
864 1085 1100 1122 idololatriae
1128 1083 1419 1132 Aegyptiorum,

354 1141 420 1191 qui
448 1141 606 1178 diversis
635 1138 971 1176 commixtionibus
1002 1137 1206 1174 utebantur
1233 1136 1272 1173 in
1304 1135 1420 1172 servi-

354 1195 450 1232 tium
478 1195 731 1244 planetarum,
753 1192 816 1241 qui
842 1191 1054 1228 secundum
1075 1190 1244 1227 diversas
1264 1188 1420 1225 coniun-

310 1247 500 1285 “‘c‘tiones
518 1247 661 1283 habent
680 1245 852 1283 diversos
873 1244 1042 1290 effectus,
1064 1251 1100 1280 et
1118 1255 1233 1291 super
1252 1241 1421 1279 diversas

356 1301 504 1350 species
532 1311 671 1336 rerum.
693 1319 717 1326 -
740 1298 826 1334 Alia
854 1297 946 1334 ratio
977 1304 1032 1333 est
1060 1296 1110 1333 ad
1138 1295 1418 1333 excludendum

357 1352 581 1391 concubitus
610 1359 742 1388 contra
770 1357 958 1387 naturam.
980 1372 1003 1378 -
1023 1349 1154 1386 Tertia
1180 1348 1276 1386 ratio
1297 1354 1353 1385 est
1371 1348 1419 1385 ad

355 1405 563 1444 tollendam
597 1403 862 1441 universaliter
886 1402 1130 1439 occasionem
1150 1401 1419 1450 concupiscen-

357 1460 443 1497 tiae.
471 1457 664 1495 Animalia
697 1456 798 1493 enim
829 1456 1065 1493 diversarum
1098 1454 1312 1504 specierum
1342 1466 1420 1490 non

357 1511 655 1549 commiscentur
679 1509 727 1546 de
750 1508 848 1546 facili
882 1509 930 1546 ad
959 1508 1136 1554 invicem,
1156 1507 1227 1545 nisi
1249 1508 1324 1544 hoc
1352 1519 1421 1555 per

356 1564 533 1602 homines
569 1569 811 1612 procuretur;
848 1569 884 1598 et
917 1561 956 1598 in
995 1568 1151 1610 aspectu
1188 1560 1308 1598 coitus
1344 1559 1423 1597 ani-

357 1617 516 1655 malium
542 1615 722 1653 excitatur
749 1614 897 1651 homini
923 1613 1251 1663 concupiscentiae
1282 1621 1421 1650 motus.

357 1670 469 1710 Unde
499 1669 613 1707 etiam
641 1669 680 1706 in
707 1667 974 1705 traditionibus
1007 1667 1238 1704 Iudaeorum
1269 1678 1424 1715 praece-

357 1731 467 1772 ptum
482 1719 510 1744 ὅθ
531 1721 732 1769 invenitur,
752 1728 794 1757 ut
808 1720 933 1758 Rabbi
950 1720 1106 1768 Moyses
1127 1719 1216 1757 dicit
1227 1718 1280 1767 ²¹³²,
1295 1727 1336 1756 ut
1354 1720 1423 1756 ho-

325 1793 331 1798 ·
359 1776 483 1814 mines
502 1782 677 1813 avertant
695 1774 828 1811 oculos
852 1774 900 1810 ab
929 1773 1156 1810 animalibus
1184 1773 1422 1810 coeuntibus.

414 1828 598 1877 Figuralis
623 1835 751 1864 autem
771 1827 911 1863 horum
932 1826 1026 1863 ratio
1048 1834 1103 1863 est
1129 1825 1218 1876 quia
1243 1825 1334 1863 bovi
1363 1825 1424 1862 tri-

360 1881 510 1929 turanti,
531 1881 628 1919 idest
645 1879 899 1930 praedicatori
920 1879 1101 1916 deferenti
1124 1886 1269 1927 segetes
1289 1878 1425 1916 doctri-

360 1947 447 1983 nae,
468 1947 547 1972 non
576 1942 663 1971 sunt
689 1932 903 1971 necessaria
929 1932 1051 1969 victus
1080 1932 1355 1977 subtrahenda;
1385 1939 1427 1968 ut

360 1988 569 2037 Apostolus
590 1986 688 2034 dicit,
704 1988 718 2024 I
735 1987 786 2024 ad
803 1987 889 2023 Cor.
907 1997 942 2022 ix
955 1984 986 2022 ²¹².
998 2006 1022 2013 -
1034 1986 1200 2023 Matrem
1216 1985 1327 2022 etiam
1347 1997 1426 2022 non

362 2041 474 2079 simul
494 2040 681 2078 debemus
709 2047 837 2077 tenere
858 2051 946 2076 cum
974 2038 1080 2075 filiis:
1102 2038 1191 2088 quia
1206 2038 1247 2076 in
1273 2038 1427 2087 quibus-

364 2094 455 2132 dam
470 2093 657 2130 retinendi
671 2100 760 2130 sunt
774 2090 985 2142 spirituales
1005 2104 1149 2138 sensus,
1170 2091 1277 2140 quasi
1297 2091 1373 2138 filii,
1391 2099 1427 2128 et

364 2145 588 2184 dimittenda
616 2153 672 2183 est
698 2145 864 2182 litteralis
890 2144 1146 2192 observantia,
1161 2144 1270 2194 quasi
1288 2153 1427 2197 mater3

363 2200 458 2237 sicut
486 2200 524 2237 in
553 2199 734 2236 omnibus
761 2197 1012 2235 caeremoniis
1039 2197 1141 2246 legis.
1163 2219 1186 2226 -
1202 2197 1430 2235 Prohibetur

365 2253 479 2290 etiam
517 2253 623 2300 quod
649 2252 840 2298 iumenta,
871 2250 968 2288 idest
997 2251 1203 2300 populares
1229 2250 1426 2298 homines,

364 2318 444 2344 non
471 2306 654 2342 faciamus
683 2304 797 2352 coire,
825 2304 922 2342 idest
950 2303 1255 2342 coniunctionem
1273 2304 1428 2352 habere,

365 2371 454 2396 cum
483 2358 634 2396 alterius
653 2357 800 2406 generis
829 2356 1098 2405 animantibus,
1117 2357 1213 2395 idest
1231 2369 1318 2394 cum
1337 2369 1429 2405 gen-

362 2412 489 2449 tilibus
516 2412 578 2448 vel
607 2411 767 2448 Iudaeis.

417 2467 477 2502 An
506 2476 634 2502 Nouum
654 2475 838 2501 mceunum
863 2463 968 2512 quod
988 2474 1123 2500 omnes
1140 2461 1226 2500 illae
1245 2462 1428 2500 commix-

364 2518 487 2555 tiones
506 2518 545 2555 in
573 2517 798 2566 agricultura
817 2524 903 2553 sunt
930 2515 1155 2565 prohibitae,
1174 2515 1224 2552 ad
1249 2515 1424 2563 litteram,

364 2570 404 2608 in
433 2570 724 2608 detestationem
751 2569 999 2607 idololatriae.
1030 2568 1130 2615 Quia
1160 2568 1354 2618 Aegyptii,
1389 2569 1428 2606 in

365 2624 656 2661 venerationem
688 2623 902 2669 stellarum,
933 2621 1103 2660 diversas
1136 2621 1426 2661 commixtiones

365 2676 555 2714 faciebant
582 2684 619 2713 et
645 2676 684 2713 in
712 2675 921 2713 seminibus
950 2683 985 2711 et
1014 2675 1054 2711 in
1083 2674 1311 2712 animalibus
1333 2682 1370 2712 et
1387 2675 1427 2712 in

366 2729 556 2777 vestibus,
586 2735 911 2777 repraesentantes
945 2728 1114 2765 diversas
1143 2727 1428 2769 coniunctiones

418 2860 462 2891 ηη)
481 2860 519 2884 ad
530 2859 735 2892 fecunditatem.
748 2871 768 2877 —
779 2865 796 2883 a
802 2858 972 2891 fecunditate
990 2859 1038 2891 pE,
1060 2862 1091 2884 ut
1107 2863 1194 2885 essent
1211 2860 1261 2890 8133
1280 2868 1328 2892 pro
1336 2860 1430 2894 sortu-

368 2903 439 2924 nam,
453 2894 592 2928 fortunati
610 2893 838 2919 ABCDEFGHIL.

420 2928 448 2954 θθ
475 2932 658 2961 praeceptum.
677 2943 695 2948 -
708 2929 872 2960 prohibitum
893 2929 995 2954 codices
1014 2934 1040 2953 et
1057 2937 1082 2954 a.

422 2973 439 2989 ιι
470 2965 586 2990 Habent.
603 2977 622 2983 -
640 2965 743 2989 Habuit
761 2964 968 2994 ABCDFGH1L3
987 2972 1035 2997 pro
1052 2968 1093 2990 est
1110 2966 1295 2997 spiritualiter,
1307 2969 1348 2991 est
1359 2967 1429 2991 enim

367 3000 545 3033 spiritualiter
562 2999 744 3024 ABCEGHIL.

421 3035 462 3067 κκ)
482 3035 657 3060 undecimum.
675 3048 694 3054 -
712 3034 841 3059 decimum
861 3034 962 3060 codices
982 3040 1008 3059 et
1026 3043 1052 3064 a,
1067 3036 1114 3060 sed
1133 3037 1207 3060 deest
1225 3036 1319 3060 solutio
1338 3036 1431 3061 decimi

368 3071 527 3104 argumenti,
546 3077 626 3102 quam
645 3070 746 3102 aliquae
765 3070 890 3095 editiones
915 3070 964 3095 boc
982 3071 1062 3095 modo
1085 3071 1220 3103 supplent:
1237 3071 1282 3096 Ad
1300 3071 1430 3096 decimum

369 3106 509 3132 dicendum
525 3106 606 3131 Deut.
619 3113 654 3130 vn
674 3105 870 3130 rationabiliter
885 3105 1023 3137 prohiberi
1041 3109 1184 3139 argentum
1205 3109 1232 3130 et
1251 3113 1357 3136 aurum,
1377 3114 1428 3132 non

368 3148 406 3167 ex
424 3149 454 3166 eo
473 3141 544 3174 quod
563 3141 697 3165 hominum
711 3140 843 3172 potestati
860 3140 976 3165 subiecta
995 3147 1047 3164 non
1066 3141 1128 3169 sint,
1146 3141 1195 3166 sed
1211 3141 1275 3173 quia
1291 3141 1360 3166 sieut
1374 3141 1431 3173 ipsa

369 3178 450 3206 idola,
471 3177 509 3202 ita
527 3179 554 3201 et
571 3176 662 3202 omnia
681 3176 727 3200 illa
745 3183 783 3200 ex
800 3175 894 3208 quibus
907 3176 1022 3210 conflata
1035 3178 1121 3206 erant,
1134 3176 1302 3201 anathemati
1311 3177 1430 3202 subiicie-

369 3213 479 3242 bantur,
499 3215 590 3243 utpote
614 3211 672 3236 Deo
695 3211 815 3236 maxime
837 3211 1026 3236 abominanda.
1051 3210 1130 3241 Quod
1142 3214 1222 3243 patet
1239 3218 1276 3236 ex
1289 3212 1431 3244 praedicto

369 3248 463 3280 capite,
484 3247 528 3272 ubi
546 3247 684 3271 subditur:
697 3245 754 3271 Nec
766 3245 864 3279 inferes
882 3245 1018 3278 quidpiam
1037 3253 1076 3270 ex
1094 3246 1165 3270 idolo
1177 3246 1204 3270 in
1221 3246 1328 3271 domum
1347 3250 1430 3276 tuam,

369 3290 402 3309 ne
412 3284 469 3316 stas
487 3283 631 3307 anathema
642 3282 712 3306 sicut
723 3284 751 3306 et
768 3281 836 3306 illud
849 3284 897 3306 est.
914 3281 980 3306 Tum
993 3281 1075 3306 etiam
1089 3287 1128 3309 ne.
1141 3284 1250 3313 accepto
1262 3289 1331 3307 auro
1345 3285 1371 3308 et
1384 3289 1430 3307 ar-

369 3321 458 3352 gento,
478 3325 515 3343 ex
533 3317 680 3349 cupiditate
691 3317 776 3351 facile
795 3317 942 3342 inciderent
955 3316 981 3341 in
997 3316 1186 3346 idololatriam,
1201 3316 1238 3341 ad
1255 3324 1334 3349 quam
1348 3318 1432 3350 proni

368 3357 447 3379 erant
467 3353 568 3378 Iudaei.
589 3353 739 3377 Secundum
765 3355 853 3376 autem
872 3354 1059 3384 praeceptum,
1075 3351 1155 3376 Deut.
1172 3358 1246 3380 xxm,
1265 3352 1298 3377 de
1319 3353 1432 3385 egestio-

369 3389 445 3414 nibus
464 3389 544 3414 humo
562 3388 724 3420 operiendis,
745 3388 842 3412 iustum
864 3390 943 3419 atque
962 3387 1098 3412 honestum
1111 3387 1181 3419 suit,
1202 3390 1257 3411 tum
1276 3387 1308 3411 ob
1327 3387 1431 3412 mundi-

2460 158 2528 193 251

1473 240 1677 276 stellarum.
1702 260 1725 266 -
1746 239 1815 275 Vel
1836 249 1972 274 omnes
1998 236 2219 274 huiusmodi
2250 236 2538 273 commixtiones

1472 292 1602 328 variae
1621 291 1872 340 prohibentur
1891 291 1940 327 ad
1960 289 2248 328 detestationem
2268 290 2388 325 coitus
2409 298 2539 326 contra

1473 352 1662 382 naturam.

1528 397 1680 433 Habent
1695 402 1712 417 “
1733 404 1861 433 tamen
1880 396 2080 444 figuralem
2097 394 2295 432 rationem.
2319 395 2419 441 Quia
2435 395 2538 443 quod

1475 449 1628 496 dicitur,
1648 449 1739 487 Non
1759 461 1859 486 seres
1877 450 2036 486 vineam·
2052 454 2155 485 tuam
2175 448 2292 484 altero
2311 448 2463 493 semine,
2485 456 2539 484 est

1475 501 1713 549 spiritualiter
1732 502 2031 549 intelligendum,
2053 501 2157 550 quod
2178 501 2215 537 in
2235 501 2419 548 Ecclesia,
2440 513 2539 549 quae

1476 562 1531 590 est
1558 554 1756 602 spiritualis
1771 555 1896 601 vinea,
1917 567 1995 591 non
2011 562 2067 591 est
2086 554 2310 591 seminanda
2331 553 2453 590 aliena
2474 553 2539 590 do-

1476 606 1605 643 ctrina.
1622 628 1646 634 -
1667 607 1716 643 Et
1743 607 1909 643 similiter
1932 619 2038 656 ager,
2059 607 2155 644 idest
2183 606 2365 654 Ecclesia,
2386 618 2461 643 non
2490 613 2543 643 est

1473 660 1714 696 seminandus
1728 660 1873 696 diverso
1892 661 2043 705 semine,
2060 660 2156 697 idest
2171 659 2355 696 catholica
2370 659 2541 697 doctrina

1476 719 1513 748 et
1526 711 1727 748 haeretica.
1737 712 1858 748 -Non
1874 718 1928 748 est
1942 712 2055 749 etiam
2065 713 2178 749 simul
2191 713 2378 749 arandum
2395 713 2432 749 in
2448 713 2541 750 bove

1475 770 1512 801 et
1550 765 1678 801 asino:
1708 764 1796 813 quia
1833 765 1956 801 fatuus
1995 765 2152 813 sapienti
2187 765 2225 802 in
2258 765 2540 814 praedicatione

1476 830 1554 854 non
1584 825 1640 854 est
1667 816 1888 863 sociandus,
1919 817 2006 865 quia
2034 830 2133 854 unus
2166 818 2321 867 impedit
2350 818 2476 855 alium.

1529 872 1588 907 AD
1617 882 1828 907 UNDECIMUM
1848 875 1881 890 Μ
1909 882 2092 907 DICENDUM
2115 871 2220 919 quod
2244 871 2408 908 malefici
2429 879 2464 907 et
2484 884 2540 908 sa-

1477 924 1649 960 cerdotes
1679 923 1869 959 idolorum
1899 923 2103 959 utebantur
2131 923 2168 959 in
2198 923 2273 959 suis
2300 923 2429 960 ritibus
2450 924 2541 961 ossi-

1476 977 1547 1013 bus
1562 977 1623 1013 vel
1644 976 1820 1013 carnibus
1840 975 2043 1012 hominum
2061 984 2300 1012 mortuorum
2311 974 2351 1013 λλ.
2374 978 2422 1013 Et
2440 977 2540 1024 ideo,

1476 1029 1524 1066 ad
1546 1029 1809 1078 extirpandum
1824 1028 2059 1065 idololatriae
2081 1029 2237 1075 cultum,
2258 1030 2451 1078 praecepit
2465 1031 2541 1066 Do-

1476 1083 1602 1119 minus
1631 1090 1672 1119 ut
1699 1082 1916 1118 sacerdotes
1954 1081 2138 1128 minores,
2168 1082 2232 1129 qui
2268 1094 2338 1130 per
2369 1089 2543 1130 tempora

1477 1143 1578 1172 certa
1602 1134 1867 1172 ministrabant
1886 1135 1924 1171 in
1944 1135 2170 1182 sanctuario,
2197 1146 2270 1171 non
2301 1135 2542 1183 inquinaren-

1475 1194 1537 1225 tur
1565 1189 1601 1224 in
1626 1188 1807 1225 mortibus
1835 1187 1905 1224 nisi
1928 1188 2042 1225 valde
2067 1188 2384 1237 propinquorum,
2406 1188 2544 1225 scilicet

1475 1242 1590 1290 patris
1619 1249 1654 1277 et
1684 1241 1814 1278 matris
1843 1248 1878 1277 et
1897 1241 2118 1278 huiusmodi
2152 1241 2440 1278 coniunctarum
2459 1253 2543 1290 per-

1477 1306 1672 1332 sonarum.
1703 1293 1878 1331 Pontifex
1911 1301 2040 1330 autem
2074 1306 2227 1342 semper
2260 1294 2424 1331 debebat
2461 1306 2543 1331 esse

1476 1356 1630 1396 paratus
1660 1347 1708 1384 ad
1737 1346 1990 1384 ministerium
2019 1347 2242 1384 sanctuarii:
2273 1355 2308 1383 et
2336 1347 2424 1384 ideo
2449 1355 2544 1384 tota-

1476 1401 1558 1455 liter
1572 1400 1787 1450 prohibitus
1807 1407 1886 1437 erat
1906 1400 1939 1436 ei
1959 1412 2134 1437 accessus
2151 1401 2200 1437 ad
2219 1407 2404 1447 mortuos,
2424 1412 2544 1450 quan-

1477 1462 1728 1502 tumcumque
1747 1454 1998 1502 propinquos.
2020 1474 2043 1480 -
2064 1454 2318 1501 Praeceptum
2348 1453 2460 1490 etiam
2490 1462 2545 1490 est

1479 1507 1531 1544 eis
1560 1519 1607 1544 ne
1637 1507 1819 1543 ducerent
1845 1518 2007 1543 uxorem
2032 1506 2269 1543 meretricem
2298 1518 2342 1542 ac
2370 1506 2544 1554 repudia-

1477 1568 1570 1607 tam,
1595 1560 1662 1597 sed
1685 1559 1883 1607 virginem.
1915 1560 2020 1596 Tum
2038 1566 2194 1607 propter
2214 1559 2467 1596 reverentiam
2488 1572 2544 1596 sa-

1480 1614 1691 1660 cerdotum,
1712 1624 1879 1660 quorum
1906 1612 2065 1660 dignitas
2103 1612 2397 1659 quodammodo
2419 1624 2463 1648 ex
2483 1613 2545 1649 tali

1480 1666 1656 1714 coniugio
1678 1665 1838 1702 diminui
1852 1665 2056 1702 videretur.
2074 1666 2177 1702 Tum
2195 1665 2309 1702 etiam
2325 1673 2481 1714 propter
2499 1666 2542 1702 fi-

1479 1720 1561 1766 lios,
1579 1718 1718 1767 quibus
1733 1725 1832 1755 esset
1850 1718 1900 1755 ad
1919 1718 2168 1766 ignominiam
2183 1718 2376 1767 turpitudo
2397 1719 2543 1755 matris:

1480 1772 1585 1820 quod
1605 1771 1771 1808 maxime
1789 1779 1879 1808 tunc
1903 1779 1983 1808 erat
2010 1771 2222 1818 vitandum,
2245 1771 2398 1820 quando
2423 1784 2544 1808 sacer—

1481 1825 1572 1862 dotii
1589 1825 1748 1873 dignitas
1763 1825 1975 1861 secundum
1991 1824 2272 1861 successionem
2288 1825 2436 1872 generis
2456 1837 2545 1861 con-

1480 1879 1682 1915 ferebatur.
1704 1899 1727 1904 -
1748 1879 2002 1926 Praeceptum
2023 1877 2135 1914 etiam
2160 1885 2240 1914 erat
2260 1877 2312 1914 eis
2331 1886 2373 1914 ut
2391 1890 2470 1914 non
2490 1891 2546 1915 ra-

1481 1932 1614 1969 derent
1642 1938 1755 1980 caput
1783 1942 1853 1968 nec
1881 1931 2058 1978 barbam,
2089 1943 2160 1967 nec
2193 1930 2232 1967 in
2260 1931 2436 1968 carnibus
2469 1931 2546 1967 suis

1481 1986 1647 2021 facerent
1662 1984 1880 2031 incisuram,
1892 1985 1940 2022 ad
1955 1984 2238 2020 removendum
2249 1984 2483 2021 idololatriae
2500 1983 2546 2020 ri-

1480 2046 1575 2074 tum.
1593 2038 1696 2074 Nam
1713 2037 1930 2074 sacerdotes
1955 2036 2150 2084 gentilium
2173 2037 2359 2074 radebant
2378 2045 2492 2086 caput
2511 2045 2547 2073 et

1481 2092 1663 2127 barbam:
1684 2091 1788 2128 unde
1807 2089 1943 2128 dicitur
1970 2090 2122 2126 Baruch
2141 2102 2176 2126 Vl
2191 2090 2228 2126 *ε
2258 2091 2475 2127 Sacerdotes
2491 2102 2546 2127 se-

1482 2145 1569 2181 dent
1585 2144 1759 2180 habentes
1787 2143 1930 2180 tunicas
1956 2143 2100 2188 scissas,
2120 2149 2155 2179 et
2181 2144 2303 2191 capita
2331 2149 2367 2180 et
2387 2144 2546 2180 barbam

1483 2209 1622 2234 rasam.
1652 2197 1701 2233 Et
1730 2196 1844 2233 etiam
1873 2195 1912 2232 in
1941 2197 2041 2233 cultu
2068 2196 2261 2233 idolorum
2282 2197 2494 2233 incidebant
2508 2209 2548 2233 se

1484 2250 1609 2287 cultris
1644 2255 1680 2286 et
1706 2249 1896 2295 lanceolis,
1925 2257 1968 2286 ut
1995 2249 2129 2286 dicitur
2158 2250 2207 2286 111
2236 2251 2387 2299 Regum
2407 2262 2492 2286 xvm
2513 2251 2545 2287 ²⁸.

1483 2303 1595 2341 Unde
1626 2302 1813 2340 contraria
1844 2310 2050 2351 praecepta
2078 2310 2165 2339 sunt
2194 2302 2453 2340 sacerdotibus
2481 2316 2546 2340 ve—

1484 2356 1571 2395 teris
1599 2355 1701 2403 legis.
2084 2392 2092 2399 ,

1539 2408 1750 2457 Spiritualis
1777 2416 1907 2445 autem
1928 2408 2025 2445 >ratio
2054 2409 2194 2445 horum
2226 2416 2282 2445 est
2309 2409 2398 2457 quia
2426 2421 2547 2446 sacer-

1485 2463 1592 2500 dotes
1621 2461 1779 2499 omnino
1809 2461 1950 2498 debent
1973 2473 2054 2498 esse
2076 2461 2268 2498 immunes
2297 2463 2344 2498 ab
2370 2462 2547 2510 operibus

1483 2515 1653 2562 mortuis,
1683 2527 1781 2564 quae
1810 2522 1898 2551 sunt
1925 2527 2044 2564 opera
2069 2515 2226 2564 peccati.
2257 2515 2306 2551 Et
2334 2515 2446 2564 etiam
2467 2528 2546 2552 non

1484 2569 1623 2606 debent
1650 2567 1784 2605 radere
1813 2575 1945 2617 caput,
1966 2567 2062 2605 idest
2082 2567 2275 2616 deponere
2301 2568 2545 2617 sapientiam;

1483 2634 1607 2670 neque
1624 2621 1816 2670 deponere
1832 2621 2004 2669 barbam,
2021 2621 2116 2658 idest
2132 2621 2337 2670 sapientiae
2352 2621 2544 2670 perfectio-

1483 2683 1592 2721 nem;
1609 2686 1733 2723 neque
1750 2674 1862 2711 etiam
1878 2674 2047 2711 scindere
2062 2674 2289 2711 vestimenta
2305 2681 2368 2710 aut
2382 2674 2545 2711 incidere

1484 2740 1629 2775 carnes,
1645 2735 1687 2763 ut
1707 2727 1847 2764 scilicet
1860 2727 1996 2764 vitium
2013 2727 2225 2764 schismatis
2246 2739 2324 2764 non
2342 2727 2545 2764 incurrant.

1484 2860 1550 2884 tiam
1569 2860 1734 2894 corporalem
1740 2866 1749 2888 ‚⁴
1768 2863 1824 2884 tum
1843 2859 1875 2884 ob
1893 2859 1965 2884 aeris
1988 2859 2173 2883 salubritatem
2197 2858 2422 2887 conservandam5
2440 2862 2496 2884 tum
2516 2860 2548 2884 ob

1485 2895 1660 2920 reverentiam
1679 2902 1747 2927 quae
1766 2894 1910 2919 debebatur
1928 2894 2099 2919 tabernaculo
2111 2893 2231 2927 foederis
2252 2894 2277 2918 in
2297 2894 2393 2918 castris
2411 2895 2548 2925 existenti,

1485 2931 1510 2955 in
1527 2937 1578 2962 quo
1599 2930 1730 2955 Dominus
1749 2929 1871 2954 habitare
1889 2930 2038 2958 dicebatur,
2058 2930 2126 2954 sicut
2145 2929 2182 2953 ibi
2199 2932 2291 2960 aperte
2309 2929 2474 2959 ostenditur,
2495 2930 2548 2959 ubi,

1479 2966 1570 2998 posito
1585 2966 1631 2990 illo
1638 2969 1790 2997 praecepto,
1800 2965 1892 2990 statim
1905 2965 2029 2990 subditur
2042 2965 2097 2989 eius
2108 2965 2187 2993 mtto,
2202 2964 2316 2989 scilicet:
2332 2964 2464 2989 Dominus
2475 2965 2548 2990 Deus

1484 3001 1603 3026 ambulat
1622 3001 1648 3025 in
1665 3001 1751 3026 medio
1764 3004 1915 3026 castrorum
1931 3003 1960 3024 ut
1974 3003 2051 3025 eruat
2064 3003 2096 3028 te,
2112 3003 2170 3028 etc„
2181 3003 2211 3023 ut
2222 2999 2277 3024 sint
2289 3003 2380 3024 castra
2395 3003 2442 3024 tua
2455 3003 2548 3025 sancta

1483 3037 1570 3068 (idest
1588 3036 1714 3068 munda),
1729 3039 1756 3061 et
1774 3035 1841 3060 nihil
1859 3036 1886 3060 in
1905 3036 1942 3060 eis
1961 3038 2091 3067 appareat
2103 3034 2253 3068 foeditatis.
2273 3034 2355 3060 Ratio
2372 3039 2462 3060 autem
2474 3036 2547 3068 figu-

1484 3072 1551 3096 ralis
1563 3072 1640 3096 huius
1650 3071 1797 3103 praecepti,
1812 3078 1849 3095 ex
1865 3070 1998 3103 Gregorio
2012 3070 2070 3100 (lib.
2081 3072 2156 3094 XXXI
2166 3070 2274 3100 Moral„
2287 3077 2345 3102 cap.
2357 3078 2412 3101 1111,
2425 3072 2447 3107 Α
2457 3071 2547 3102 med.)‚

1484 3111 1524 3132 est
1539 3110 1568 3131 ut
1586 3107 1786 3140 significaretur
1799 3109 1925 3138 peccata,
1950 3113 2017 3137 quae
2035 3113 2053 3129 a
2073 3105 2167 3130 mentis
2193 3108 2300 3130 nostrae
2324 3109 2400 3131 utero
2420 3109 2547 3138 tanquam

1485 3144 1657 3167 excrementa
1677 3141 1760 3167 fetida
1779 3144 1938 3173 egeruntur,
1949 3147 2001 3175 per
2016 3140 2208 3172 poenitentiam
2227 3141 2343 3174 tegenda
2360 3148 2423 3170 esse.
2441 3145 2470 3166 ut
2489 3141 2548 3166 Deo

1485 3177 1587 3209 accepti
1604 3177 1700 3205 simus,
1721 3176 1801 3200 iuxta
1820 3176 1886 3200 illud
1905 3176 2006 3200 Psalmi
2019 3183 2091 3200 xxx1:
2109 3175 2188 3200 Beati
2207 3183 2322 3208 quorum
2340 3177 2467 3202 remissae
2485 3180 2549 3202 sunt

1486 3212 1655 3244 iniquitates,
1674 3214 1700 3236 et
1718 3218 1831 3243 quorum
1851 3214 1920 3235 tecta
1939 3214 2001 3236 sunt
2015 3214 2136 3242 peccata.
2151 3211 2202 3241 Vel,
2228 3211 2308 3236 iuxta
2329 3212 2452 3237 Glossam
2472 3213 2547 3243 (ord.

1486 3247 1604 3278 implic.),
1619 3250 1656 3276 ut,
1675 3246 1784 3279 cognita
1803 3246 1910 3271 miseria
1928 3246 2088 3271 conditionis
2106 3246 2251 3276 humanae,
2270 3247 2363 3272 sordes
2381 3247 2476 3273 mentis
2495 3249 2547 3272 ela-

1487 3286 1530 3307 tae
1547 3289 1580 3306 ac
1597 3282 1727 3313 superbae
1743 3281 1791 3306 sub
1803 3281 1881 3315 fossa
1897 3282 2051 3314 profundae
2070 3282 2293 3307 considerationis
2305 3289 2358 3314 per
2372 3283 2547 3308 humilitatem

1486 3319 1641 3350 tegerentur
1659 3320 1686 3341 et
1699 3320 1896 3349 purgarentur.
1914 3316 1981 3341 Vide
2000 3317 2040 3341 ed.
2053 3317 2146 3342 Venet.
2169 3316 2244 3350 1755.

1538 3351 1584 3383 λλ)
1605 3355 1780 3376 mortuorum.
1798 3365 1817 3371 —
1834 3352 2004 3384 antiquorum
2024 3352 2134 3377 codices.

1432 3480 1487 3500 ,νῆ

2667 402 2683 417 U

2663 880 2693 896 Χκ

2662 977 2698 1003 λλ

2576 2103 2582 2110 ·
2601 2100 2666 2122 Vers.
2681 2107 2718 2129 3⁰·

2575 2261 2585 2270 ⁸
2601 2259 2666 2281 Vers.
2682 2260 2717 2281 28.
