2840 4010
78 1498 88 1507 ⁴*
104 1496 172 1519 Vers.
187 1502 218 1519 21.

75 2183 86 2194 ⁸
99 2183 151 2205 Art.
165 2188 181 2205 ι.

329 144 400 181 158
1013 144 1277 190 QUAESTIO
1307 144 1409 190 XCI,
1438 143 1734 180 ARTICULUS
1762 144 1812 181 VI

325 236 388 260 sos
417 230 542 270 actus;
572 224 783 261 secundum
814 236 929 271 quem
959 222 1121 259 modum
1149 229 1274 270 potest
1311 221 1385 258 dici

324 276 430 325 quod
458 276 530 313 alia
559 285 614 313 est
641 278 700 313 lex
728 276 901 322 militum,
933 283 967 312 et
995 275 1067 311 alia
1096 282 1150 311 est
1169 276 1229 311 lex
1247 279 1262 302 Υ
1285 286 1383 311 mer-

325 337 509 366 catorum.
529 330 614 366 Alio
632 329 763 375 modo,
784 329 975 374 indirecte,
1001 327 1226 374 inquantum
1246 326 1385 364 scilicet

323 394 393 430 per
410 383 484 419 hoc
508 382 612 430 quod
636 382 824 428 legislator
844 379 1007 417 destituit
1027 380 1192 428 aliquem
1208 379 1277 416 sibi
1296 381 1383 417 sub-

325 435 444 471 ditum
465 435 589 482 aliqua
611 434 798 482 dignitate,
828 433 997 480 sequitur
1025 432 1130 480 quod
1157 440 1322 470 transeat
1345 433 1384 470 in

324 487 439 524 alium
468 487 653 533 ordinem,
685 494 720 522 et
747 485 854 534 quasi
877 485 915 522 in
940 485 1052 522 aliam
1073 486 1214 533 legem:
1239 493 1329 535 puta
1352 487 1383 523 si

323 539 431 576 miles
452 551 497 575 ex
516 539 648 575 militia
669 538 900 584 destituatur,
927 538 1098 575 transibit
1122 538 1160 575 in
1179 539 1302 587 legem
1323 552 1383 576 ru-

323 592 502 628 sticorum
530 593 591 628 vel
620 599 889 628 mercatorum.

377 644 438 680 Sic
466 644 576 691 igitur
598 644 668 680 sub
688 645 774 680 Deo
798 644 1009 691 legislatore
1035 643 1209 681 diversae
1239 652 1383 681 creatu-

321 708 384 733 rae
423 696 592 733 diversas
624 697 766 733 habent
801 698 990 734 naturales
1022 697 1303 744 inclinationes,
1333 698 1383 734 ita

320 757 362 785 ut
381 749 486 796 quod
505 749 571 786 uni
590 757 645 786 est
664 750 956 797 quodammodo
976 750 1047 797 lex,
1064 750 1168 787 alteri
1187 750 1233 786 sit
1252 758 1383 787 contra

320 802 461 849 legem:
495 810 536 838 ut
567 802 597 838 si
635 802 760 839 dicam
788 803 894 850 quod
928 803 1175 840 furibundum
1211 815 1292 839 esse
1328 810 1383 840 est

321 855 611 903 quodammodo
631 856 690 892 lex
711 855 824 903 canis,
855 862 910 892 est
938 864 1066 893 autem
1100 862 1230 893 contra
1257 856 1382 903 legem

321 907 403 944 ovis
426 908 488 945 vel
517 908 668 945 alterius
696 909 883 945 mansueti
902 909 1086 946 animalis.
1107 910 1176 945 Est
1203 920 1293 956 ergo
1314 909 1381 946 ho-

319 960 431 998 minis
460 961 533 1008 lex,
564 973 678 1010 quam
719 961 870 998 sortitur
899 974 944 998 ex
977 961 1215 999 ordinatione
1254 961 1382 998 divina

320 1014 531 1052 secundum
560 1014 753 1063 propriam
789 1014 1068 1061 conditionem,
1098 1021 1138 1051 ut
1171 1014 1381 1051 secundum

319 1067 505 1104 rationem
525 1075 713 1116 operetur.
735 1068 845 1114 Quae
867 1067 1022 1116 quidem
1042 1068 1100 1103 lex
1128 1067 1196 1103 fuit
1214 1074 1292 1104 tam
1315 1080 1381 1105 va-

318 1119 394 1157 lida
413 1120 451 1157 in
469 1120 595 1168 primo
624 1127 732 1167 statu,
753 1127 793 1157 ut
813 1120 903 1156 nihil
930 1121 993 1157 vel
1017 1127 1166 1168 praeter
1195 1120 1380 1157 rationem

317 1173 380 1209 vel
402 1181 533 1210 contra
551 1172 738 1209 rationem
758 1180 888 1221 posset
907 1173 1111 1221 subrepere
1126 1172 1283 1210 homini.
1303 1173 1380 1210 Sed

319 1225 411 1262 dum
439 1227 558 1263 homo
580 1238 602 1262 a
621 1227 706 1262 Deo
735 1225 898 1272 recessit,
927 1225 1082 1262 incurrit
1107 1225 1145 1262 in
1172 1225 1247 1262 hoc
1275 1225 1380 1274 quod

318 1278 458 1315 feratur
476 1276 489 1300 δ
509 1279 720 1315 secundum
743 1278 930 1326 impetum
950 1277 1215 1315 sensualitatis:
1245 1286 1282 1315 et
1299 1279 1380 1316 uni-

318 1332 453 1380 cuique
473 1331 586 1373 etiam
612 1331 885 1379 particulariter
912 1332 987 1368 hoc
1016 1331 1206 1378 contingit,
1236 1339 1378 1380 quanto

316 1385 436 1432 magis
465 1397 486 1421 a
514 1384 659 1421 ratione
688 1384 902 1421 recesserit:
931 1391 973 1420 ut
1006 1384 1059 1421 sic
1087 1384 1378 1432 quodammodo

316 1437 443 1474 bestiis
458 1437 696 1484 assimiletur,
713 1450 811 1486 quae
827 1437 1075 1474 sensualitatis
1091 1437 1235 1486 impetu
1255 1438 1379 1475 ferun·

315 1499 391 1536 tur;
416 1490 630 1528 secundum
654 1491 744 1528 illud
768 1490 910 1527 Psalmi
937 1503 1045 1527 XLvtu
1066 1490 1102 1527 *ε
1126 1491 1270 1536 Homo,
1291 1503 1378 1528 cum

316 1544 353 1580 in
378 1545 521 1580 honore
541 1549 643 1589 esset,
673 1556 747 1580 non
777 1544 971 1580 intellexit.-
995 1550 1235 1592 comparatus
1254 1550 1308 1581 est
1323 1545 1378 1581 iu-

315 1597 448 1634 mentis
467 1597 730 1644 insipientibus,
750 1603 786 1633 et
801 1597 931 1634 similis
947 1598 1079 1645 factus
1107 1602 1160 1633 est
1187 1597 1270 1634 illis.

370 1650 432 1687 Sic
459 1650 570 1697 igitur
595 1650 678 1698 ipsa
706 1649 954 1687 sensualitatis
982 1649 1184 1696 inclinatio,
1205 1662 1303 1699 quae
1323 1650 1378 1687 fo·

316 1715 397 1740 mes
427 1703 578 1751 dicitur,
608 1703 646 1739 in
676 1702 756 1739 aliis
784 1703 941 1751 quidem
975 1703 1203 1740 animalibus
1236 1703 1378 1751 simpli-

316 1756 404 1793 citer
430 1757 546 1793 habet
571 1756 756 1793 rationem
782 1756 885 1804 Iegis,
913 1756 975 1793 illo
1000 1764 1128 1793 tamen
1152 1757 1271 1794 modo
1299 1769 1377 1805 quo

365 1888 391 1922 γ)
412 1891 451 1913 est
469 1889 523 1913 lex.
541 1903 559 1907 -
578 1889 639 1913 Om.
658 1888 733 1912 EFK.

366 1923 390 1956 δ)
403 1924 524 1957 seratur.
540 1937 560 1943 -
570 1925 695 1958 serretur
713 1924 892 1955 ABCDEHIL,
905 1923 1014 1957 seretur
1032 1924 1052 1948 F
1054 1924 1087 1949 G.

366 1960 387 1992 ε)
409 1959 614 1985 inclinationem.
632 1974 651 1978 —
670 1959 736 1992 legis
755 1959 824 1984 addit
842 1958 872 1985 P.

1437 221 1476 258 in
1504 221 1640 258 talibus
1668 222 1727 258 lex
1755 221 1828 259 dici
1850 230 1986 271 potest,
2008 225 2220 263 secundum
2244 226 2426 264 directam
2446 226 2501 263 in-

1418 272 1422 280 '
1439 274 1679 311 clinationern
1702 279 1725 311 Ε.
1748 275 1790 311 In
1809 275 2027 313 hominibus
2047 285 2174 314 autem
2195 280 2405 316 secundum
2425 280 2500 317 hoc

1438 339 1517 364 non
1544 328 1660 364 habet
1687 327 1875 364 rationem
1903 328 2006 376 legis,
2032 329 2098 366 sed
2118 330 2239 378 magis
2260 339 2315 368 est
2333 332 2498 370 deviatio

1438 392 1460 416 a
1487 381 1569 428 lege
1598 380 1764 417 rationis.
1791 381 1867 417 Sed
1895 380 2122 428 inquantum
2149 394 2219 430 per
2247 383 2415 422 divinam
2443 385 2499 422 iu-

1437 433 1575 470 stitiam
1594 434 1714 470 homo
1741 433 1952 470 destituitur
1975 433 2144 481 originali
2163 434 2300 472 iustitia
2319 444 2355 473 et
2366 437 2498 484 vigore

1438 486 1604 532 rationis,
1623 486 1704 534 ipse
1724 486 1887 535 impetus
1915 487 2166 524 sensualitatis
2189 487 2255 534 qui
2274 499 2363 525 eum
2383 489 2497 538 ducit,

1436 539 1551 576 habet
1579 539 1764 576 rationem
1793 539 1894 587 legis,
1923 539 2150 589 inquantum
2180 547 2236 576 est
2262 541 2435 589 poenalis
2463 550 2500 580 et

1438 603 1483 628 ex
1502 592 1584 639 lege
1605 591 1734 629 divina
1754 604 2004 641 consequens,
2023 594 2223 630 hominem
2244 593 2468 631 destituente
2486 593 2499 620 t

1437 645 1592 692 propria
1620 644 1807 691 dignitate.

1490 699 1548 733 AD
1568 708 1705 733 ptumum
1732 709 1831 734 ERGO
1856 710 2040 735 memnon
2069 698 2174 747 quod
2203 698 2297 735 ratio
2324 698 2385 735 illa
2412 711 2500 748 pro·

1438 749 1536 786 cedit
1564 749 1611 786 de
1639 749 1771 786 fomite
1800 751 2011 788 secundum
2039 763 2080 788 se
2105 751 2357 799 considerato,
2386 759 2500 801 prout

1436 802 1588 839 inclinat
1615 802 1664 838 ad
1693 802 1850 840 malurn.
1873 803 1935 840 Sic
1959 803 2061 841 enim
2081 817 2161 842 non
2179 805 2294 842 habet
2313 804 2498 842 rationem

1435 855 1538 903 legis,
1558 863 1600 891 ut
1621 855 1763 891 dictum
1784 862 1839 892 e'st
1853 855 1883 901 ³¹⁸,
1905 856 1973 893 sed
2001 857 2213 894 secundum
2239 858 2346 906 quod
2374 857 2499 905 sequi-

1435 915 1494 945 tur
1514 920 1559 944 ex
1579 907 1730 945 divinae
1758 908 1849 955 legis
1868 908 2023 946 iustitia:
2052 917 2235 959 tanquam
2256 911 2287 948 si
2312 910 2499 948 diceretur

1434 961 1492 998 lex
1522 973 1605 998 esse
1635 961 1737 1009 quod
1767 960 1902 1008 aliquis
1930 961 2081 1009 nobilis,
2104 971 2261 1012 propter
2288 975 2396 1000 suam
2422 965 2497 1002 cul-

1434 1026 1526 1062 pam
1547 1019 1576 1060 η,
1598 1013 1646 1050 ad
1675 1013 1824 1051 servilia
1853 1025 1970 1062 opera
1997 1014 2124 1052 induci
2152 1016 2442 1064 permitteretur.

1487 1069 1546 1103 An
1566 1078 1755 1103 SECUNDUM
1783 1078 1966 1104 mcssnnum
1995 1069 2101 1115 quod
2128 1068 2291 1106 obiectio
2320 1070 2381 1106 illa
2409 1081 2497 1118 pro-

1436 1120 1534 1156 cedit
1554 1119 1600 1156 de
1621 1131 1667 1156 eo
1688 1120 1791 1168 quod
1813 1128 1867 1156 est
1889 1120 1948 1156 lex
1968 1120 2076 1167 quasi
2096 1122 2224 1168 regula
2244 1129 2281 1158 et
2300 1134 2494 1160 mensura:

1434 1172 1487 1211 sic
1516 1172 1618 1209 enim
1652 1172 1845 1209 deviantes
1874 1185 1896 1209 a
1924 1173 2006 1220 lege
2038 1180 2333 1221 transgressores
2361 1175 2497 1213 consti-

1434 1233 1600 1262 tuuntur.
1631 1226 1693 1262 Sic
1721 1233 1849 1262 autem
1883 1226 2006 1262 fomes
2034 1238 2113 1263 non
2141 1234 2197 1264 est
2223 1227 2300 1273 lex,
2332 1228 2402 1267 sed
2427 1240 2498 1277 per

1433 1279 1627 1327 quandam
1654 1278 1995 1327 participationem,
2024 1286 2066 1316 ut
2085 1290 2200 1328 supra
2218 1279 2238 1301 ³⁸
2258 1280 2402 1319 dictum
2427 1289 2494 1321 est.

1486 1334 1546 1368 AD
1578 1343 1737 1368 marium
1770 1343 1954 1370 mCENDuM
1981 1332 2087 1380 quod
2114 1332 2208 1371 ratio
2237 1332 2299 1369 illa
2325 1333 2497 1381 procedit

1433 1384 1480 1422 de
1512 1385 1643 1422 fomite
1675 1392 1861 1432 quantum
1883 1385 1939 1422 ad
1968 1384 2250 1423 inclinationem
2277 1385 2495 1434 propriam,

1432 1450 1511 1474 non
1535 1446 1663 1474 autem
1683 1445 1868 1486 quantum
1887 1438 1936 1476 ad
1955 1450 2064 1480 suam
2085 1438 2282 1486 originem.
2299 1439 2349 1476 Et
2366 1446 2496 1479 tamen

1432 1491 1463 1527 si
1482 1491 1740 1528 consideretur
1766 1490 1957 1528 inclinatio
1983 1491 2231 1529 sensualitatis
2250 1499 2363 1541 prout
2381 1499 2439 1529 est
2455 1492 2496 1530 in

1432 1544 1511 1580 aliis
1545 1543 1787 1591 animalibus,
1823 1543 1876 1580 sic
1912 1544 2108 1582 ordinatur
2136 1545 2186 1582 ad
2213 1545 2360 1582 bonum
2389 1557 2495 1582 com-

1432 1609 1560 1643 mune,
1581 1597 1678 1634 idest
1701 1597 1749 1633 ad
1774 1597 2106 1635 conservationem
2129 1605 2286 1635 naturae
2309 1598 2349 1634 in
2367 1597 2494 1646 specie

1431 1651 1493 1687 vel
1520 1650 1559 1687 in
1591 1650 1801 1687 individuo.
1838 1651 1887 1686 Et
1921 1651 1995 1687 hoc
2024 1658 2080 1688 est
2107 1651 2222 1688 etiam
2254 1650 2293 1688 in
2319 1651 2492 1697 homine,

2523 1289 2533 1299 '
2547 1287 2607 1310 lbid.

1431 1711 1546 1751 prout
1572 1703 1792 1739 sensualitas
1821 1703 1994 1740 subditur
2020 1703 2168 1741 rationi.
2190 1703 2267 1741 Sed
2293 1703 2418 1741 fomes
2439 1704 2494 1749 diff
2539 1726 2549 1744 ς

1433 1757 1528 1793 citur
1555 1757 1766 1793 secundum
1796 1756 1901 1804 quod
1930 1756 2004 1793 exit
2032 1757 2185 1794 rationis
2212 1756 2399 1797 ordinem.

1482 1887 1508 1921 ζ)
1528 1888 1694 1913 destituente.
1712 1901 1731 1907 -—
1749 1887 1904 1913 destitutum
1923 1886 1971 1912 Pa.

1482 1924 1509 1956 η)
1525 1927 1639 1956 propter
1656 1931 1732 1948 suam
1751 1924 1864 1955 culpam.
1882 1935 1902 1943 -
1918 1930 1957 1948 ex
1973 1930 2024 1948 sua
2042 1923 2122 1955 culpa
2138 1923 2191 1949 EF.

987 2047 1318 2080 Commentaria
1341 2047 1590 2080 Cardinalis
1613 2048 1812 2080 Caietam

343 2148 362 2167 N
386 2137 518 2168 articulo
534 2137 657 2178 quinto,
674 2137 755 2167 sicut
778 2146 836 2167 nec
858 2137 891 2167 in
907 2143 1030 2177 quarto.
1051 2136 1130 2167 nihil
1147 2137 1285 2167 occurrit
1299 2137 1372 2167 scri-

316 2149 493 2212 Ibendum.
513 2182 547 2211 In
568 2181 752 2222 quaestione
777 2181 935 2221 siquidem
961 2181 1266 2221 centesimaseptima
1285 2180 1303 2200 *
1327 2180 1373 2211 in·

313 2226 408 2256 ferius
433 2227 594 2266 patebunt,
620 2226 644 2255 si
668 2236 732 2266 qua
759 2232 833 2256 sunt
859 2225 955 2256 dubia
978 2225 1010 2255 in
1034 2225 1146 2266 quinto
1170 2225 1313 2256 articulo.

369 2270 402 2300 ln
420 2277 506 2300 sexto
528 2277 631 2300 autern
650 2270 791 2306 articulo,
809 2276 885 2300 nota
899 2270 953 2300 illa
976 2270 1085 2300 verba:
1110 2269 1294 2300 destituitur
1311 2269 1373 2299 oriss

311 2314 417 2355 ginali
435 2315 554 2345 iustitia
571 2319 601 2344 et
617 2315 728 2354 vigore
748 2315 891 2352 rationis,
909 2324 967 2354 pro
987 2314 1172 2355 quaestione
1192 2313 1374 2350 centesimae

1426 2146 1525 2172 nona,
1547 2136 1601 2166 ubi
1625 2136 1663 2166 de
1686 2135 1862 2176 integritate
1889 2143 1920 2167 et
1943 2135 2146 2176 corruptione
2173 2142 2303 2171 naturae
2332 2135 2492 2168 humanae

1427 2181 1484 2211 erit
1494 2190 1609 2211 sermo.
1624 2198 1645 2203 -
1658 2180 1763 2210 Habes
1777 2180 1871 2210 etiam
1887 2190 1924 2211 ex
1939 2180 2002 2212 hoc
2017 2180 2149 2212 articulo
2162 2180 2240 2221 quid
2254 2180 2388 2221 proprie.
2397 2179 2492 2220 signi-

1426 2224 1499 2255 ficat
1522 2224 1634 2260 fomes,
1659 2224 1896 2255 inclinationem
1921 2224 2037 2256 scilicet
2056 2225 2152 2264 partis
2166 2225 2332 2258 sensitivae
2351 2223 2492 2256 exeuntis

1428 2279 1445 2299 a
1468 2268 1598 2299 rationis
1622 2268 1740 2299 ordine.

1402 2355 1430 2384 μ’

2556 2741 2557 2746 ¹
2575 2743 2582 2746 ⁴
2600 2738 2630 2753 ..ῚΙ
2651 2738 2693 2753 six.

2610 2766 2626 2775 rr
2660 2759 2674 2778 Il
2694 2775 2698 2779 .

2525 869 2535 880 “
2549 867 2575 890 In
2590 873 2701 896 corpore-
2728 876 2730 880 ’

2836 3480 2840 3534 ..-
2837 3425 2840 3464 ...ψ
2829 3393 2840 3413 ,ι
2838 3355 2840 3362 Δ
