2840 4010
351 137 426 172 274

348 216 481 252 capere
505 205 681 253 Spiritum
702 207 891 250 Sanctum,
918 212 959 240 ut
987 205 1147 240 habetur
1172 205 1275 240 Ioan.
1300 216 1361 241 xiv
1377 206 1408 241 ²¹².

1039 126 1305 172 QUAESTIO
1335 126 1418 162 CVI
1427 155 1436 173 ,
1466 127 1765 165 ARTICULUS·
1780 130 1823 166 ἸΙ

1467 206 1625 243 donum.
1648 207 1696 243 Et
1718 207 1793 243 hoc
1813 209 1931 245 modo
1952 211 2010 247 lex
2030 224 2132 250 nova
2152 222 2207 251 est
2226 215 2343 252 indita
2362 215 2519 261 homini,

347 258 446 294 Usus
466 270 558 294 vero
579 258 777 306 spiritualis
797 257 935 304 gratiae
963 264 1017 293 est
1036 256 1074 292 in
1094 256 1274 305 operibus
1293 257 1409 294 virtu·
1463 270 1541 295 non
1561 259 1685 295 solum
1706 259 1877 297 indicans
1897 262 1987 312 quid
2007 263 2052 300 sit
2071 265 2299 316 faciendum,
2320 268 2388 305 sed
2408 267 2521 305 etiam

346 317 439 357 tum,
459 311 507 347 ad
527 323 624 359 quae
653 309 903 358 multipliciter
931 309 1114 357 scriptura
1143 309 1247 346 Novi
1274 310 1407 347 Testa-

346 362 464 399 menti
491 363 668 399 homines
697 363 923 398 exhortatur.

399 418 457 451 AD
486 426 674 451 SECUNDUM
703 425 887 450 DiCENDUM
911 414 1015 462 quod
1045 413 1242 462 dupliciter
1271 422 1326 452 est
1344 415 1407 452 ali—

347 467 436 515 quid
469 467 627 503 inditum
656 466 814 502 homini.
850 467 935 503 Uno
967 466 1108 513 modo,
1137 467 1329 515 pertinens
1357 468 1406 505 ad

346 527 519 556 naturam
539 520 769 555 humanam:
801 526 835 554 et
855 518 908 555 sic
924 520 983 555 lex
1002 519 1180 556 naturalis
1201 528 1257 557 est
1275 521 1334 557 lex
1353 521 1408 558 in-

346 571 420 608 dita
448 571 603 607 homini.
629 571 714 607 Alio
742 571 860 608 modo
891 579 946 608 est
980 571 1120 620 aliquid
1149 572 1310 610 inditum
1338 574 1405 610 ho—

345 623 435 660 mini
471 623 578 671 quasi
615 631 770 660 naturae
796 630 812 645 ‘2
841 624 1126 672 superadditum
1162 637 1230 674 per
1265 626 1405 674 gratiae

395 738 420 771 r.)
441 741 563 763 naturae.
575 751 594 757 —
612 738 672 763 Om.
693 738 723 763 P.
821 759 828 783 1

1460 311 1648 349 adiuvans
1676 312 1724 349 ad
1753 311 2003 362 implendum}

1514 365 1573 400 An
1596 376 1754 402 TERTIUM
1774 377 1958 403 DICENDUM
1978 368 2081 416 quod
2106 370 2229 406 nullus
2257 383 2428 420 unquam
2455 373 2522 409 ha-

1462 417 1542 453 buit
1560 417 1717 465 gratiam
1739 418 1898 467 Spiritus
1918 420 2046 457 Sancti
2070 421 2139 457 nisi
2165 434 2233 470 per
2250 424 2370 468 fidem
2385 425 2522 470 Christi

1462 469 1674 518 explicitam
1689 471 1749 507 vel
1770 471 2001 520 implicitam.
2031 473 2105 510 Per
2128 472 2246 511 fidem
2267 471 2393 513 autem
2411 471 2521 514 Chri-

1461 522 1506 558 sti
1525 523 1686 570 pertinet
1705 524 1825 560 homo
1850 525 1899 562 ad
1928 537 2074 562 novum
2107 533 2389 565 testamentum.
2410 529 2521 567 Unde

1461 575 1764 624 quibuscumque
1793 576 1860 614 fuit
1887 578 1947 614 lex
1974 579 2114 626 gratiae
2147 579 2280 625 indita,
2310 581 2520 618 secundum

1462 629 1537 664 hoc
1566 628 1613 664 ad
1641 640 1789 665 novum
1817 637 2086 668 testamentum
2119 632 2368 680 pertinebant.

1103 874 1417 917 ARTICULUS
1447 875 1745 918 SECUNDUS

994 967 1185 998 UTRUM
1218 968 1320 998 LEX
1353 967 1504 999 NovA
1534 968 1863 999 IUSTIFICET

374 1140 377 1146 Α
525 1121 532 1141 r
554 1107 612 1142 lex
631 1118 734 1142 nova
762 1118 840 1142 non
865 1106 1049 1143 iustificet.
1073 1107 1208 1143 Nullus
1229 1107 1330 1143 enim
1349 1107 1403 1143 iu-

377 1155 542 1247 (ἓξὲξ
554 1158 836 1247 {ltificatfirdnis}
856 1159 945 1247 lquib
964 1159 1040 1232 Dei:
1066 1159 1239 1248 opedian
1270 1172 1402 1248 spcun-

398 1220 808 1247 umlua
901 1223 1056 1248 e.v:
1119 1223 1402 1258 acuses,sc1-

338 1264 422 1299 licet
439 1262 618 1310 Christus,
632 1263 804 1300 omnibus
820 1269 836 1284 α
851 1265 1190 1311 obtemperantibus
1202 1265 1274 1301 sibi
1286 1277 1401 1302 causa

336 1316 464 1352 salutis
483 1322 668 1352 aeternae.
687 1316 765 1352 Sed
784 1316 1037 1364 Evangelium
1058 1329 1135 1353 non
1157 1329 1309 1365 semper
1326 1319 1401 1355 hoc

339 1376 519 1417 operatur
542 1369 648 1417 quod
673 1368 849 1405 homines
869 1369 903 1406 ei
923 1369 1119 1407 obediant:
1145 1370 1280 1406 dicitur
1299 1371 1400 1408 enirn

335 1423 447 1458 Rom.
468 1435 492 1458 x
510 1421 547 1458 *ε
575 1422 667 1458 Νοη
697 1434 826 1458 omnes
854 1422 1030 1459 obediunt
1054 1423 1276 1472 Evangelio.
1298 1423 1399 1471 Ergo

336 1475 395 1511 lex
421 1487 525 1512 nova
553 1487 631 1511 non
658 1475 844 1511 iustificat.

391 1540 426 1564 2.
448 1529 680 1573 PRAETEREA‚
697 1528 904 1575 Apostolus
923 1528 1071 1576 probat,
1088 1529 1140 1564 ad
1151 1529 1277 1574 Rom„
1294 1529 1399 1577 quod

336 1581 393 1617 lex
408 1589 518 1618 vetus
537 1593 616 1617 non
631 1580 869 1626 iustificabat,
885 1580 975 1629 quia
990 1593 1035 1617 ea
1050 1581 1276 1618 adveniente
1291 1593 1399 1630 prae-

335 1634 516 1670 varicatio
537 1633 674 1670 crevit:
701 1634 862 1670 habetur
881 1633 982 1670 enim
1002 1634 1054 1670 ad
1070 1635 1181 1670 Rom.
1204 1645 1239 1670 1v
1253 1634 1291 1670 *ε
1314 1635 1400 1671 Lex

336 1687 433 1723 iram
461 1692 657 1734 operatur:
687 1687 751 1722 ubi
777 1687 876 1722 enim
905 1698 980 1723 non
1009 1692 1061 1723 est
1087 1687 1166 1733 lex,
1196 1698 1264 1723 nec
1285 1699 1398 1735 prae-

334 1740 528 1776 varicatio.
550 1739 626 1776 Sed
656 1740 775 1775 multo
805 1739 925 1786 magis
952 1739 1011 1775 lex
1033 1752 1136 1776 nova
1163 1740 1398 1788 praevarica-

335 1793 478 1828 tionem
498 1792 657 1829 addidit:
682 1792 816 1828 maiori
838 1792 938 1828 enim
956 1804 1083 1840 poena
1104 1800 1159 1829 est
1179 1793 1313 1840 dignus
1333 1793 1398 1842 qui

335 1853 422 1893 post
449 1846 572 1892 legem
602 1857 746 1882 novam
777 1845 902 1881 datam
933 1845 1058 1882 adhuc
1085 1853 1236 1894 peccat;
1265 1858 1398 1883 seeun-

158 1913 167 1927 r
203 1913 213 1922 ἡ
245 1914 279 1928 s·
336 1899 429 1935 dum
457 1898 548 1934 illud
575 1899 674 1934 Heh.
700 1911 724 1934 x
746 1897 781 1934 *z
806 1898 962 1934 Irritam
991 1899 1072 1946 quis
1094 1899 1247 1946 faciens
1275 1899 1396 1949 legem

334 1952 479 1999 Moysi,
497 1951 577 1987 sine
596 1951 672 1988 ulla
691 1951 939 1997 miseratione,
960 1951 1105 1988 duobus
1123 1952 1183 1988 vel
1199 1952 1318 1989 trihus
1345 1958 1396 1989 te-

333 2005 458 2050 stibus,
475 2004 644 2040 moritur.
667 2004 813 2046 Quanto
829 2005 953 2054 magis
963 2005 1102 2052 putatis
1121 2004 1306 2042 deteriora
1320 2017 1396 2042 me-

334 2058 412 2094 reri
437 2057 629 2105 supplicia,
650 2057 716 2105 qui
733 2057 872 2094 Filium
892 2058 967 2094 Dei
988 2057 1273 2104 conculcaverit,
1294 2057 1396 2096 eto?

337 2111 436 2158 Ergo
467 2111 525 2146 lex
554 2122 657 2146 nova
685 2122 762 2146 non
791 2110 976 2157 iustificat,
1007 2110 1102 2147 sicut
1129 2123 1201 2147 nec
1218 2119 1341 2148 vetus.

389 2165 424 2200 3.
454 2164 691 2210 PRAETEREA,
721 2163 922 2200 iustificare
952 2171 1007 2200 est
1034 2164 1210 2212 proprius
1237 2163 1395 2202 effectus

334 2216 422 2262 Dei;
451 2216 663 2253 secundum
693 2215 782 2253 illud
810 2217 862 2252 ad
887 2218 999 2253 Rom.
1019 2216 1137 2253 V111*:
1167 2218 1272 2254 Deus
1298 2218 1365 2266 qui
1380 2216 1396 2248 β

335 2270 516 2317 iustificat.
543 2270 620 2306 Sed
648 2269 707 2305 lex
734 2277 844 2306 vetus
877 2270 945 2306 fuit
973 2282 995 2306 a
1015 2270 1122 2317 Deo,
1151 2270 1246 2307 sieut
1275 2278 1311 2307 et
1337 2271 1396 2308 lex

334 2334 449 2359 nova.
471 2323 573 2369 Ergo
603 2323 661 2358 lex
689 2334 791 2359 nova
819 2334 898 2359 non
926 2322 1046 2370 magis
1076 2322 1252 2360 iustificat
1279 2335 1395 2372 quam

334 2376 392 2412 lex
419 2383 540 2412 vetus.

388 2429 463 2465 SED
478 2439 623 2464 CONTRA
639 2439 705 2464 EST
719 2428 823 2476 quod
833 2429 1040 2476 Apostolus
1052 2429 1150 2475 dicit,
1161 2429 1214 2465 ad
1221 2429 1395 2467 Rom.1*:

333 2482 424 2519 Non
461 2482 637 2518 erubesco
664 2481 937 2530 Evangelium:
964 2482 1082 2518 virtus
1109 2483 1208 2518 enim
1244 2483 1320 2519 Dei
1344 2489 1399 2520 est

335 2535 371 2571 in
399 2533 556 2571 salutem
585 2535 690 2570 omni
723 2534 895 2570 credenti.
926 2534 1016 2571 Non
1050 2542 1178 2571 autem
1213 2543 1270 2571 est
1296 2536 1396 2573 salus

335 2587 404 2624 nisi
434 2587 638 2623 iustificatis
658 2591 684 2623 Υ.
713 2587 814 2634 Ergo
843 2587 902 2623 lex
931 2587 1128 2635 Evangelii
1156 2588 1342 2626 iustificat.

388 2641 613 2676 Rsssponmzo
642 2651 826 2678 DICENDUM
855 2640 971 2688 quod,
1003 2640 1097 2677 sicut
1126 2641 1268 2678 dictum
1290 2649 1346 2678 est
1363 2641 1395 2688 *,

336 2694 383 2730 ad
403 2694 525 2740 legem
546 2692 743 2740 Evangelii
763 2694 840 2729 duo
860 2693 1058 2741 pertinent.
1085 2694 1215 2731 Unum
1241 2693 1395 2743 quidem

334 2746 607 2794 principaliter:
635 2745 774 2782 scilicet
807 2746 890 2794 ipsa
926 2746 1043 2793 gratia
1081 2746 1241 2795 Spiritus
1270 2747 1398 2784 Sancti

335 2799 488 2836 interius
517 2799 614 2835 data.
645 2799 694 2835 Et
721 2806 907 2846 quantum
936 2800 984 2836 ad
1012 2800 1098 2846 hoc,
1124 2812 1228 2837 nova
1254 2800 1315 2837 lex
1342 2799 1397 2836 iu·

337 2852 480 2888 stificat.
509 2852 620 2889 Unde
648 2851 881 2899 Augustinus
915 2852 1022 2897 dicit,
1051 2852 1090 2889 in
1118 2853 1215 2890 libro
1248 2853 1295 2890 de
1316 2853 1396 2903 Spi—

337 2905 408 2941 ritu
428 2911 464 2941 et
479 2905 621 2941 Littera
635 2904 671 2941 ⁹³²:
701 2905 772 2950 Ibi,
789 2904 928 2941 scilicet
951 2905 989 2942 in
1008 2905 1128 2942 veteri
1157 2913 1395 2953 testamento,

338 2958 399 2994 lex
426 2958 655 2994 extrinsecus
674 2958 796 3006 posita
821 2963 884 3003 est,
906 2970 979 3006 qua
1000 2959 1126 2995 iniusti
1147 2964 1397 2996 terrerentur:

337 3011 407 3056 hic,
437 3010 574 3047 scilicet
602 3011 639 3047 in
675 3023 779 3048 novo
811 3018 1050 3058 testamento,
1071 3012 1292 3049 intrinsecus
1310 3012 1397 3049 data

338 3069 400 3109 est,
421 3075 495 3111 qua
515 3064 814 3111 iustificarentur.
835 3084 859 3091 -
881 3063 994 3101 Aliud
1014 3064 1175 3113 pertinet
1198 3065 1247 3102 ad
1275 3065 1397 3112 legem

339 3116 534 3163 Evangelii
562 3117 808 3153 secundario:
838 3117 977 3154 scilicet
996 3115 1009 3138 ὃ
1039 3118 1272 3155 documenta
1294 3118 1398 3166 fidei,

393 3226 419 3257 α)
440 3225 567 3249 omnibus.
585 3239 604 3243 —
622 3226 682 3250 Om.
702 3226 811 3250 codices.

393 3258 417 3291 β)
438 3260 490 3291 qui.
503 3273 521 3278 —
533 3263 572 3284 est
591 3261 636 3292 qm·
654 3261 722 3285 ΡΚα.

393 3294 419 3327 γ)
441 3294 626 3325 iustificatis.-
645 3296 790 3328 iustificans
809 3296 843 3325 E,
864 3296 1031 3330 iustificantis
1051 3297 1081 3323 K.

535 1065 576 1090 D
592 1065 781 1090 SECUNDUM
796 1065 848 1090 εις
865 1065 1103 1091 PRocssnrrUR.
1125 1054 1283 1091 Videtur
1299 1056 1403 1102 quod
1460 1063 1495 1091 et
1513 1063 1714 1103 praecepta
1730 1055 1942 1092 ordinantia
1961 1056 2140 1095 affectum
2161 1060 2373 1098 humanum
2395 1070 2432 1099 et
2449 1063 2519 1099 hu-

1458 1119 1594 1144 manos
1613 1115 1729 1144 actus.
1760 1109 1808 1144 Et
1827 1116 2013 1155 quantum
2042 1110 2091 1147 ad
2119 1112 2204 1158 hoc,
2225 1113 2284 1150 lex
2313 1126 2416 1151 nova
2439 1127 2519 1152 non

1456 1160 1641 1197 iustificat.
1672 1160 1782 1197 Unde
1811 1162 2019 1209 Apostolus
2049 1162 2151 1210 dicit,
2182 1165 2214 1200 11
2238 1166 2291 1202 ad
2316 1167 2402 1204 Cor.
2424 1180 2459 1204 111
2477 1169 2516 1205 *z

1457 1213 1598 1249 Littera
1627 1213 1768 1259 occidit,
1794 1214 1945 1261 spiritus
1963 1220 2088 1252 autem
2107 1217 2282 1264 vivificat.
2313 1219 2362 1256 Et
2388 1222 2518 1268 Augu-

1456 1265 1575 1302 stinus
1609 1266 1781 1314 exponit,
1811 1266 1849 1302 in
1878 1266 1973 1304 libro
2007 1268 2053 1304 de
2085 1269 2225 1317 Spiritu
2254 1276 2290 1307 et
2314 1271 2456 1309 Littera
2479 1273 2517 1320 2,

1456 1320 1560 1366 quod
1587 1331 1657 1367 per
1684 1319 1842 1355 litteram
1877 1319 2089 1368 intelligitur
2117 1322 2307 1370 quaelibet
2334 1324 2518 1374 scriptura

1456 1379 1559 1408 extra
1586 1371 1761 1408 homines
1790 1371 1964 1420 existens,
1986 1373 2102 1410 etiam
2130 1375 2335 1413 moralium
2351 1380 2516 1427 prabos·-

1452 1431 1606 1471 ptorum
1645 1424 1770 1472 qualia
1805 1425 2043 1463 continentur
2079 1426 2117 1464 in
2153 1424 2516 1476 Evangelioztfvndt

1456 1477 1567 1513 etiam
1596 1477 1714 1513 littera
1742 1477 1939 1525 Evangelii
1967 1479 2168 1528 occideret,
2198 1481 2267 1518 nisi
2286 1475 2514 1533 adesset-:iffi

1454 1531 1568 1566 terius
1597 1529 1713 1577 gratia
1739 1530 1830 1567 fidei
1857 1542 2007 1568 sanans.
2197 1550 2203 1552 -
2379 1551 2387 1558 ·>
2443 1530 2522 1571 “52'‘ss

1506 1585 1564 1619 AD
1593 1595 1729 1619 PmMUM
1764 1594 1863 1620 ERGO
1899 1595 2083 1622 DICENDUM
2117 1587 2223 1633 quod
2257 1587 2318 1624 illa
2351 1589 2527 1629 obiectio*

1452 1636 1624 1683 procedit
1653 1636 1699 1672 de
1723 1636 1804 1683 lege
1834 1648 1937 1673 nova
1957 1650 2034 1674 non
2063 1647 2248 1687 quantum
2268 1641 2316 1678 ad
2344 1641 2382 1679 id
2405 1644 2526 1691 quode

1453 1695 1508 1724 est
1535 1689 1740 1736 principale
1768 1689 1806 1725 in
1835 1688 1928 1737 ipsa,
1955 1690 2023 1727 sed
2051 1699 2237 1738 quantum
2266 1694 2315 1731 ad
2343 1694 2382 1731 id
2409 1697 2515 1744 quod

1453 1748 1508 1777 est
1530 1741 1797 1778 secundarium
1818 1741 1856 1778 in
1876 1742 1976 1791 ipsa:
2006 1743 2145 1780 scilicet
2165 1754 2348 1793 quantum
2378 1748 2428 1785 ad
2447 1743 2527 1786 dos»

1453 1802 1630 1831 cumenta
1658 1802 1693 1831 et
1720 1803 1923 1843 praecepta
1952 1796 2113 1834 exterius
2144 1798 2292 1836 homini
2320 1801 2527 1849 proposit&-

1451 1847 1513 1883 vel
1542 1848 1662 1883 verbo
1691 1848 1752 1884 vel
1781 1847 1932 1896 scripto.
2415 1870 2418 1875 ⁴
2513 1869 2526 1882 a

1504 1901 1562 1936 AD
1587 1912 1777 1937 SECUNDUM
1797 1912 1981 1939 menmium
2010 1903 2115 1950 quod
2139 1903 2256 1951 gratia
2283 1906 2375 1942 novi
2403 1903 2514 1945 testass

1450 1952 1578 1996 menti,
1601 1953 1668 1989 etsi
1687 1953 1842 1990 adiuvet
1868 1954 2067 1992 hominem
2088 1955 2136 1992 ad
2155 1968 2235 1994 non
2258 1960 2512 2008 peccandum,

1451 2017 1530 2042 non
1559 2013 1687 2042 tamen
1715 2006 1764 2043 ita
1793 2007 1995 2044 confirmat
2022 2008 2060 2044 in
2090 2009 2194 2046 bono
2217 2018 2260 2047 ut
2277 2011 2398 2049 homo
2424 2023 2526 2062 pec&

1451 2070 1536 2095 care
1565 2071 1643 2095 non
1671 2059 1790 2107 possit
1807 2059 1846 2096 *ε
1876 2061 1951 2097 hoc
1979 2061 2080 2098 enim
2107 2062 2270 2111 pertinet
2296 2063 2346 2101 ad
2372 2070 2527 2104 stanam&

1450 2111 1602 2159 gloriae.
1633 2113 1681 2148 Et
1708 2112 1795 2149 ideo
1825 2113 1855 2149 si
1884 2113 1968 2161 quis
1999 2122 2087 2163 post
2123 2123 2319 2165 acceptam
2354 2118 2528 2166 gratiatur

1450 2164 1543 2201 novi
1570 2165 1782 2202 testamenti
1815 2167 2040 2214 peccaverit,
2067 2167 2201 2206 maiori
2219 2180 2347 2218 poena
2375 2172 2525 2210 estufin>

1450 2229 1557 2265 gnus,
1587 2225 1767 2266 tanquam
1796 2219 2005 2257 maioribus
2033 2221 2229 2264 beneficiis
2247 2222 2447 2272 ingratus,
2471 2233 2526 2264 vt<

1451 2270 1587 2307 auxilio
1616 2270 1686 2307 sibi
1715 2271 1802 2308 dato
1831 2284 1909 2309 non
1938 2280 2059 2311 utens.
2091 2275 2176 2311 Nec
2201 2282 2330 2313 tamen
2357 2278 2526 2327 proptelss

1450 2324 1525 2360 hoc
1553 2323 1687 2360 dicitur
1714 2325 1818 2372 quod
1846 2326 1905 2362 lex
1933 2338 2036 2363 nova
2069 2327 2167 2365 iram
2195 2335 2395 2377 operatur:
2422 2327 2525 2380 quia*

1451 2384 1636 2425 quantum
1657 2385 1710 2413 est
1730 2378 1776 2414 de
1798 2390 1850 2426 se,
1872 2379 2065 2417 sufficiens
2083 2381 2264 2418 auxilium
2284 2383 2348 2419 dat
2366 2383 2415 2420 ad
2433 2383 2511 2422 non

1449 2429 1700 2478 peccandum.
2438 2446 2441 2448 ’

1502 2484 1562 2518 AD
1589 2494 1748 2519 TERTIUM
1777 2495 1962 2521 mCENDUM
1999 2486 2103 2533 quod
2139 2487 2262 2534 legem
2297 2498 2521 2527 novam·÷et-

2546 1181 2554 1188 ·
2571 1177 2636 1201 Vm.
2654 1179 2676 1201 6.

2549 1282 2557 1289 '
2568 1282 2626 1310 cap.
2639 1289 2686 1310 xiv,
2700 1290 2758 1306 xvn.

2540 2074 2549 2083 ·
2565 2073 2592 2095 l).
2607 2079 2654 2102 7²3.
2669 2074 2713 2102 8¹9·

1450 2543 1619 2572 veterem
1640 2548 1739 2572 unus
1753 2537 1860 2574 Deus
1878 2537 1992 2584 dedit,
2009 2538 2076 2575 sed
2096 2538 2202 2576 aliter
2221 2547 2258 2577 et
2275 2541 2391 2578 aliter.
2408 2543 2523 2580 Nam¹
2586 2584 2588 2586 v

1450 2588 1572 2636 legem
1600 2596 1770 2625 veterem
1796 2589 1897 2627 dedit
1915 2590 2094 2639 scriptam
2114 2591 2152 2629 in
2180 2593 2317 2630 tabulis
2335 2594 2525 2643 lapideis&

1451 2642 1573 2688 legem
1594 2650 1722 2678 autem
1742 2654 1886 2680 novam
1907 2643 2009 2680 dedit
2028 2645 2205 2694 scriptam
2226 2647 2263 2683 in
2282 2648 2416 2684 tabulis
2430 2658 2528 2689 cop&-

1450 2694 1506 2730 dis
1533 2695 1759 2740 carnalibus,
1788 2703 1831 2732 ut
1848 2697 2056 2744 Apostolus
2078 2698 2178 2746 dicit,
2201 2700 2232 2735 ll
2253 2700 2305 2736 ad
2326 2701 2414 2737 Cor.
2429 2701 2550 2738 iit—⁸⁴22·

1451 2747 1616 2784 Proinde
1645 2748 1739 2785 sicut
1757 2749 1990 2796 Augustinus
2009 2750 2108 2797 dicit,
2135 2750 2173 2788 in
2193 2751 2287 2789 libro
2308 2753 2354 2789 de
2372 2754 2525 2802 Spin-itm

1452 2806 1488 2836 et
1512 2801 1654 2837 Littera
1673 2800 1710 2846 ³¹⁸,
1743 2801 1904 2838 litteram
1934 2802 2042 2839 istam
2069 2809 2179 2841 extra
2207 2806 2405 2843 hominem:
2422 2805 2527 2848 ser-ik,

1447 2858 1565 2901 ptam,
1595 2858 1630 2889 et
1656 2854 1965 2892 ministrationem
1988 2857 2118 2893 mortis
2143 2863 2180 2894 et
2203 2858 2526 2898 ministrationem&

1451 2906 1702 2943 damnationis
1730 2907 1930 2955 Apostolus
1952 2909 2126 2957 appellat.
2146 2911 2265 2948 Hanc
2287 2913 2426 2959 autem,
2445 2914 2526 2950 scia

1453 2959 1536 2995 licet
1553 2959 1643 2996 novi
1666 2961 1874 2997 testamenti
1900 2961 2033 3011 legem,
2064 2963 2374 3002 ministrationem
2395 2966 2514 3014 'spi-i-

1453 3018 1509 3048 tus
1533 3018 1567 3048 et
1593 3012 1902 3050 ministrationem
1932 3015 2090 3052 iustitiae
2117 3017 2236 3054 dicits*
2253 3018 2343 3066 quia
2360 3018 2526 3066 per‘doev

1453 3077 1543 3101 num
1572 3066 1730 3113 Spiritus
1757 3078 1962 3114 operamur
1990 3068 2179 3116 iustitiam,
2205 3076 2245 3106 et
2268 3082 2293 3107 a
2315 3072 2527 3119 praem

1453 3118 1608 3154 cationis
1634 3119 1875 3156 damnatione
1903 3120 2119 3158 liberamur.
2435 3123 2526 3163 1-ss1'11‘r

2335 3189 2339 3196 ν
2453 3184 2526 3209 ειη·

1500 3226 1529 3259 δ)
1548 3227 1720 3253 secundario:
1734 3229 1840 3254 scilicet.
1853 3243 1871 3248 -
1885 3230 2044 3255 secundario
2057 3231 2274 3264 ADEGHLpBC,
2284 3235 2311 3257 et
2323 3232 2482 3258 secundario
2495 3232 2512 3261 1.

1451 3263 1610 3288 secundario
1629 3262 1697 3289 sicut
1716 3264 1759 3288 sB.

2542 2821 2550 2829 ·
2565 2819 2623 2847 cup.
2638 2825 2704 2842 xvm.
