2840 4010
81 1256 294 1287 ‘'c-punenii.

945 192 1210 241 QUAESTIO
1239 193 1380 241 xciu,
1409 191 1704 230 ARTICULUS
1738 192 1787 239 11,
1817 192 1867 227 111

317 281 392 311 tur.
421 272 506 310 Nec
532 280 662 310 tamen
698 280 854 322 propter
890 274 964 310 hoc
993 273 1160 321 sequitur
1188 271 1293 320 quod
1321 272 1380 307 lex

320 333 474 364 aeterna
491 326 739 374 personaliter
757 326 795 362 in
818 326 954 363 divinis
974 325 1129 363 dicatur.
1148 323 1380 373 Appropria-

319 387 381 416 tur
415 386 544 415 tamen
581 379 697 426 Filio,
736 386 891 427 propter
925 376 1230 415 convenientiam
1264 387 1380 422 quam

319 431 436 468 habet
464 431 558 468 ratio
587 431 636 468 ad
662 431 840 468 verbum.
885 444 888 446 “

374 486 434 520 An
461 495 620 521 TERTIUM
649 495 832 520 monimum
861 482 966 531 quod
990 480 1082 518 ratio
1102 480 1309 516 intellectus
1329 479 1381 515 di-

319 535 400 573 vini
429 536 536 573 aliter
563 549 604 573 se
628 537 744 573 habet
763 535 810 572 ad
831 546 890 571 res
914 544 1031 581 quam
1055 532 1150 568 ratio
1174 531 1381 567 intellectus

321 589 492 626 humani.
522 589 735 626 Intellectus
764 587 865 624 enim
893 586 1084 622 humanus
1112 591 1167 620 est
1186 595 1381 619 mensura—

321 648 381 678 tus
401 654 423 678 a
442 642 567 688 rebus,
597 649 637 678 ut
664 640 804 677 scilieet
828 644 1035 686 conceptus
1053 635 1220 673 hominis
1239 647 1318 672 non
1337 635 1383 671 sit

2419 190 2487 226 163

1433 284 1548 309 verus
1574 278 1730 321 propter
1758 270 1937 319 seipsum,
1962 268 2030 305 sed
2050 268 2182 305 dicitur
2201 279 2315 304 verus
2344 279 2388 303 ex
2416 268 2491 304 hoc

1435 324 1540 371 quod
1578 330 1761 360 consonat
1787 328 1803 351 Υ
1832 323 1965 359 rebus:
1995 333 2045 358 ex
2071 323 2141 358 hoc
2174 320 2274 357 enim
2305 320 2406 368 quod
2432 332 2491 357 res
2615 321 2632 345 's

2519 375 2600 397 Ἀῐὶεῐ.
2608 375 2732 403 Categor.,

2519 407 2569 429 cap.
2586 408 2620 428 ιιι,
2635 407 2659 423 n.
2672 407 2707 423 22.

2519 433 2527 442 ·
2542 432 2571 454 D.
2587 433 2635 461 873.

1434 382 1488 412 est
1504 376 1564 412 vel
1581 389 1656 413 non
1676 381 1738 422 est,
1768 375 1892 424 opinio
1912 374 2083 412 verave!
2094 373 2205 422 salsa
2223 379 2278 409 est
2292 372 2324 410 ³⁸.
2345 373 2490 409 Intelle-

1436 435 1516 464 ctus
1533 441 1627 465 vero
1653 428 1802 465 divinus
1822 436 1877 464 est
1896 438 2074 464 mensura
2093 437 2220 463 rerum
2235 425 2271 462 *z
2292 425 2380 474 quia
2399 438 2490 462 una-

1435 491 1609 528 quaeque
1630 492 1688 517 res
1715 481 1899 517 intantum
1927 481 2042 517 habet
2069 480 2117 517 de
2144 478 2313 526 veritate,
2332 478 2491 527 inquan-

1435 538 1515 568 tum
1544 532 1709 569 imitatur
1737 533 1965 570 intellectum
1995 532 2181 578 divinum,
2204 531 2303 568 utin
2322 531 2452 568 Primo
2471 530 2491 553 ²¹⁸

1436 583 1577 620 dictum
1606 592 1672 621 est.
1703 586 1751 621 Et
1778 585 1864 622 ideo
1892 586 2101 622 intellectus
2129 584 2279 622 divinus
2303 591 2360 620 est
2376 595 2491 621 verus

1435 637 1645 673 secundum
1674 650 1726 674 se.
1756 638 1866 674 Unde
1894 638 1987 674 ratio
2017 637 2097 674 eius
2125 645 2182 674 est
2208 637 2290 686 ipsa
2316 636 2468 674 veritas,

2517 537 2528 548 ¹*
2540 536 2588 564 Qu.
2599 542 2646 564 xvi,
2659 532 2700 558 art.
2712 536 2730 558 i.

374 754 402 787 γ)
419 757 558 780 consonat.
574 767 594 773 -
610 754 716 778 constat
732 749 894 785 AHK(pB?)‚
912 754 1036 776 constant
1054 749 1220 783 cmi-(pm),
1238 752 1344 775 constat
1362 756 1400 774 ex
1418 749 1447 779 E,
1467 752 1595 774 consonat
1613 757 1651 774 ex
1667 750 1696 780 F,
1715 751 1860 775 concordat
1878 751 1921 775 sB.

1087 893 1404 937 ARTICULUS
1434 893 1731 937 SECUNDUS

938 981 1094 1013 UTRUM
1117 980 1203 1012 LEX
1225 980 1431 1019 AETERNA
1454 981 1521 1011 srr
1545 980 1734 1012 OMNIBUS
1757 981 1880 1012 NOTA

1004 1061 1096 1093 Supra,
1114 1067 1160 1092 qu.
1177 1066 1227 1089 xxx.
1246 1064 1293 1084 art.
1311 1066 1337 1091 4,
1356 1059 1388 1084 ad
1409 1059 1422 1084 3
1429 1067 1436 1090 ;
1458 1059 1487 1084 In
1507 1059 1568 1091 Iob,
1587 1067 1642 1092 cap.
1660 1066 1698 1090 11,
1718 1060 1775 1084 lect.
1792 1067 1812 1085 1.

358 1158 363 1173 ι
408 1160 413 1170 =
456 1170 478 1182 „v
531 1153 555 1178 ι)
575 1153 765 1178 SECUNDUM
780 1153 834 1178 Sic
848 1151 1087 1178 PROCEDlTUR.
1102 1138 1263 1177 Videtur
1277 1138 1382 1187 quod
1435 1147 1476 1176 ut
1494 1139 1727 1187 Augustinus
1748 1139 1852 1188 dicit,
1873 1141 1910 1178 in
1930 1140 2025 1178 libro
2053 1141 2099 1178 de
2123 1143 2220 1179 Vera
2238 1142 2362 1192 Relig.
2382 1141 2402 1163 '¹‘
2419 1143 2493 1179 Ve-
2522 1149 2532 1160 “

533 1195 592 1243 lex
610 1202 763 1231 aeterna
786 1206 864 1230 non
890 1193 936 1230 sit
955 1191 1135 1230 omnibus
1154 1199 1255 1228 nota.
1282 1191 1382 1238 Quia
1436 1192 1583 1229 ritatem
1612 1200 1740 1230 autem
1770 1206 1905 1230 omnes
1933 1193 2140 1242 aliqualiter
2167 1202 2416 1242 cognoscunt,
2447 1195 2494 1232 ad

388 1262 457 1288 ar,
476 1253 502 1286 ’ς
527 1255 573 1284 ut
604 1246 693 1285 dicit
723 1247 947 1295 Apostolus,
978 1247 993 1282 1
1020 1244 1072 1282 ad
1102 1245 1189 1282 Cor.
1216 1245 1257 1291 ²⁸,
1286 1256 1384 1292 quae
1436 1245 1562 1282 minus
1588 1253 1774 1293 quantum
1803 1246 1852 1283 ad
1878 1247 2062 1295 principia
2083 1247 2303 1284 communia
2321 1247 2411 1295 legis
2429 1260 2496 1284 na-

342 1278 522 1335 ΑΨ-ΨἈ
531 1305 620 1337 sunt
643 1299 728 1345 Dei,
758 1311 867 1336 nemo
895 1299 999 1338 novit
1025 1297 1098 1334 nisi
1118 1297 1277 1346 Spiritus
1295 1297 1381 1334 Dei.

323 1349 400 1396 Sed
427 1353 488 1389 lex
516 1359 668 1390 aeterna
696 1359 752 1388 est
779 1349 970 1399 quaedam
992 1349 1087 1388 ratio
1115 1349 1153 1386 in
1181 1356 1310 1387 mente
1330 1348 1383 1386 di-

177 1446 180 1459 ,
207 1440 261 1459 Ἴ
284 1443 286 1446 ,
321 1403 413 1444 vina
441 1404 614 1444 existens.
644 1405 746 1452 Ergo
777 1404 956 1441 omnibus
989 1411 1046 1440 est
1068 1402 1197 1452 ignota
1219 1402 1290 1440 nisi
1314 1402 1384 1439 soli

318 1458 421 1498 Deo.

85 2090 163 2114 ⁸12⁶.
176 2089 216 2113 dt.

89 3382 101 3394 ·
110 3382 160 3411 Qu.
166 3388 214 3410 xer,
223 3386 267 3405 m.
278 3383 300 3406 6.

377 1521 414 1547 2.
442 1509 681 1556 PRAETEREA,
711 1509 807 1546 sicut
833 1508 1066 1556 Augustinus
1095 1507 1194 1555 dicit,
1223 1507 1261 1544 in
1286 1507 1382 1543 libro

289 1581 298 1588 ·
322 1562 374 1602 de·
395 1562 478 1599 Lib.
507 1562 600 1599 Arb.
629 1561 669 1608 ²¹⁶,
699 1561 761 1597 lex
788 1566 942 1598 aeterna
975 1567 1030 1598 est
1047 1562 1137 1610 ⁴qua·
1166 1560 1302 1598 iustum
1331 1566 1385 1596 est

319 1608 365 1659 sut
390 1614 519 1654 omnia
546 1614 622 1652 sint
646 1614 936 1650 ordinatissima.
967 1614 1044 1651 Sed
1068 1625 1147 1651 non
1166 1625 1303 1650 omnes
1323 1625 1385 1649 co-

280 1699 290 1710 ,
320 1670 510 1725 gnoscunt
537 1666 696 1716 qualiter
723 1666 854 1703 omnia
877 1666 949 1704 sint
972 1665 1262 1704 ordinatissima.
1293 1666 1383 1702 Non

319 1732 414 1770 ergo
444 1731 580 1757 omnes
609 1726 844 1767 cognoscunt
870 1719 995 1766 legem
1023 1727 1228 1757 aeternam.

380 1773 414 1811 3.
434 1773 669 1820 mumma,
690 1771 923 1820 Augustinus
938 1771 1038 1819 dicit,
1053 1771 1092 1810 in
1110 1771 1207 1809 libro
1226 1773 1272 1808 de
1288 1772 1385 1809 Vera

323 1825 449 1875 Relig.
468 1824 509 1873 ²¹⁸,
540 1826 642 1874 quod
675 1824 739 1861 lex
769 1830 923 1861 aeterna
957 1830 1012 1861 est
1037 1825 1082 1862 de
1109 1836 1184 1874 qua
1217 1824 1386 1861 homines

240 1891 297 1928 ·3·
323 1878 491 1918 iudicare
518 1890 593 1914 non
615 1883 784 1926 possunt.
811 1877 888 1914 Sed
908 1876 1012 1917 *sicut
1039 1877 1078 1914 in
1106 1878 1121 1914 I
1148 1876 1269 1914 Ethic.
1287 1877 1307 1898 *
1333 1877 1386 1913 di-

324 1930 434 1977 citur,
469 1930 721 1979 unusquisque
754 1931 846 1967 bene
878 1930 1019 1967 iudicat
1052 1941 1149 1979 quae
1180 1930 1383 1980 cognoscit.

323 1980 427 2030 Ergo
456 1984 515 2019 lex
544 1990 698 2021 aeterna
725 1995 803 2020 non
832 1990 887 2020 est
914 1982 1026 2020 nobis
1053 1990 1156 2021 nota.

378 2036 453 2072 SED
481 2048 627 2073 CONTRA
646 2048 712 2073 EST
730 2035 837 2084 quod
855 2035 1088 2083 Augustinus
1109 2035 1208 2082 dicit,
1231 2035 1270 2072 in
1288 2034 1383 2072 libro

323 2088 370 2125 de
396 2089 479 2125 Lib.
498 2089 592 2126 Arb.
612 2089 652 2136 ²¹⁵,
683 2088 787 2137 quod
815 2093 991 2125 aeternae
1018 2086 1112 2138 Iegis
1143 2089 1244 2126 notio
1281 2088 1387 2124 nobis

324 2141 505 2189 impressa
533 2147 596 2178 est.

378 2195 604 2231 Responmzo
622 2205 806 2231 mci-:NDUM
821 2193 926 2241 quod
945 2193 1144 2242 dupliciter
1161 2193 1304 2242 aliquid
1324 2205 1386 2229 co-

323 2247 454 2294 gnosci
482 2254 626 2295 potest:
655 2259 734 2283 uno
759 2247 891 2292 modo,
912 2246 950 2283 in
979 2246 1127 2295 seipso;
1156 2247 1229 2283 alio
1250 2246 1382 2292 modO,

323 2299 363 2336 in
391 2311 461 2336 suo
492 2299 641 2346 effectu,
671 2299 708 2336 in
737 2311 814 2347 quo
844 2299 971 2347 aliqua
998 2299 1202 2336 similitudo
1223 2298 1304 2335 eius
1332 2299 1387 2335 in-

323 2352 491 2399 venitur3
522 2353 616 2388 sicut
653 2352 786 2400 aliquis
823 2364 900 2388 non
927 2351 1063 2389 videns
1099 2353 1220 2389 solem
1250 2352 1288 2388 in
1317 2364 1384 2388 sua

324 2404 555 2452 substantia,
584 2405 777 2452 cognoscit
812 2404 938 2453 ipsum
970 2404 1009 2442 in
1036 2417 1107 2453 sua
1133 2405 1385 2443 irradiatione.

322 2456 388 2498 Sic
420 2456 531 2505 igitur
566 2457 770 2495 dicendum
805 2465 861 2494 est
894 2457 1000 2506 quod
1036 2458 1158 2505 legem
1193 2466 1387 2495 aeternam

322 2511 450 2548 nullus
477 2518 603 2559 potest
630 2522 862 2558 cognoscere
890 2511 1101 2547 secundum
1129 2511 1236 2558 quod
1267 2510 1304 2547 in
1331 2523 1388 2547 se—

324 2563 408 2623 ipsa
427 2571 494 2610 est,
519 2563 589 2600 nisi
618 2564 743 2600 solum
765 2569 782 2584 ²
811 2563 922 2609 beati,
943 2562 1006 2611 qui
1026 2564 1152 2600 Deum
1172 2575 1243 2612 per
1260 2575 1387 2600 essen—

259 2612 267 2629 ”
291 2614 293 2618 ’
323 2621 416 2663 'tiam
430 2615 564 2654 vident
577 2615 608 2653 ²².
627 2611 703 2652 Sed
724 2616 847 2652 omnis
868 2623 1038 2653 creatura
1058 2615 1248 2662 rationalis
1266 2616 1389 2667 ipsam

325 2668 521 2716 cognoscit
548 2669 761 2707 secundum
789 2668 955 2717 aliquam
986 2668 1065 2706 eius
1091 2667 1385 2717 irradiationem,

323 2722 387 2766 yel
410 2721 597 2758 maiorem
623 2721 686 2758 vel
706 2721 908 2758 minorem.
939 2721 1077 2758 Omnis
1101 2721 1204 2759 enim
1223 2721 1386 2770 cognitio

324 2773 492 2812 veritatis
529 2781 584 2811 est
620 2774 812 2822 quaedam
853 2773 1042 2811 irradiatio
1081 2781 1117 2810 et
1152 2775 1386 2823 participatio

324 2826 635 2875 legisaeternae,
665 2837 765 2874 quae
794 2833 850 2863 est
875 2826 1016 2863 veritas
1043 2826 1386 2876 incommutabilis,

377 2942 407 2978 α)
426 2945 557 2986 κώμῃ,-
574 2926 646 2970 solus
666 2944 738 2970 Deus
756 2937 786 2972 et‘
800 2944 848 2984 Pa.
864 2973 865 2976 Ἴ

1436 1297 1575 1335 turalis.
1605 1299 1648 1335 In
1675 1299 1873 1338 aliisvero
1902 1299 2059 1348 quidam
2086 1301 2170 1349 plus
2195 1308 2231 1337 et
2254 1300 2409 1349 quidam
2426 1299 2495 1336 mi-

1436 1363 1508 1387 nus
1536 1348 1760 1400 participant
1787 1353 1834 1389 de
1863 1352 2077 1399 cognitione
2104 1353 2286 1399 veritatis;
2309 1361 2344 1389 et
2363 1365 2495 1390 secun-

1438 1403 1529 1440 dum
1550 1403 1624 1440 hoc
1653 1404 1765 1441 etiam
1785 1405 1870 1453 plus
1892 1406 1955 1442 vel
1979 1405 2103 1442 minus
2124 1413 2356 1453 cognoscunt
2374 1406 2493 1453 legem

1437 1463 1641 1492 aeternam.
2162 1464 2166 1496 t

1490 1511 1548 1545 AD
1578 1520 1714 1546 PRIMUM
1741 1521 1840 1546 ERGO
1868 1522 2052 1547 mcENDUM
2080 1510 2186 1560 quod
2215 1522 2258 1547 ea
2286 1522 2386 1560 quae
2410 1518 2496 1547 sunt

1437 1561 1521 1607 Dei,
1551 1561 1588 1598 in
1617 1561 1748 1610 seipsis
1771 1562 1925 1610 quidem
1945 1563 2122 1610 cognosci
2140 1576 2163 1599 a
2181 1563 2292 1600 nobis
2311 1575 2390 1600 non
2407 1575 2495 1611 pos—

1439 1622 1542 1650 sunt:
1572 1614 1638 1651 sed
1666 1622 1794 1652 tamen
1821 1614 1860 1652 in
1890 1615 2084 1652 effectibus
2103 1616 2181 1653 suis
2203 1616 2314 1652 nobis
2338 1615 2495 1652 manife-

1439 1674 1593 1714 stantur,
1614 1668 1824 1705 secundum
1854 1668 1942 1705 illud
1971 1670 2083 1706 Rom.
2104 1681 2114 1706 1
2133 1668 2171 1705 *ε
2198 1669 2405 1705 Invisibilia
2423 1669 2499 1706 Dei

1433 1731 1505 1768 per
1533 1732 1576 1756 ea
1605 1731 1702 1767 quae
1722 1721 1829 1767 sacta
1856 1727 1952 1767 sunt,
1982 1722 2174 1767 intellecta,
2204 1722 2492 1770 conspiciuntur.

1492 1774 1550 1809 AD
1579 1785 1769 1810 SECUNDUM
1796 1786 1980 1811 nicENDUM
2013 1775 2118 1823 quod
2146 1775 2273 1822 legem
2301 1781 2494 1811 aeternam

1441 1825 1507 1861 etsi
1526 1825 1786 1874 unusquisque
1805 1834 2010 1874 cognoscat
2028 1839 2098 1875 pro
2119 1839 2188 1863 sua
2207 1826 2423 1875 capacitate,
2440 1839 2496 1863 se-

1440 1878 1606 1915 cundum
1627 1878 1788 1916 modum
1807 1879 2043 1927 praedictum
2058 1880 2089 1927 ²¹⁶,
2115 1879 2238 1916 nullus
2258 1887 2384 1916 tamen
2405 1891 2490 1916 eam

1441 1931 1766 1979 comprehendere
1789 1931 1913 1980 potest
1930 1931 1968 1969 *ε
1996 1945 2074 1970 non
2105 1932 2205 1969 enim
2233 1931 2393 1969 totaliter
2417 1944 2497 1968 ma-

1439 1983 1603 2020 nifestari
1640 1991 1766 2032 potest
1799 1997 1870 2033 per
1905 1998 1996 2022 suos
2029 1985 2196 2022 effectus.
2226 1985 2275 2022 Et
2301 1985 2388 2022 ideo
2422 1997 2498 2022 non

1440 2044 1590 2085 oportet
1617 2037 1722 2084 quod
1751 2037 1982 2086 quicumque
2011 2038 2203 2086 cognoscit
2229 2039 2352 2086 legem
2381 2045 2497 2074 aeter-

1441 2101 1530 2126 nam
1559 2090 1770 2126 secundum
1807 2090 1968 2127 modum
2005 2091 2263 2140 praedictum7
2294 2098 2498 2138 cognoscat

1439 2149 1562 2178 totum
1591 2142 1765 2180 ordinem
1798 2154 1943 2191 rerum,
1973 2156 2050 2192 quo
2079 2143 2208 2180 omnia
2237 2151 2322 2180 sunt
2350 2143 2498 2179 ordina-

1439 2202 1592 2231 tisslma.

1493 2249 1552 2283 An
1579 2259 1738 2284 TERTIUM
1766 2259 1950 2285 mCENDUM
1979 2249 2084 2297 quod
2112 2248 2278 2285 iudicare
2307 2247 2354 2284 de
2375 2249 2498 2296 aliquo

1440 2307 1565 2348 potest
1600 2300 1750 2348 intelligi
1788 2301 1996 2349 dupliciter.
2025 2302 2112 2339 Uno
2146 2303 2286 2348 modo,
2321 2300 2416 2337 sicut
2442 2301 2500 2337 vis

1441 2353 1630 2400 cognitiva
1655 2353 1832 2390 diiudicat
1859 2354 1906 2391 de
1926 2354 2268 2403 propri000biect03
2289 2354 2498 2391 secundum

1440 2405 1529 2442 illud
1556 2406 1626 2442 Iob
1644 2405 1751 2442 xt1*:
1779 2406 1922 2443 Nonne
1955 2408 2060 2444 auris
2090 2407 2206 2444 verba
2242 2407 2438 2452 diiudicat,
2467 2412 2502 2443 et
2524 2417 2660 2439 ’ven-u-

1435 2460 1568 2506 fauces
1596 2459 1818 2495 comedentis
1843 2461 2045 2507 saporem?
2071 2460 2121 2496 Et
2149 2461 2358 2497 secundum
2385 2459 2497 2496 istum

1442 2512 1602 2548 modum
1630 2511 1767 2558 iudicii,
1788 2511 2044 2562 Philosophus
2064 2513 2151 2549 dicit
2169 2513 2274 2561 quod
2303 2514 2497 2560 unusquis-

1442 2576 1512 2613 que
1540 2565 1632 2601 bene
1650 2563 1821 2601 iudicatss
1844 2576 1942 2613 quae
1968 2565 2168 2615 cognoscit,
2198 2565 2400 2603 iudicando
2430 2565 2497 2602 sci·
2622 2561 2637 2595 β

1440 2617 1526 2653 licet
1553 2628 1601 2653 an
1630 2617 1675 2653 sit
1701 2629 1838 2654 verum
1859 2620 1961 2667 quod
1984 2618 2222 2668 proponitur.
2251 2619 2336 2656 Alio
2366 2618 2496 2666 modo,

1443 2670 1652 2707 secundum
1682 2670 1788 2718 quod
1806 2671 1979 2719 superior
1996 2670 2136 2708 iudicat
2156 2671 2202 2708 de
2222 2671 2386 2708 inferiori
2405 2682 2498 2718 quo-

1443 2724 1532 2760 dam
1560 2722 1725 2771 practico
1753 2722 1906 2770 iudicio,
1935 2734 1985 2761 an
2013 2724 2151 2761 scilicet
2178 2724 2227 2760 ita
2256 2724 2391 2760 debeat
2417 2735 2497 2760 esse

1441 2776 1504 2812 vel
1532 2788 1612 2812 non
1638 2775 1699 2812 ita.
1729 2776 1779 2812 Et
1805 2776 1857 2812 sic
1882 2777 2006 2814 nullus
2023 2785 2149 2825 potest
2166 2777 2330 2813 iudicare
2350 2776 2396 2813 de
2415 2777 2498 2823 lege

1442 2836 1606 2865 aeterna.

2522 1677 2533 1688 ⁸
2546 1676 2612 1699 Vera.
2630 1682 2667 1698 20.

2524 1889 2533 1897 '¹
2548 1887 2574 1908 ln
2590 1892 2695 1915 corpore.

2523 1940 2534 1951 ⁸
2547 1940 2577 1962 D.
2590 1939 2642 1967 366.

1497 2945 1522 2979 β)
1542 2947 1652 2973 iudicat.
1669 2960 1689 2966 —
1707 2947 1838 2973 diiudicat
1857 2948 1906 2976 Pa,
1925 2947 2026 2972 iudicat
2045 2947 2077 2972 de
2095 2947 2135 2971 his
2153 2946 2185 2972 K.

866 3152 870 3153 γ
1060 3134 1062 3158 1
1119 3089 1440 3148 ARTICULUS
1469 3089 1698 3133 TERTIUS

863 3176 1019 3207 UTRUM
1042 3177 1174 3208 OMNIS
1194 3178 1279 3208 LEX
1301 3181 1331 3209 A
1354 3179 1467 3210 LEGE
1490 3177 1693 3209 AETERNA
1716 3178 1964 3209 DERIVETUR

360 3275 370 3295 Ἰ

356 3287 415 3358 {⁸
464 3288 485 3301 μ
537 3276 560 3301 D
583 3275 743 3300 TERTlUM
765 3275 819 3300 Sic
843 3275 1081 3300 PROCEDITUR.
1102 3263 1261 3300 Videtur
1284 3265 1388 3312 quod

355 3319 357 3323 .
378 3318 410 3344 U

377 3350 399 3373 ,α

413 3278 423 3304 5
448 3302 450 3305 -
477 3290 500 3310 ετ

396 3304 518 3371 ‘Al-33,
538 3329 617 3353 non
637 3316 761 3353 omnis
780 3317 839 3352 lex
859 3328 881 3352 a
900 3317 980 3363 lege
1010 3323 1162 3352 aeterna
1186 3317 1385 3354 derivetur.

346 3370 382 3417 ζ]
392 3407 394 3411 ,
406 3382 466 3422 *⁷5
478 3352 607 3406 Est
622 3369 722 3406 enirn
738 3369 929 3417 quaedam
943 3370 1003 3405 lex
1017 3369 1169 3415 fomitis,
1185 3376 1226 3405 ut
1244 3382 1358 3418 supra
1368 3370 1388 3391 *

348 3418 352 3424 ’
384 3395 483 3455 (²³¹5)
498 3411 681 3459 &dictum
703 3429 767 3458 est.
798 3423 883 3470 Ipsa
903 3429 1029 3458 autem
1058 3434 1135 3458 non
1159 3421 1348 3458 derivatur
1366 3435 1388 3458 a

327 3475 408 3523 lege
438 3475 578 3522 divina,
608 3487 706 3523 quae
727 3482 783 3512 est
800 3475 858 3511 lex
878 3482 1047 3511 aeterna:
1070 3476 1117 3511 ad
1142 3474 1264 3523 ipsam
1285 3475 1386 3511 enim

1442 3265 1602 3315 pertinet
1628 3265 1826 3313 prudentia
1847 3265 1980 3312 carnis,
2009 3265 2057 3302 de
2076 3278 2152 3314 qua
2171 3267 2377 3315 Apostolus
2397 3267 2496 3315 dicit,

1442 3319 1492 3354 ad
1505 3319 1616 3354 Rom.
1633 3330 1692 3354 vm
1707 3318 1737 3364 ²⁸,
1755 3319 1858 3366 quod
1878 3318 1956 3367 legi
1972 3319 2046 3355 Dei
2063 3331 2136 3355 non
2151 3325 2273 3367 potest
2289 3332 2368 3357 esse
2380 3322 2498 3357 suhie-
2526 3340 2534 3347 ·
2549 3338 2615 3359 vm.
2632 3344 2652 3365 7.

1441 3376 1511 3407 cta.
1542 3371 1642 3418 Ergo
1672 3383 1749 3407 non
1779 3371 1903 3407 omnis
1927 3372 1984 3407 lex
2003 3372 2175 3420 procedit
2194 3385 2215 3409 a
2234 3373 2314 3420 lege
2334 3380 2496 3411 aeterna.

1496 3435 1530 3459 2.
1553 3424 1783 3470 ΡΒΑΕΤΕΚΕΑ,
1801 3424 1917 3471 alege
1938 3431 2090 3462 aeterna
2109 3425 2199 3461 nihil
2219 3425 2390 3474 iniquum
2411 3439 2496 3474 pro-

1443 3475 1576 3512 cedere
1595 3484 1736 3525 potest:
1759 3476 1846 3525 quia
1861 3477 1955 3514 sicut
1975 3477 2115 3514 dictum
2136 3486 2190 3515 est
2209 3478 2239 3526 ³¹⁸,
2262 3479 2323 3515 lex
2345 3485 2496 3515 aeterna
2523 3478 2736 3532 {rgffipmoedw
