2840 4010
75 338 84 348 ⁶
100 338 167 359 Vers.
177 337 204 358 28
219 342 272 363 sqq.

78 391 85 399 ”
100 389 166 410 Vers.
182 389 214 410 16.

77 653 86 662 '
101 651 168 672 Vers.
183 656 212 671 12.

0 1179 7 1207 r„
0 1018 16 1134 «ww-211

100 1390 176 1424 *Ven-
190 1390 232 1412 ult.
243 1398 246 1402 -

87 2606 99 2618 ⁸
112 2604 179 2627 Vm.
194 2605 226 2626 ιε.

87 2759 98 2771 ⁴
112 2758 180 2781 Vers.
195 2759 220 2782 16
235 2764 271 2786 eq.

91 2978 100 2986 ¹
114 2975 180 2996 Vers.
196 2976 218 2996 8.

90 3004 109 3012 ””
126 3001 193 3023 Vers.
208 3006 239 3028 ¹9·

89 3077 98 3086 ·
113 3075 181 3097 Vers.
196 3075 218 3097 6.

90 3103 110 3112 ”·
125 3101 193 3124 Vei-s.
208 3108 237 3130 ¹5.

90 3135 99 3143 ·
113 3133 182 3161 Καρ.
196 3133 224 3154 ad
240 3139 272 3154 ιο.

208 3240 299 3283 igidi?

90 3235 101 3277 ἶ
110 3234 204 3283 ἓῗῊῖ’

1002 141 1267 187 QUAESTIO
1298 140 1380 186 CV,
1409 139 1704 176 ARTICULUS
1734 139 1765 175 lI

313 220 390 268 Sed
417 221 527 260 bruta
554 219 730 256 animalia
758 231 836 256 non
855 227 1016 268 possunt
1042 220 1184 256 habere
1209 220 1372 266 culpam.

313 274 416 320 Ergo
452 272 763 310 inconvenienter
792 272 844 309 eis
872 272 1049 320 infligitur
1075 283 1219 320 poena,
1247 270 1371 307 Exod.

313 336 373 363 xxi
390 324 428 362 *ε
458 326 535 362 Bos
562 325 744 373 lapidibus
771 326 950 362 obruetur
968 325 1034 373 qui
1051 323 1227 361 occiderit
1247 324 1372 360 virum

313 382 381 414 aut
396 377 603 415 mulierem.
625 378 674 414 Et
691 378 808 415 Levit.
829 389 877 414 xx
894 377 914 398 ‘¹‘
934 377 1086 414 dicitur:
1114 375 1261 412 Mulier
1278 387 1375 423 quae

314 431 551 468 succubuerit
584 430 732 467 cuilibet
766 431 950 475 iumento,
984 428 1097 466 simul
1131 428 1377 475 interfim'atur

315 494 401 520 cum
430 496 484 520 eo.
516 483 578 520 Sic
610 480 719 531 igitur
745 482 895 519 videtur
926 481 1031 528 quod
1063 479 1376 516 inconvenienter

317 547 362 573 ea
389 548 490 584 quae
508 535 695 585 pertinent
713 535 764 572 ad
783 533 1001 574 convictum
1020 531 1222 569 hominurn
1252 531 1300 569 ad
1319 532 1375 568 in-

315 587 452 636 vicem,
473 588 612 626 fuerint
637 588 677 624 in
703 588 784 634 lege
811 584 931 623 veteri
960 584 1143 622 ordinata.

377 653 433 679 12.
450 642 682 686 PRAETEREA,
699 638 894 677 Dominus
914 637 1111 686 mandavit
1129 637 1253 675 Exod.
1270 649 1329 674 xxi
1343 636 1376 683 ²¹²,

318 694 424 743 quod
449 693 699 734 homicidium
726 697 850 728 morte
870 690 1040 727 hominis
1061 689 1269 738 puniretur.
1299 690 1376 726 Sed

318 759 422 784 mors
441 746 540 784 bruti
558 743 731 783 animalis
744 743 867 780 *multo
888 743 1014 779 minus
1042 749 1237 791 reputatur
1259 754 1376 791 quam

319 799 458 837 occisio
487 797 664 846 hominis.
684 797 787 843 Ergo
815 807 894 833 non
912 803 1037 844 potest
1065 795 1295 833 sufficienter
1321 807 1377 832 re-

320 850 561 900 compensari
576 861 703 899 poena
722 848 917 886 homicidii
937 860 1006 897 per
1029 848 1259 885 occisionem
1279 847 1378 884 bruti

319 904 502 943 animalis.
541 901 857 950 Inconvenienter
890 901 1000 949 igitur
1031 901 1234 938 mandatur
1266 901 1375 937 Deut.

318 969 399 1004 xxi,
433 955 539 1004 quod
570 954 722 1003 quando
755 954 945 991 inventum
971 954 1091 1002 fuerit
1121 954 1285 991 cadauer
1315 965 1378 990 oc-

319 1009 387 1046 cisi
410 1007 583 1054 hominis,
607 1013 642 1044 et
667 1007 907 1056 ignorabitur
934 1007 1057 1044 caedis
1084 1018 1187 1052 reus,
1214 1006 1379 1043 seniores

313 1061 596 1110 propinquioris
618 1060 774 1096 civitatis
802 1059 934 1097 tollant
957 1059 1112 1096 vitulam
1134 1059 1183 1096 de
1205 1064 1378 1096 armento

320 1125 417 1163 quae
444 1126 519 1151 non
544 1113 663 1150 traxit
687 1113 819 1162 iugum
840 1124 908 1149 nec
925 1117 1067 1149 terram
1092 1111 1200 1149 scidit
1213 1123 1377 1158 vomere,

319 1173 356 1205 et
375 1167 511 1210 ducent
536 1178 620 1203 eam
639 1166 690 1202 ad
711 1165 848 1202 vallem
871 1176 1044 1213 asperam
1072 1170 1183 1213 atque
1199 1176 1379 1202 saxosam

320 1230 418 1269 quae
445 1230 652 1268 numquam
679 1224 789 1255 arata
817 1224 872 1254 est
892 1230 962 1255 nec
987 1223 1152 1255 sementa
1179 1218 1326 1266 recepit,
1346 1224 1383 1254 et

265 1292 272 1294 -
321 1271 475 1311 ξᾶέᾱεηί
501 1272 538 1308 in
566 1283 612 1309 ea
639 1271 801 1308 cervices
827 1270 976 1307 vitulae.

375 1326 450 1364 SED
482 1336 629 1363 CONTRA
660 1335 726 1360 EST
758 1323 862 1371 quod
895 1336 966 1372 pro
1003 1322 1156 1371 speciali
1191 1323 1379 1368 beneficio

323 1384 648 1417 commemoratur
674 1376 713 1413 in
732 1376 886 1413 Psalmo
906 1387 1025 1413 chvn
1042 1375 1078 1412 *ε
1105 1375 1198 1413 Non
1211 1377 1311 1424 fecit
1326 1382 1380 1414 ta—

322 1431 405 1469 liter
421 1431 536 1467 omni
562 1429 715 1475 nationi,
745 1434 779 1465 et
806 1429 943 1466 iudicia
970 1440 1039 1466 sua
1067 1440 1141 1465 non
1165 1429 1380 1477 manifesta-

351 1560 353 1566 ν
375 1537 601 1575 ΒΕεΡοΝῡΕο
626 1545 809 1571 montinum
829 1534 946 1582 quod,
968 1533 1062 1571 sicut
1083 1534 1314 1582 Augustinus
1339 1535 1378 1572 in

158 1599 295 1623 -xn--Cf-
323 1589 356 1627 11
384 1589 430 1627 de
461 1588 542 1626 Ciu.
562 1587 637 1624 Dei
657 1586 678 1608 *
709 1586 910 1624 introducit
932 1599 955 1623 a
974 1586 1100 1624 Tullio
1130 1586 1283 1634 dictum,
1312 1599 1381 1636 po-

116 1643 123 1649 .
154 1625 197 1654 lx,
211 1631 232 1648 e.
238 1631 294 1653 „xxi-

317 1641 432 1691 pulus
449 1646 504 1678 est
529 1646 653 1677 coetus
679 1639 922 1677 multitudinis
946 1640 1038 1676 iuris
1060 1651 1240 1677 consensu
1259 1646 1294 1677 et
1315 1641 1382 1677 uti-

276 1700 279 1702 '
322 1695 433 1732 litatis
460 1693 724 1731 communione
747 1691 758 1717 ‘
784 1692 956 1730 sociatus.
986 1692 1098 1730 Unde
1124 1693 1174 1730 ad
1196 1693 1381 1730 rationem

324 1746 457 1796 populi
476 1746 637 1795 pertinet
663 1752 703 1781 ut
726 1744 1023 1782 communicatio
1040 1745 1240 1783 hominum
1261 1747 1309 1783 ad
1329 1746 1384 1783 in-

323 1800 450 1838 vicem
470 1799 574 1836 iustis
593 1798 803 1847 praeceptis
823 1797 913 1845 legis
933 1797 1137 1836 ordinetur.
1166 1798 1236 1835 Est
1253 1806 1381 1836 autern

326 1852 464 1902 duplex
483 1850 780 1889 communicatio
799 1850 999 1888 hominum
1020 1850 1069 1888 ad
1091 1850 1277 1889 invicem:
1305 1864 1382 1889 una

325 1906 480 1954 quidem
500 1916 600 1953 quae
614 1904 658 1940 fit
676 1903 894 1940 auctoritate
909 1903 1140 1952 principum;
1166 1904 1236 1941 alia
1255 1912 1382 1942 autem

324 1959 367 1996 fit
394 1958 547 2007 propria
574 1957 770 1994 voluntate
789 1956 1023 2005 privatarum
1042 1969 1304 2005 personarum.
1335 1959 1385 1994 Et

325 2011 414 2060 quia
433 2012 629 2055 voluntate
647 2008 946 2058 uniuscuiusque
966 2009 1117 2058 disponi
1134 2017 1259 2058 potest
1278 2011 1382 2059 quod

326 2065 406 2102 eius
425 2063 598 2100 subditur
610 2062 798 2111 potestati,
813 2061 900 2099 ideo
916 2062 1136 2099 auctoritate
1154 2062 1381 2112 principum,

325 2117 464 2166 quibus
492 2115 651 2153 subiecti
684 2122 770 2152 sunt
797 2114 993 2161 homines,
1023 2122 1173 2164 oportet
1199 2117 1303 2165 quod
1331 2117 1385 2153 iu-

326 2170 423 2207 dicia
451 2166 546 2206 inter
568 2167 744 2207 homines
769 2175 1025 2215 exerceantur,
1046 2176 1083 2205 et
1099 2180 1249 2217 poenae
1268 2170 1386 2206 male-

326 2222 529 2260 factoribus
562 2221 779 2258 inferantur.
813 2220 994 2257 Potestati
1020 2233 1115 2258 vero
1151 2221 1384 2270 privatarum

324 2286 576 2325 personarum
593 2274 808 2318 subduntur
830 2286 889 2310 res
908 2285 1125 2322 possessae:
1144 2281 1182 2311 et
1198 2274 1285 2312 ideo
1300 2287 1387 2324 pro-

325 2328 408 2378 pria
425 2328 623 2365 voluntate
641 2332 660 2354 η
687 2326 727 2364 in
749 2326 807 2363 his
826 2333 986 2375 possunt
1008 2326 1079 2364 sibi
1098 2326 1260 2365 invicem
1282 2340 1386 2365 com·

326 2380 532 2427 municare,
562 2387 654 2428 puta
682 2379 859 2426 emendo,
888 2379 1106 2427 vendendo,
1136 2379 1329 2428 donando,
1351 2389 1387 2418 et

326 2434 405 2472 aliis
433 2432 651 2471 huiusmodi
679 2432 817 2469 modis.
843 2479 847 2481 μ

381 2486 492 2524 Circa
520 2493 721 2533 utramque
750 2492 878 2521 autem
913 2485 1298 2523 communicationem
1327 2487 1386 2523 lex

328 2539 558 2578 sufficienter
573 2537 773 2576 ordinavit.
791 2537 927 2575 Statuit
941 2538 1042 2575 enirn
1057 2537 1213 2576 iudices:
1229 2546 1270 2576 ut
1284 2547 1386 2588 patet

326 2594 437 2631 Deut.
449 2604 509 2630 xvl
518 2592 554 2628 *τ
573 2591 722 2628 Iudices
736 2596 772 2627 et
783 2591 987 2639 magistros
1001 2591 1197 2628 constitues
1215 2591 1252 2629 in
1267 2593 1386 2629 omni—

327 2647 396 2683 bus
419 2645 539 2694 portis
566 2644 656 2689 eius,
687 2649 727 2680 ut
749 2643 911 2680 iudicent
920 2644 1104 2691 populum
1123 2645 1218 2681 iusto
1237 2644 1384 2682 iudicio.

328 2698 486 2735 Instituit
506 2697 618 2734 etiam
647 2696 788 2733 iustum
817 2695 944 2733 iudicii
973 2697 1165 2734 ordinem:
1190 2704 1233 2734 ut
1256 2697 1387 2734 dicitur

327 2752 437 2788 Deut.
459 2762 469 2787 i
488 2749 524 2786 *ε
558 2749 668 2791 Quod
690 2749 826 2785 iustum
854 2754 908 2785 est
924 2749 1100 2787 iudicate:
1122 2750 1200 2787 sive
1218 2750 1308 2788 civis
1326 2751 1388 2788 ille

326 2804 374 2840 sit
394 2804 472 2840 sive
487 2802 727 2851 peregrinus,
755 2801 859 2838 nulla
878 2802 950 2838 erit
969 2814 1222 2850 personarum
1250 2803 1387 2841 distan-

328 2857 390 2894 tia.
421 2855 577 2892 Sustulit
605 2854 718 2891 etiam
748 2853 990 2891 occasionem
1019 2855 1144 2892 iniusti
1168 2855 1306 2903 iudicii,
1325 2869 1387 2894 ac-

329 2909 543 2958 ceptionem
582 2919 786 2944 munerum
824 2906 1011 2944 iudicibus
1047 2908 1309 2956 prohibend03
1346 2917 1388 2946 ut

328 2969 431 3011 patet
447 2961 572 2998 Exod.
592 2972 677 2997 xxm
696 2959 728 3006 ⁸⁸,
748 2967 785 2996 et
802 2960 912 2997 Deut.
932 2971 992 2998 xw
1013 2960 1065 2997 ³¹³⁸.
1095 2961 1254 2998 Instituit
1272 2961 1386 2999 etiam

329 3025 534 3052 numerum
567 3013 719 3050 testium
754 3012 920 3050 duorum
951 3014 1015 3051 vel
1047 3013 1180 3059 trium3
1209 3021 1252 3051 ut
1285 3021 1388 3063 patet

328 3069 439 3104 Deut.
455 3079 527 3104 xvu
541 3066 572 3113 ²¹²,
595 3073 631 3102 et
644 3077 704 3102 x1x
718 3064 769 3101 **.
791 3065 950 3102 Instituit
968 3065 1082 3103 etiam
1102 3073 1222 3104 certas
1239 3079 1386 3115 poenas

328 3133 398 3169 pro
428 3119 586 3157 diversis
615 3117 769 3164 delictis,
798 3125 840 3155 ut
866 3125 954 3167 post
970 3117 991 3140 '¹‘
1019 3118 1174 3155 dicetur.

384 3173 462 3210 Sed
482 3172 579 3210 circa
599 3183 658 3208 res
677 3183 871 3220 possessas
890 3171 1080 3220 optimum
1101 3178 1167 3218 est,
1188 3171 1282 3208 sicut
1301 3171 1389 3209 dicit

329 3226 598 3274 Philosophus,
617 3225 656 3262 in
677 3225 709 3260 II
723 3223 830 3261 Polit.
851 3223 882 3270 ²¹⁸,
913 3223 1017 3272 quod
1035 3223 1296 3272 possessiones
1315 3224 1387 3261 sint

329 3279 536 3326 distinctae,
567 3285 603 3314 et
629 3289 721 3314 usus
749 3276 795 3314 sit
821 3276 959 3326 partim
989 3276 1221 3323 communis,
1249 3277 1386 3326 partim

381 3389 407 3423 ζ)
429 3389 553 3414 utilitatis
571 3387 763 3413 communione.
781 3400 799 3406 -
818 3386 934 3411 utilitate
956 3386 1155 3411 communitatis
1174 3385 1388 3410 ABCDEFGIKL

329 3425 371 3457 PH
382 3430 415 3492 ’Bt
430 3431 572 3484 flammate.
585 3472 603 3477 —
621 3457 781 3482 auctoritate
800 3457 846 3482 Pa.
859 3470 877 3476 —-
896 3457 981 3482 modis
999 3464 1053 3481 om.
1071 3456 1140 3480 PKa.
1380 3487 1390 3495 Δ

383 3493 408 3528 0)
427 3495 562 3527 aliqua...
580 3493 680 3526 primo.
698 3506 716 3511 -
734 3493 848 3524 aliquem
868 3499 930 3516 usus
948 3492 1045 3517 retenti
1067 3494 1153 3516 essent
1174 3491 1307 3516 communi
1326 3490 1388 3522 prie

471 3547 580 3572 Summas
599 3546 699 3570 Τεεοι.
720 3546 750 3570 D.
769 3545 883 3570 Taonms
902 3544 933 3569 T.
953 3544 995 3568 lV.

2410 137 2482 173 265

1428 225 1555 254 autem
1582 229 1652 266 per
1678 217 1915 254 voluntatem
1942 228 2207 265 possessorum
2229 217 2486 253 communice-

1428 277 1498 306 tur.
1529 271 1578 307 Et
1605 270 1700 307 haec
1727 269 1796 306 tria
1824 269 1977 306 fuerunt
2003 269 2042 305 in
2070 269 2151 317 lege
2180 276 2327 305 statuta.
2357 270 2484 307 Primo

1430 322 1543 368 enim,
1563 322 1667 370 ipsae
1686 322 1948 370 possessiones
1968 321 2110 359 divisae
2127 328 2234 358 erant
2246 322 2285 358 in
2300 322 2484 369 singulos:

1430 374 1562 415 dicitur
1590 375 1691 411 enim
1718 375 1838 412 Num.
1857 374 2020 411 xxx111*:
2047 375 2135 424 Ego
2163 375 2248 411 dedi
2278 375 2384 411 vobis
2415 381 2486 411 ter-

1429 438 1512 462 ram
1542 427 1579 463 in
1602 428 1886 475 possessionem,
1914 439 2028 475 quam
2054 433 2154 463 sorte
2179 427 2346 464 dividetis
2370 428 2484 464 vobis.

1430 479 1478 514 Et
1506 480 1595 526 quia
1622 492 1690 527 per
1716 479 2007 528 possessionum
2032 479 2340 527 irregularitatem
2359 481 2486 529 plures

1431 531 1599 568 civitates
1628 532 1881 579 destruuntur,
1906 540 1947 569 ut
1975 533 2230 581 Philosophus
2259 533 2363 580 dicit,
2388 533 2427 570 in
2454 535 2485 569 ΙΙ

1429 583 1534 619 Polit.
1551 583 1589 626 *,·
1612 584 1698 621 ideo
1720 584 1818 621 circa
1836 585 2096 633 possessiones
2115 586 2337 633 regulandas
2355 586 2487 634 triplex

1432 636 1645 672 remedium
1665 637 1724 673 lex
1743 637 1925 674 adhibuit.
1954 638 2083 674 Unum
2108 638 2275 685 quidem,
2295 647 2336 675 ut
2354 651 2487 676 secun·

1432 687 1525 725 dum
1544 701 1748 725 numerum
1765 690 1965 726 hominum
1987 691 2192 738 aequaliter
2212 691 2486 729 dividerentur:

1431 741 1532 778 unde
1567 741 1702 778 dicitur
1727 742 1846 778 Num.
1866 742 2032 778 xxx111*:
2061 743 2234 779 Pluribus
2269 745 2402 781 dabitis
2434 745 2487 782 la·
2515 754 2523 762 ·
2552 752 2597 772 'rs

1434 794 1577 839 tiorem,
1602 799 1638 830 et
1657 794 1903 842 paucioribus
1930 796 2198 844 angustiorem.
2228 797 2341 833 Aliud
2365 809 2487 834 reme-

1433 846 1538 882 dium
1559 854 1614 882 est
1646 853 1687 882 ut
1713 846 1974 894 possessiones
1998 860 2078 884 non
2097 847 2134 884 in
2154 857 2381 896 perpetuum
2401 850 2488 886 alie-

1433 906 1583 945 nentur,
1614 899 1681 935 sed
1711 906 1813 935 certo
1846 906 2018 946 tempore
2056 900 2104 936 ad
2133 913 2221 937 suos
2250 914 2488 949 possessores

1434 958 1680 997 revertantur,
1709 959 1750 988 ut
1778 963 1855 987 non
1884 952 2163 989 confundantur
2194 961 2313 990 sortes
2340 967 2488 1002 posses-

1434 1003 1585 1041 sionum
1604 1003 1636 1040 ³¹⁴.
1666 1003 1839 1040 Tertium
1869 1004 2083 1041 remedium
2112 1012 2167 1041 est
2194 1005 2244 1042 ad
2272 1006 2489 1044 huiusmodi

1435 1056 1698 1094 confusionem
1714 1056 1934 1103 tollendam,
1950 1065 1992 1093 ut
2009 1057 2172 1105 proximi
2187 1059 2392 1095 succedant
2408 1072 2489 1095 mo-

1435 1107 1634 1159 rientibus22
1661 1109 1786 1158 primo
1820 1109 1974 1158 quidem
2008 1110 2138 1157 gradu,
2168 1111 2290 1156 filius;
2319 1113 2488 1149 secundo

1435 1171 1574 1208 autem,
1595 1162 1691 1208 filia;
1711 1162 1831 1209 tertio,
1852 1162 2001 1207 fratres;
2021 1170 2169 1210 quarto,
2183 1163 2325 1211 patrui;
2346 1165 2490 1212 quinto,

1435 1215 1668 1263 quicumque
1696 1214 1902 1264 propinqui
1914 1215 1945 1251 ²¹⁶.
1976 1216 2026 1252 Et
2043 1216 2091 1252 ad
2113 1215 2391 1254 distinctionem
2412 1230 2491 1254 sor-

1434 1268 1528 1304 tium
1557 1267 1881 1314 conservandam,
1910 1268 2065 1305 ulterius
2094 1269 2152 1304 lex
2185 1269 2310 1306 statuit
2336 1277 2380 1306 ut
2406 1282 2491 1307 mu-

1434 1321 1544 1358 lieres
1571 1333 1670 1368 quae
1699 1327 1786 1357 sunt
1812 1321 2013 1367 haeredes,
2043 1321 2230 1358 nuberent
2256 1334 2347 1359 suae
2374 1323 2492 1360 tribus

1435 1373 1666 1420 hominibus,
1695 1381 1736 1410 ut
1763 1373 1923 1410 habetur
1949 1374 2068 1410 Num.
2088 1385 2207 1410 xxxvi.

1490 1426 1668 1463 Secundo
1683 1438 1790 1472 vero,
1806 1425 1963 1462 instituit
1976 1427 2035 1462 lex
2049 1434 2090 1462 ut
2104 1434 2287 1474 quantum
2302 1427 2350 1463 ad
2366 1427 2491 1475 aliqua

1437 1492 1525 1515 usus
1554 1491 1680 1515 rerum
1709 1485 1806 1515 esset
1834 1479 2062 1515 communis.
2092 1479 2142 1515 Et
2167 1479 2293 1527 primo
2313 1478 2492 1528 ⁰,‘quan-

1435 1540 1517 1568 tum
1536 1532 1585 1569 ad
1606 1543 1756 1569 curam:
1777 1539 2026 1580 praeceptum
2046 1539 2102 1568 est
2121 1531 2222 1568 enirn
2241 1533 2352 1568 Deut.
2368 1545 2439 1569 xxii
2453 1533 2491 1569 *z
2521 1539 2527 1545 “

1435 1585 1525 1622 Non
1550 1585 1689 1622 videbis
1715 1585 1848 1621 bouem
1876 1589 1912 1620 et
1937 1595 2044 1621 ovem
2059 1585 2203 1634 fratris
2220 1585 2276 1621 tui
2291 1591 2491 1631 errantem,

1436 1644 1471 1674 et
1486 1637 1722 1685 praeteribis,
1749 1637 1815 1673 sed
1840 1637 1994 1673 reduces
2008 1638 2134 1685 fratri
2160 1643 2243 1682 tuo,·
2270 1645 2306 1674 et
2325 1638 2495 1675 similiter

1436 1691 1483 1728 de
1503 1690 1595 1727 aliis.
1615 1689 1851 1736 -,Secund0,
1875 1697 2061 1737 quantum
2081 1690 2130 1727 ad
2149 1690 2325 1727 fructum.
2347 1691 2495 1728 Conce-

1436 1744 1596 1780 debatur
1614 1743 1717 1780 enim
1740 1743 1995 1779 communiter
2013 1751 2197 1791 quantum
2218 1743 2266 1780 ad
2286 1755 2433 1791 omnes,
2453 1752 2495 1780 ut

1436 1796 1625 1844 ingressus
1651 1796 1690 1832 in
1719 1795 1872 1832 vineam
1901 1795 2012 1832 amici
2040 1803 2169 1844 posset
2196 1795 2293 1832 licite
2318 1797 2494 1833 comede-

1437 1862 1488 1895 re,
1518 1849 1612 1886 dum
1640 1856 1769 1894 tamen
1798 1855 1899 1885 extra
1926 1860 2006 1885 non
2034 1849 2195 1885 auferret
2214 1854 2221 1869 ²
2240 1848 2271 1884 ²¹².
2298 1849 2493 1896 Quantum

1437 1903 1485 1939 ad
1503 1913 1690 1950 pauperes
1709 1913 1804 1937 vero
1833 1901 2051 1950 specialiter,
2067 1908 2108 1937 ut
2123 1901 2176 1937 eis
2196 1901 2495 1949 relinquerentur

1438 1954 1621 2002 manipuli
1649 1953 1766 2001 obliti,
1797 1961 1833 1990 et
1859 1954 2002 1990 fructus
2030 1961 2066 1990 et
2085 1954 2224 1990 racemi
2244 1962 2494 2001 remanentes,

1438 2015 1478 2044 ut
1505 2008 1666 2044 habetur
1683 2007 1774 2044 Lev.
1795 2019 1855 2043 xix
1873 2006 1904 2054 *,
1935 2014 1971 2043 et
1997 2008 2109 2044 Deut.
2127 2019 2212 2043 xxw
2233 2007 2284 2044 **.
2314 2008 2363 2044 Et
2382 2008 2494 2044 etiam

1439 2060 1820 2097 communicabantur
1849 2071 1893 2096 ea
1921 2072 2020 2108 quae
2048 2061 2299 2097 nascebantur
2326 2061 2364 2097 in
2384 2061 2495 2108 septi-

1439 2126 1504 2150 mo
1525 2125 1642 2158 anno3
1662 2120 1703 2150 ut
1721 2113 1883 2150 habetur
1894 2113 2018 2149 Exod.
2039 2112 2170 2159 xx111*,
2189 2120 2232 2160 zet
2247 2114 2337 2149 Lev.
2354 2126 2426 2150 xxv
2439 2113 2493 2150 **.

1492 2166 1622 2202 Tertio
1653 2178 1761 2212 vero,
1790 2165 1916 2202 statuit
1942 2166 2001 2202 lex
2030 2165 2415 2203 communicationem
2443 2167 2495 2203 fa-

1441 2227 1539 2256 ctam
1558 2231 1627 2267 per
1655 2230 1721 2255 eos
1741 2218 1805 2267 qui
1825 2226 1912 2255 sunt
1930 2218 2076 2255 domini
2097 2230 2236 2255 rerum.
2258 2219 2382 2255 Unam
2402 2232 2495 2267 pure

1440 2271 1658 2320 gratuitam:
1687 2271 1789 2308 unde
1818 2270 1951 2308 dicitur
1978 2272 2088 2308 Deut.
2108 2283 2168 2307 X1v
2187 2271 2222 2307 *τ
2250 2272 2363 2308 Anno
2390 2273 2495 2308 tertio

1439 2325 1630 2373 separabis
1666 2324 1782 2361 aliam
1814 2324 2019 2370 decimam,
2051 2324 2271 2372 venientque
2304 2324 2429 2361 levites
2464 2331 2500 2361 et

1434 2377 1662 2427 peregrinus
1693 2382 1729 2413 et
1748 2376 1914 2425 pupillus
1946 2382 1982 2413 et
2007 2377 2142 2422 vidua,
2181 2383 2216 2413 et
2246 2378 2439 2414 comedent
2464 2384 2498 2414 et

1439 2431 1720 2468 saturabuntur.
1750 2430 1873 2466 Aliam
1902 2442 1997 2466 vero
2027 2441 2113 2466 cum
2141 2430 2496 2478 recompensatione

1440 2483 1621 2520 utilitatis:
1652 2482 1747 2519 sicut
1769 2495 1838 2531 per
1856 2482 2117 2520 venditionem
2138 2490 2174 2519 et
2193 2483 2439 2531 emptionem,
2461 2490 2497 2518 et

1440 2536 1669 2574 locationem
1689 2543 1726 2572 et
1745 2535 2039 2572 conductionem
2061 2541 2088 2582 ²,
2110 2542 2146 2571 et
2164 2547 2232 2583 per
2251 2543 2439 2582 mutuum,
2461 2543 2497 2572 et

1440 2590 1575 2626 iterum
1603 2601 1671 2637 per
1700 2587 1929 2636 depositum,
1959 2588 2006 2624 de
2035 2587 2173 2635 quibus
2194 2588 2371 2624 omnibus
2391 2588 2497 2624 inve-

1441 2643 1591 2679 niuntur
1619 2640 1877 2678 ordinationes
1906 2649 2029 2677 certae
2050 2641 2088 2677 in
2106 2641 2187 2688 lege
2206 2640 2237 2676 ²¹³.
2265 2641 2375 2677 Unde
2394 2647 2498 2688 patet

1439 2695 1543 2744 qudd
1571 2695 1630 2731 lex
1658 2701 1768 2731 vetus
1801 2693 2031 2731 sufficienter
2065 2692 2251 2729 ordinavit
2277 2693 2495 2730 convictum

1440 2748 1535 2786 illius
1562 2746 1705 2796 populi.

1493 2803 1551 2837 AD
1581 2811 1717 2836 PRmUM
1745 2810 1843 2836 ERGO
1863 2811 2046 2836 manDUM
2066 2798 2187 2846 quod,
2217 2797 2311 2834 sicut
2333 2799 2497 2846 Aposto—

1440 2855 1497 2890 lus
1514 2853 1612 2899 dicit,
1629 2853 1740 2892 Rom.
1756 2864 1817 2888 xm
1836 2851 1867 2898 ³¹⁶,
1894 2852 1959 2900 qui
1981 2851 2102 2900 diligit
2121 2851 2355 2898 proximum,
2376 2851 2496 2900 legem
2525 2868 2535 2878 ·
2564 2867 2608 2888 κε

1441 2901 1635 2955 implevit!
1645 2905 1734 2953 quia
1754 2904 1894 2942 scilicet
1908 2904 2038 2941 omnia
2051 2911 2253 2952 praecepta
2272 2903 2374 2950 legis,
2390 2916 2498 2952 prae-

1442 2959 1551 3008 cipue
1581 2958 1753 2995 ordinata
1780 2957 1830 2994 ad
1857 2957 2090 3006 proximum,
2107 2956 2155 2992 ad
2178 2956 2280 2992 hunc
2298 2956 2417 2992 finem
2438 2968 2498 2993 or-

1443 3011 1562 3050 dinari
1589 3011 1776 3056 videntur,
1805 3018 1847 3046 ut
1873 3009 2049 3046 homines
2072 3021 2112 3045 se
2139 3008 2303 3045 invicem
2333 3008 2496 3056 diligant.

1442 3066 1500 3102 Ex
1529 3063 1726 3101 dilectione
1755 3069 1883 3099 autem
1910 3061 2081 3110 procedit
2109 3061 2212 3109 quod
2230 3061 2408 3099 homines
2427 3061 2496 3098 sibi

1442 3117 1607 3155 invicem
1635 3116 1737 3152 bona
1765 3127 1833 3151 sua
1854 3113 2155 3150 communicent:
2185 3113 2274 3162 quia
2306 3121 2347 3150 ut
2366 3114 2499 3151 dieitur

1444 3173 1456 3207 I
1487 3171 1591 3206 Ioan.
1612 3180 1647 3204 111
1663 3168 1700 3203 *ε
1734 3167 1809 3209 Qui
1832 3167 1967 3203 viderit
1983 3168 2152 3214 fratrem
2176 3178 2286 3203 suum
2307 3167 2500 3204 necessita-

1443 3229 1514 3259 tem
1538 3220 1751 3270 patientem,
1772 3225 1807 3256 et
1824 3219 2000 3256 clauserit
2014 3219 2159 3256 viscera
2177 3231 2246 3256 sua
2265 3220 2314 3256 ab
2333 3231 2389 3266 eo,
2410 3231 2499 3268 quo-

1442 3275 1552 3312 modo
1582 3273 1719 3310 caritas
1743 3272 1818 3309 Dei
1843 3278 1971 3309 manet
2001 3272 2038 3308 in
2067 3271 2160 3308 illo?
2187 3272 2236 3308 Et
2263 3271 2350 3309 ideo
2379 3272 2499 3310 inten—

1442 3388 1469 3410 et
1492 3385 1533 3414 H;
1557 3391 1604 3415 pro
1630 3383 1664 3408 Et
1683 3382 1786 3414 primo,
1806 3378 1870 3414 prie*
1887 3381 1979 3413 primo
2003 3381 2038 3411 K,
2057 3378 2121 3413 prie‘
2143 3379 2264 3414 (patriae
2289 3380 2335 3415 lL)
2359 3385 2385 3406 et
2409 3382 2499 3410 ceteri,

1442 3423 1468 3444 et
1486 3420 1664 3488 li)a·auj'er·ret.
1675 3466 1695 3472 -
1711 3452 1821 3486 afferret
1838 3451 2038 3482 ABCDEFGIL,
2058 3451 2156 3485 afferat
2174 3452 2206 3482 Η,
2225 3451 2343 3485 desei-ret
2361 3452 2406 3476 Pa.

1494 3489 1520 3523 κ)
1540 3489 1748 3514 conductionem.
1762 3501 1779 3506 -
1793 3487 1970 3512 conditionem
1989 3487 2017 3511 P.

2329 3538 2360 3569 34

2514 387 2521 394 '
2539 385 2604 406 Vei-s.
2619 391 2643 413 53
2658 392 2693 412 sq.

2586 610 2591 615 .
2603 601 2633 620 vi,
2645 600 2666 615 n.
2679 600 2701 616 n.
2712 606 2722 610 -

2572 623 2593 642 11.
2608 621 2659 642 lect.
2674 626 2723 642 xm.

2515 594 2582 643 §.⁰4⁹

2518 1014 2525 1022 ”
2535 1013 2593 1035 Vide
2601 1019 2662 1040 resp.
2669 1013 2697 1034 ad
2705 1020 2724 1042 3.

2519 1222 2527 1230 ·
2534 1220 2727 1249 Num.cap.xxvn,

2518 1254 2578 1268 vers.
2589 1248 2602 1268 8
2613 1254 2663 1275 sqq.

2522 1873 2529 1883 ”
2542 1872 2602 1893 Vide
2610 1878 2670 1899 resp.
2678 1871 2706 1892 ad
2715 1877 2731 1892 x.

2524 2012 2730 2065 ··νκῗὲῗὲ.9.ξέὶῃ,

2524 2119 2531 2126 ·
2547 2117 2614 2138 Vei-⁵.
2629 2123 2655 2138 ιι,

2523 2146 2543 2153 ··
2558 2143 2624 2164 Vers.
2634 2150 2650 2170 4
2665 2149 2717 2170 sqq.

2525 2286 2533 2293 ·
2548 2284 2614 2307 Vers.
2625 2285 2652 2306 28
2668 2290 2701 2312 sq.

2526 2650 2534 2657 ·
2549 2648 2608 2669 Vide
2628 2653 2687 2675 resp.
2705 2647 2733 2668 ad

2524 2681 2543 2703 3Ἴ
2559 2682 2581 2700 4.
2598 2681 2616 2702 5,
2632 2674 2654 2695 6-

2528 3186 2535 3193 ·
2551 3183 2617 3205 Vei-s.
2633 3189 2663 3210 ¹7·
