2840 4010
48 321 59 332 ⁴
74 321 124 349 Qu.
137 325 166 348 u,
182 323 223 342 nrt.

0 2986 4 3011 ἰ
42 2985 58 2997 ⁴¹
71 2984 129 3013 esp.
145 2991 191 3007 ειν.

42 3249 57 3259 ⁴
71 3247 123 3270 Art.
139 3247 243 3276 praeced.

923 186 1186 232 QUAESTIO
1218 187 1408 233 LXXXV,
1439 187 1731 225 ARTICULUS
1761 189 1792 224 11

287 274 355 311 per
378 261 544 298 actiones
572 263 804 300 voluntarias
825 272 998 300 causatur
1025 265 1174 312 aliquid,
1195 265 1257 300 vel
1277 277 1341 300 au-

239 326 260 342 2-
288 314 403 351 fertur
430 315 477 351 ab
506 315 662 351 homine
692 316 744 352 sic
772 325 918 364 agente,
940 325 980 353 ut
1008 329 1121 365 supra
1151 318 1170 338 ²¹⁸
1199 316 1340 352 dictum

287 373 353 413 est,
375 378 463 403 cum
492 367 540 404 de
568 369 809 415 generatione
838 369 1035 405 habituum
1063 375 1246 415 ageretur.

339 421 398 455 An
427 431 599 461 QUARTUM
618 433 801 458 metianum
831 421 935 470 quod
959 421 1134 457 accidens
1162 432 1239 456 non
1268 420 1341 467 agit

289 470 460 508 effective
488 472 527 509 in
555 473 787 518 subiectum;
817 474 891 520 agit
917 481 1045 509 tamen
1074 471 1278 508 formaliter
1305 472 1341 508 in

287 524 424 572 ipsum,
455 537 501 561 eo
531 526 649 562 modo
679 526 859 574 loquendi
878 523 891 546 θ
911 537 988 573 quo
1018 524 1150 560 dicitur
1169 524 1273 572 quod
1294 525 1343 560 al-

287 576 388 613 bedo
407 577 494 614 facit
512 579 652 615 album.
679 579 727 614 Et
751 578 803 614 sic
828 577 916 614 nihil
936 577 1112 625 prohibet
1130 576 1236 624 quod
1254 588 1341 624 pec-

288 637 413 666 catum
434 630 620 667 diminuat
638 631 782 667 bonum
802 637 974 666 naturae:
1005 640 1051 665 eo
1071 637 1199 665 tamen
1223 628 1340 665 modo

288 693 364 728 quo
395 690 450 719 est
477 683 560 731 ipsa
588 682 787 720 diminutio
815 682 906 718 boni
931 689 1099 728 naturae,
1120 681 1343 729 inquantum

286 734 447 782 pertinet
474 737 522 773 ad
556 734 874 772 inordinationem
903 742 1018 771 actus.
1047 734 1123 771 Sed
1158 741 1341 781 quantum

340 845 364 881 θ)
383 848 516 880 loquendi.
533 861 552 866 -
570 847 631 872 Om.
649 847 701 872 EF.

2382 200 2445 224 111

1395 266 1443 301 ad
1471 266 1786 303 inordinationem
1816 266 1978 314 agentis,
2009 273 2158 315 oportet
2191 266 2315 302 dicere
2344 266 2447 315 quod

1395 318 1476 353 t'alis
1508 318 1733 355 inordinatio
1763 326 1935 355 causatur
1961 331 2029 367 per
2055 320 2128 355 hoc
2160 318 2263 367 quod
2293 319 2331 354 in
2359 318 2446 355 acti-

1396 369 1466 405 bus
1495 371 1643 407 animae
1678 371 1817 419 aliquid
1846 379 1900 408 est
1928 371 2093 408 activum
2128 379 2164 408 et
2195 371 2335 420 aliquid
2362 383 2447 419 pas-

1397 421 1539 458 sivum:
1570 423 1663 459 sicut
1699 424 1873 460 sensibile
1902 431 2032 461 movet
2060 424 2267 472 appetitum
2306 423 2448 460 sensiti-

1396 485 1502 519 vum,
1528 482 1563 510 et
1582 476 1768 523 appetitus
1797 476 1996 513 sensitivus
2018 477 2170 513 inclinat
2199 476 2382 512 rationem
2412 483 2448 512 et

1395 526 1642 572 voluntatem,
1662 536 1704 564 ut
1723 541 1835 576 supra
1854 529 1874 550 '³‘
1889 529 2028 566 dictum
2051 537 2115 566 est.
2137 530 2186 566 Et
2205 540 2250 565 ex
2268 530 2342 565 hoc
2362 540 2448 565 cau·
2475 536 2485 582 J
2519 541 2532 556 u
2549 542 2563 556 ¹-
2594 541 2608 556 v

1397 584 1498 613 satur
1525 556 1763 626 inordinatio,
1793 593 1870 617 non
1890 581 2043 629 quidem
2073 583 2121 618 ita
2141 582 2244 629 quod
2273 581 2448 618 accidens

1397 637 1481 676 agat
1498 629 1536 666 in
1559 631 1755 678 proprium
1777 634 2003 679 subiectum
2025 636 2091 672 sed
2113 635 2323 672 secundum
2343 634 2447 682 quod

1397 681 1588 718 obiectum
1618 683 1690 730 agit
1717 684 1754 720 in
1783 686 2000 744 potentiam,
2023 695 2059 723 et
2085 699 2161 724 una
2189 687 2354 735 potentia
2373 686 2448 734 agit

1397 733 1434 769 in
1463 735 1586 779 aliam,
1615 743 1650 771 et
1680 736 1876 773 deordinat
1904 739 2035 786 ipsam.

959 917 1286 962 Commentaria.
1310 915 1557 949 cardinalis
1580 917 1777 950 Caietam

290 1007 336 1068 IN
364 996 468 1036 primo
499 996 631 1027 articulo
655 997 847 1037 quaestionis
878 996 1234 1037 octogesimaequintae,
1265 1001 1340 1025 nota

316 1040 454 1080 glossam
486 1040 678 1071 auctoritatis
705 1040 867 1082 Dionysii,
901 1041 1067 1082 quomodo
1091 1039 1243 1070 naturalia
1275 1049 1341 1069 ma-

286 1090 381 1114 neant
396 1083 524 1124 integra,
537 1084 569 1115 in
585 1084 789 1124 responsione
806 1084 843 1114 ad
860 1085 1008 1124 primurn.
1022 1084 1063 1115 Et
1078 1083 1198 1114 intuere
1214 1093 1342 1123 respon-

287 1127 411 1158 sionem
435 1127 474 1158 ad
490 1127 627 1163 tertium,
645 1128 832 1159 declaratam
848 1129 880 1159 in
903 1128 1108 1169 responsione
1128 1127 1167 1157 ad
1183 1134 1341 1168 quartum,

287 1178 323 1202 ut
345 1171 462 1202 radices
490 1172 711 1212 philosophiae
739 1173 920 1213 perspicias,
947 1179 977 1203 et
1000 1171 1091 1202 altius
1122 1170 1342 1210 contempleris

287 1215 372 1245 unde
401 1215 434 1245 in
464 1215 568 1251 anima
601 1223 789 1256 generantur
819 1216 953 1247 habitus.
976 1216 1024 1246 Et
1051 1222 1141 1256 potes
1171 1214 1342 1253 intelligere

1396 997 1480 1025 taria
1498 996 1644 1035 procedit
1667 1006 1708 1027 ex
1730 997 1863 1028 diversis
1884 1000 2043 1037 potentiis,
2067 1000 2116 1029 vel
2140 1001 2294 1039 potentias
2314 1001 2446 1037 animae,

1395 1039 1470 1079 quia
1493 1039 1573 1070 actio
1597 1040 1767 1071 voluntatis
1790 1042 1931 1080 procedit
1961 1043 1998 1072 ab
2027 1043 2184 1074 intellectu
2210 1051 2239 1074 et
2268 1044 2446 1081 voluntate,

1396 1090 1426 1113 et
1448 1083 1622 1114 intellectus
1646 1084 1786 1124 procedit
1805 1086 1842 1115 ab
1858 1085 2017 1116 intellectu
2038 1094 2146 1126 agente
2171 1094 2201 1117 et
2224 1087 2380 1127 possibili:
2400 1089 2449 1118 vel

1397 1127 1551 1166 potentias
1575 1137 1795 1168 quaecumque
1818 1128 1879 1159 sint
1902 1129 1986 1166 illae,
2015 1137 2091 1170 puta
2119 1130 2231 1161 obiecti
2260 1131 2391 1161 activam
2420 1139 2448 1161 et

1397 1171 1526 1201 subiecti
1550 1171 1717 1211 passivam.
1741 1172 1879 1222 Uterque
1910 1173 1994 1203 enim
2017 1184 2126 1204 sensus
2149 1174 2182 1204 in
2206 1174 2288 1205 calce
2318 1184 2448 1214 respon

1397 1214 1494 1244 sionis
1518 1215 1556 1245 ad
1580 1222 1728 1255 quartum
1752 1216 1889 1255 ponitur,
1915 1217 1991 1247 dum
2016 1217 2140 1248 dicitur:
2169 1219 2341 1249 secundum
2364 1219 2448 1259 quod

237 1292 257 1295 ⁷„
287 1259 387 1299 quod·
399 1259 534 1291 dicitur·
526 1270 559 1290 1n
582 1260 788 1300 responsione
803 1261 843 1290 ad
866 1260 1002 1295 tertium,
1019 1259 1108 1300 quod
1130 1259 1212 1290 actio
1233 1258 1343 1289 volun·
1369 1256 1372 1295 Ι
1397 1258 1548 1289 obiectum
1573 1261 1643 1299 agit
1665 1261 1697 1289 in
1715 1261 1902 1299 potentiam,
1921 1266 1950 1291 et
1973 1271 2038 1291 una
2059 1263 2199 1301 potentia
2224 1263 2255 1292 in
2279 1263 2387 1293 aliam.

1049 1419 1363 1462 ARTICULUS
1393 1420 1689 1462 SECUNDUS

508 1513 662 1544 UTRUM
686 1513 844 1550 ToTUM
868 1513 1019 1544 BONUM
1042 1512 1256 1544 HUMANAE
1280 1512 1486 1542 NATURAE
1509 1512 1655 1562 Possm
1678 1513 1862 1543 AUFERRI
1887 1513 1967 1543 PER
1985 1513 2226 1544 PECCATUM

591 1592 658 1616 Part.
679 1592 702 1622 1,
722 1600 766 1624 qu.
784 1599 869 1622 imvm,
889 1597 935 1616 art.
949 1599 979 1623 43
999 1591 1019 1616 11
1039 1591 1120 1619 Sent„
1142 1590 1200 1615 dist.
1212 1597 1246 1621 vr,
1266 1596 1311 1615 art.
1327 1598 1350 1621 4.
1370 1591 1402 1614 ad
1422 1590 1449 1621 35
1470 1591 1526 1615 dist.
1545 1598 1627 1622 xxxw,
1647 1596 1693 1615 art.
1715 1590 1743 1621 5;
1764 1591 1804 1615 De
1824 1591 1905 1620 Malo,
1927 1599 1969 1624 qu.
1994 1599 2020 1622 n,
2040 1597 2085 1616 art.
2106 1599 2147 1622 ης

1181 1625 1212 1650 111
1234 1625 1309 1650 Cont.
1332 1626 1419 1653 Gent„
1439 1633 1493 1658 cap.
1513 1633 1556 1650 xn.

327 1732 387 1769 sai-,⁵
408 1744 459 1764 s,
458 1736 485 1781 <-
499 1727 519 1753 D
535 1727 724 1752 SECUNDUM
739 1727 791 1752 s1c
806 1726 1044 1752 PRocEm’rUR.
1060 1714 1219 1751 Videtur
1236 1713 1339 1762 quod

315 1748 476 1827 ’ζᾶᾉῖἓῆτ
499 1775 619 1805 totum
640 1769 785 1805 bonurn
805 1769 1029 1804 humanae‘²
1048 1774 1204 1804 naturae
1222 1765 1340 1814 possit

306 1818 424 1874 „son
435 1805 467 1863 ’Υ
498 1833 565 1870 per
584 1828 781 1869 peccatum
804 1820 952 1857 auferri.
972 1821 1125 1856 Bonum
1154 1819 1256 1856 enim
1276 1831 1340 1855 na-

344 1840 465 1905 c“7¹¹2')
455 1864 487 1908 X
498 1881 603 1910 turae
622 1874 813 1910 humanae
827 1873 977 1910 finitum
998 1880 1072 1909 est:
1099 1884 1186 1908 cum
1206 1879 1242 1909 et
1260 1872 1341 1920 ipsa

287 1932 420 1963 natura
448 1926 617 1963 humana
645 1926 691 1963 sit
717 1926 833 1963 finita.
865 1926 941 1963 Sed
970 1924 1163 1975 quodlibet
1190 1925 1340 1962 finitum

287 1978 449 2015 totaliter
464 1979 709 2026 consumitur,
723 1979 820 2016 facta
835 1979 1012 2016 continua
1026 1978 1226 2016 ablatione.
1241 1978 1340 2015 Cum

288 2043 378 2079 ergo
406 2031 553 2069 bonum
582 2040 737 2069 naturae
766 2031 942 2069 continue
966 2044 1035 2080 per
1061 2038 1259 2080 peccatum
1290 2030 1342 2067 di-

287 2084 407 2122 minui
434 2085 565 2133 possit,
585 2085 734 2122 videtur
762 2086 866 2134 quod
893 2085 1012 2133 possit
1029 2084 1259 2133 quandoque
1287 2091 1343 2120 to-

288 2137 407 2174 taliter
435 2138 621 2175 consumi.

343 2202 378 2227 2.
398 2191 631 2237 PRAETEREA,
655 2202 787 2227 eorum
807 2202 904 2239 quae
925 2197 1011 2227 sunt
1038 2189 1149 2226 unius
1173 2196 1341 2236 naturae,

289 2242 418 2280 similis
439 2251 494 2280 est
513 2243 607 2280 ratio
629 2243 676 2280 de
695 2250 775 2279 toto
797 2250 832 2279 et
852 2243 899 2280 de
917 2243 1103 2292 partibus:
1130 2243 1223 2279 sicut
1240 2250 1343 2291 patet

287 2295 326 2332 in
354 2307 440 2332 aere
469 2304 505 2332 et
532 2296 698 2344 in'aqua
726 2303 763 2332 et
790 2308 914 2342 carne,
944 2303 980 2332 et
1007 2296 1184 2332 omnibus
1209 2307 1343 2344 corpo-

287 2348 391 2385 ribus
419 2349 597 2385 similium
625 2348 800 2397 partium.
832 2349 908 2385 Sed
936 2349 1081 2385 bonum
1110 2356 1265 2385 naturae
1290 2356 1345 2385 est

286 2401 446 2438 totaliter
462 2402 661 2439 uniforme.
693 2401 792 2438 Cum
811 2402 922 2450 igitur
939 2413 1025 2450 pars
1046 2401 1124 2438 eius
1142 2401 1261 2450 possit
1279 2414 1344 2438 au-

286 2454 373 2491 ferri
399 2467 469 2503 per
495 2462 714 2504 peccatum,
743 2461 865 2491 totum
898 2454 1010 2491 etiam
1043 2466 1111 2503 per
1143 2462 1342 2504 peccatum

286 2507 423 2544 auferri
450 2520 563 2556 posse
591 2507 750 2544 videtur.

342 2561 375 2597 3.
406 2561 642 2606 PRAETEREA,
672 2561 818 2596 bonum
847 2568 1002 2596 naturae
1031 2560 1134 2608 quod
1162 2572 1230 2609 per
1256 2573 1343 2609 pec-

287 2620 413 2649 catum
446 2613 647 2660 minuitur,
679 2621 734 2649 est
765 2613 936 2649 habilitas
966 2612 1014 2649 ad
1041 2612 1231 2650 virtutem.
1267 2613 1344 2650 Sed

286 2665 324 2702 in
343 2666 574 2713 quibusdam
603 2673 757 2714 propter
784 2673 984 2714 peccatum
1009 2665 1179 2702 habilitas
1198 2666 1344 2715 praedi-

288 2725 345 2754 cta
371 2718 534 2754 totaliter
561 2718 712 2755 tollitur:
742 2726 783 2755 ut
800 2725 903 2767 patet
922 2718 959 2754 in
981 2718 1179 2765 damnatis,
1204 2719 1269 2767 qui
1289 2731 1344 2755 re-

285 2770 410 2819 parari
438 2770 485 2808 ad
514 2770 691 2807 virtutem
720 2783 798 2807 non
816 2778 987 2820 possunt,
1008 2771 1102 2808 sicut
1121 2783 1191 2808 nec
1211 2783 1344 2808 caecus

287 2823 335 2860 ad
363 2823 498 2860 visum.
530 2824 631 2870 Ergo
659 2831 858 2872 peccatum
887 2831 1010 2872 potest
1037 2824 1195 2861 totaliter
1214 2825 1343 2861 tollere

286 2876 433 2913 bonum
461 2883 628 2912 naturae.

340 2929 414 2966 San
435 2940 580 2965 CONTRA
608 2940 673 2965 EST
701 2929 806 2977 quod
834 2929 1065 2990 Augustinus
1085 2929 1183 2975 dicit,
1209 2929 1247 2966 in
1266 2931 1343 2967 En-

286 2981 415 3019 chirid.
431 2981 451 3003 ’¹‘
453 2981 589 3030 ,quod
616 2981 758 3018 malum
787 2993 860 3018 non
890 2987 944 3019 est
968 2982 1041 3019 nisi
1066 2983 1102 3019 in
1128 2958 1236 3019 boizo.
1268 2983 1342 3033 Sed

286 3035 430 3071 malum
460 3035 592 3082 culpae
620 3046 698 3071 non
724 3042 850 3082 potest
881 3047 963 3072 esse
991 3035 1030 3072 in
1061 3036 1165 3072 bono
1197 3031 1343 3073 virtutis

285 3088 347 3123 vel
375 3086 530 3134 gratiae:
560 3087 648 3135 quia
669 3094 724 3123 est
743 3087 776 3123 ei
796 3088 1036 3124 contrarium.
1063 3088 1164 3136 Ergo
1194 3096 1343 3136 oportet

286 3140 390 3188 quod
411 3140 454 3176 sit
473 3140 510 3176 in
531 3140 634 3175 bono
655 3146 820 3177 naturae.
851 3141 942 3177 Non
962 3153 1051 3188 ergo
1072 3141 1231 3178 totaliter
1249 3141 1343 3178 tollit

285 3192 423 3241 ipsum.

338 3246 563 3282 RESPONDEO
591 3256 776 3282 mei-:Noun
803 3245 919 3293 quod,
949 3245 1043 3282 sicut
1070 3245 1209 3283 dictum
1237 3253 1292 3283 est
1309 3246 1340 3294 ²⁸,

285 3299 432 3335 bonum
461 3305 616 3335 naturae
645 3297 748 3347 quod
780 3310 849 3346 per
880 3305 1078 3346 peccatum
1115 3298 1342 3346 diminuitur,

285 3358 341 3388 est
368 3350 545 3388 naturalis
565 3350 754 3388 inclinatio
773 3350 822 3387 ad
840 3350 1030 3387 virtutem.
1055 3351 1164 3397 Quae
1189 3351 1343 3400 quidem

1396 1713 1572 1750 convenit
1589 1714 1734 1750 homini
1756 1726 1801 1750 ex
1819 1715 1893 1750 hoc
1913 1713 1926 1743 β
1946 1714 2027 1762 ipso
2048 1715 2152 1762 quod
2171 1716 2357 1753 rationalis
2379 1724 2447 1753 est:

1395 1779 1440 1802 ex
1459 1767 1532 1802 hoc
1553 1767 1654 1803 enim
1673 1768 1788 1803 habet
1807 1767 1911 1814 quod
1931 1767 2139 1804 secundum
2161 1769 2342 1805 rationem
2359 1782 2448 1818 ope-

1395 1827 1511 1866 retur,
1541 1819 1645 1867 quod
1681 1827 1735 1856 est
1768 1831 1876 1867 agere
1910 1820 2119 1856 secundum
2152 1821 2340 1858 virtutem.
2376 1823 2449 1858 Per

1394 1880 1592 1920 peccatum
1621 1879 1748 1908 autem
1777 1884 1855 1908 non
1882 1879 2005 1920 potest
2032 1872 2192 1909 totaliter
2219 1874 2266 1910 ab
2294 1874 2448 1911 homine

1395 1924 1471 1961 tolli
1491 1925 1594 1973 quod
1614 1925 1659 1961 sit
1682 1924 1887 1961 rationalis:
1909 1925 1996 1973 quia
2015 1925 2090 1961 iam
2115 1937 2192 1962 non
2216 1934 2313 1963 esset
2332 1939 2449 1975 capax

1395 1978 1549 2026 peccati.
1579 1977 1689 2014 Unde
1717 1990 1795 2014 non
1820 1985 1875 2014 est
1893 1977 2071 2026 possibile
2091 1978 2193 2026 quod
2213 1979 2447 2027 praedictum

1397 2038 1551 2067 naturae
1580 2031 1726 2067 bonum
1755 2030 1915 2067 totaliter
1942 2031 2100 2067 tollatur.

1451 2084 1548 2119 Cum
1577 2091 1703 2119 autem
1727 2083 1940 2119 inveniatur
1958 2083 2174 2120 huiusmodi
2194 2085 2339 2121 bonum
2360 2097 2449 2122 con-

1396 2136 1498 2172 tinue
1528 2136 1685 2173 diminui
1717 2148 1785 2184 per
1815 2143 2034 2184 peccatum,
2069 2136 2223 2184 quidam
2259 2137 2307 2174 ad
2338 2138 2449 2174 huius

1397 2188 1741 2225 manifestationem
1775 2188 1833 2225 usi
1869 2196 1955 2225 sunt
1987 2189 2154 2237 quodam
2174 2191 2379 2238 -exemplo,
2413 2191 2449 2226 in

1398 2254 1474 2290 quo
1503 2241 1691 2278 invenitur
1719 2240 1871 2289 aliquod
1899 2241 2049 2278 finitum
2070 2242 2106 2278 in
2126 2242 2313 2278 infinitum
2343 2243 2449 2279 dimi-

1398 2295 1474 2341 nui,
1495 2306 1690 2343 nunquam
1710 2302 1838 2330 tamen
1857 2294 2018 2331 totaliter
2038 2294 2219 2331 consumi.
2237 2295 2333 2331 Dicit
2349 2295 2449 2332 enim

1398 2347 1664 2395 Philosophus,
1694 2346 1732 2383 in
1757 2347 2028 2394 111Physic.*,
2059 2347 2162 2397 quod
2191 2347 2220 2383 si
2250 2348 2296 2383 ab
2327 2348 2449 2396 aliqua
2474 2348 2527 2370 'Ca
2562 2354 2585 2369 Ἢ
2614 2354 2627 2369 ¹¹

1398 2400 1655 2448 magnitudine
1684 2399 1790 2436 finita
1810 2399 1986 2436 continue
2016 2400 2206 2436 auferatur
2233 2400 2371 2448 aliquid
2396 2413 2451 2437 se-

1399 2455 1566 2490 cundum
1603 2452 1764 2489 eandem
1800 2452 2067 2501 quantitatem,
2103 2452 2262 2489 totaliter
2295 2454 2448 2490 tandem

1398 2513 1659 2543 consumetur:
1679 2512 1771 2553 puta
1786 2505 1815 2541 si
1832 2517 1854 2541 a
1868 2517 2111 2553 quacumque
2126 2505 2331 2552 quantitate
2346 2505 2451 2542 finita

1398 2571 1547 2608 semper
1566 2559 1785 2595 subtraxero
1807 2570 2026 2594 mensuram
2054 2558 2182 2606 palmi.
2213 2558 2251 2594 Si
2270 2570 2363 2594 vero
2383 2558 2450 2594 fiat

1398 2612 1600 2649 subtractio
1621 2623 1772 2660 semper
1790 2616 1805 2639 Υ
1826 2611 2035 2647 secundum
2057 2611 2217 2647 eandem
2238 2610 2447 2659 proportio-

1398 2678 1499 2712 nem,
1526 2671 1561 2700 et
1580 2673 1658 2701 non
1686 2664 1898 2700 secundum
1918 2663 2079 2700 eandem
2100 2663 2360 2711 quantitatem,
2380 2674 2447 2711 po-

1397 2718 1479 2755 terit
1506 2718 1543 2754 in
1572 2716 1759 2753 infinitum
1789 2716 1974 2753 subtrahi:
2003 2724 2104 2765 puta,
2134 2717 2162 2752 si
2187 2715 2372 2763 quantitas
2396 2714 2448 2751 di-

1397 2771 1548 2808 vidatur
1575 2770 1614 2806 in
1638 2770 1732 2806 duas
1760 2776 1897 2817 partes,
1928 2777 1963 2805 et
1986 2775 2008 2805 a
2028 2768 2182 2806 dimidio
2210 2768 2448 2804 subtrahatur

1399 2823 1608 2869 dimidium,
1630 2822 1680 2858 ita
1708 2822 1746 2859 in
1769 2821 1955 2858 infinitum
1976 2821 2112 2870 poterit
2130 2820 2300 2869 procedi;
2326 2820 2375 2856 ita
2394 2828 2447 2856 ta-

2477 2354 2552 2396 ssiil
2563 2364 2614 2396 iec't.
2626 2360 2683 2395 1‘x.''

1398 2889 1487 2913 men
1508 2875 1611 2924 quod
1631 2887 1782 2923 semper
1801 2874 1904 2922 quod
1925 2874 2108 2922 posterius
2128 2872 2364 2918 subtrahitur,
2382 2872 2449 2908 erit
2477 2893 2480 2897 ›

1398 2929 1523 2966 minus
1544 2941 1590 2964 eo
1611 2928 1715 2976 quod
1734 2927 1835 2975 prius
1865 2927 2161 2963 subtrahebatur.
2178 2946 2202 2952 -
2223 2925 2298 2961 Sed
2317 2925 2391 2961 hoc
2410 2925 2447 2961 in

1397 2981 1593 3031 proposito
1623 2993 1700 3017 non
1728 2980 1843 3016 habet
1870 2980 2017 3016 locum:
2050 2991 2127 3015 non
2156 2978 2254 3014 enim
2284 2989 2447 3025 sequens

1396 3042 1596 3084 peccatum
1626 3033 1751 3070 minus
1781 3032 1952 3069 diminuit
1981 3032 2123 3067 bonum
2152 3037 2305 3067 naturae
2331 3042 2447 3078 quarn

1396 3088 1641 3137 praecedens,
1671 3086 1736 3122 sed
1765 3086 1858 3121 forte
1887 3084 2017 3131 magis,
2047 3083 2076 3119 si
2104 3083 2148 3119 sit
2175 3082 2335 3130 gravius.

1451 3142 1500 3177 Et
1518 3140 1604 3176 ideo
1625 3139 1729 3175 aliter
1749 3145 1804 3173 est
1823 3137 2024 3173 dicendum
2054 3136 2156 3183 quod
2180 3134 2401 3183 praedicta
2393 3147 2447 3170 m-

1398 3193 1547 3230 clinatio
1577 3190 1787 3238 intelligitur
1815 3197 1856 3225 ut
1882 3188 2007 3224 media
2035 3188 2130 3224 inter
2149 3188 2241 3224 duo:
2272 3187 2449 3224 fundatur

1398 3245 1499 3283 enim
1528 3245 1623 3281 sicut
1641 3244 1678 3280 in
1699 3242 1822 3279 radice
1851 3242 1887 3277 in
1916 3248 2049 3277 natura
2069 3239 2250 3286 rationali,
2278 3247 2314 3276 et
2332 3239 2450 3276 tendit

1397 3299 1434 3337 in
1469 3299 1614 3334 bonum
1647 3295 1790 3332 virtutis
1825 3294 1920 3330 sicut
1952 3293 1990 3329 in
2017 3292 2218 3329 terminum
2254 3300 2290 3328 et
2317 3292 2447 3328 finem.

1398 3349 1603 3399 Dupliciter
1618 3348 1725 3395 igitur
1739 3354 1861 3395 potest
1876 3346 2024 3392 intelligi
2041 3345 2119 3381 eius
2141 3345 2354 3382 diminutio:
2371 3356 2448 3381 uno

338 3466 366 3497 α.)
385 3465 524 3490 humanae.
544 3479 562 3483 -
581 3465 641 3488 Om.
661 3463 903 3488 ABCDEFGHlLa.

338 3499 363 3533 β)
383 3501 440 3525 hoc.
458 3514 476 3519 -
495 3500 555 3525 Om.
576 3500 605 3524 Ρ.

1450 3464 1476 3496 γ)
1496 3470 1606 3494 semper.
1624 3475 1642 3480 -
1662 3462 1720 3485 Om.
1742 3461 1787 3485 Pa.
