2840 4010
349 154 422 190 312

403 231 461 267 AD
495 242 631 268 PmMUM
655 243 752 268 ERGO
779 242 959 268 mCENDUM
989 228 1092 277 quod
1122 228 1232 264 etiam
1262 227 1300 264 in
1327 228 1402 264 hoc

350 283 454 332 quod
483 283 615 320 dicitur
644 283 778 331 aliquis
805 283 946 319 habere
975 281 1132 329 gratiam
1152 279 1328 326 hominis,
1349 279 1403 316 in-

349 335 522 383 telligitur
550 335 588 372 in
616 335 741 383 aliquo
771 347 852 372 esse
881 333 1022 383 aliquid
1049 333 1162 381 quod.
1183 333 1229 375 sit
1255 332 1403 372 homini

349 395 510 436 gratum,
540 388 634 424 sicut
662 396 698 424 et
716 388 753 424 in
773 389 846 424 hoc
875 386 979 435 quod
1009 385 1143 422 dicitur
1169 383 1302 433 aliquis
1319 395 1425 432 gra-2
1450 404 1451 407 =

1451 438 1552 486 ‚libro
1573 439 1736 477 Retract.
1757 437 1793 477 *z
1829 437 1903 480 Ubi
1928 437 2010 476 dixi
2027 437 2201 500 gratiani
2230 450 2307 475 esse
2331 440 2515 476 remissio-

349 441 439 478 tiam
476 440 546 477 Dei
583 441 743 484 habere;
778 439 845 476 sed
874 443 886 459 ⁸
914 438 1141 476 differenter.
1177 438 1278 476 Nam
1311 437 1403 477 illud

350 493 452 542 quod
482 500 536 529 est
568 491 712 528 homini
747 498 893 539 gratum
922 491 959 527 in
987 490 1060 527 alio
1089 490 1265 538 homine,
1295 502 1403 538 prae-

349 544 573 594 supponitur
596 544 674 580 eius
704 543 913 580 dilectioni:
944 550 1117 580 causatur
1136 551 1264 580 autem
1285 555 1331 580 ex
1350 543 1403 581 di-

348 597 507 634 lectione
537 595 665 633 divina
694 597 798 645 quod
828 603 882 632 est
902 596 940 633 in
961 596 1117 633 homine
1137 596 1222 632 Deo
1242 603 1401 644 gratum,

347 658 388 686 ut
415 649 557 685 dictum
587 656 642 685 est
659 648 690 685 *.

399 704 457 738 AD
486 714 675 739 SECUNDUM
702 712 886 740 montinum
905 701 1011 749 quod
1031 702 1136 738 Deus
1156 707 1211 738 est
1229 701 1307 738 vita
1326 701 1404 738 ani-

347 766 432 791 mae
457 766 529 813 per
556 734 718 792 modtsm
752 765 889 791 causae
923 753 1139 792 efficientis:
1175 754 1243 790 sed
1276 753 1404 791 anima

347 814 401 843 est
428 807 506 844 vita
544 807 711 856 corporis
749 819 818 855 per
854 807 1015 844 modum
1049 819 1184 843 causae
1222 806 1402 843 formalis.

347 861 446 896 Inter
474 860 637 896 formam
666 867 791 896 autem
819 867 856 896 et
883 859 1082 896 materiam
1110 871 1189 896 non
1213 859 1312 896 cadit
1340 859 1403 896 ali-

347 913 450 960 quod
477 912 665 949 medium:
687 913 775 961 quia
795 913 918 949 forma
937 924 1005 961 per
1032 912 1197 961 seipsam
1226 912 1404 949 informat

397 1025 419 1059 ε)
439 1027 494 1051 sed.
513 1041 532 1045 —
550 1030 637 1052 tamen
658 1027 755 1052 addunt
773 1028 818 1052 Pa.

397 1061 423 1094 ζ)
444 1062 580 1095 informat.
599 1063 735 1094 -sormat
753 1062 980 1088 ABGDEFGHIL.

1047 151 1311 198 QUAESTIO
1342 151 1426 197 cx,

1456 151 1750 192 ARTICUL'US
1771 153 1810 188 111

1455 227 1651 264 materiam
1688 228 1750 263 vel
1784 227 2010 265 subiectum.
2048 229 2126 266 Sed
2153 241 2269 277 agens
2296 229 2476 267 informat
2503 229 2514 254 ζ

1457 280 1667 317 subiectum
1697 292 1775 317 non
1808 291 1876 328 per
1908 292 2019 317 suam
2053 281 2323 331 substantiam,
2353 282 2421 320 sed
2448 294 2516 331 per

1456 333 1621 378 formam
1649 344 1785 380 quam
1795 331 1835 371 in
1862 332 2021 378 materia
2049 340 2189 370 causat.

1499 387 1568 422 An
1586 396 1747 422 ‘marium
1758 387 1948 422 Dictum
1975 382 2081 432 quod
2100 385 2331 433 Augustinus
2356 387 2455 434 dicit,
2477 387 2515 424 in

1457 500 1545 527 nem
1561 496 1580 518 η
1602 495 1858 539 peccatorum,
1881 494 2031 538 pacem
2047 501 2137 526 vero
2157 488 2195 526 in
2217 450 2551 529 reconciliatione

1456 544 1550 580 Dei:
1579 555 1654 580 non
1681 544 1734 580 sic
1767 543 2023 592 accipiendum
2058 547 2110 579 est
2137 554 2184 579 ac
2209 544 2244 579 si
2263 554 2348 591 pax
2375 543 2455 592 ipsa
2483 550 2519 580 et

1457 595 1708 633 reconciliatio
1724 608 1798 632 non
1810 596 2025 644 pertineant
2036 595 2087 632 ad
2098 596 2266 644 gratiam
2279 595 2512 645 generalem,
2508 609 2516 617 ·

1456 649 1521 685 sed
1547 649 1647 696 quod
1671 648 1878 702 specialiter
1905 649 2057 685 nomine
2083 648 2233 697 gratiae
2260 648 2515 685 remissionem

1456 700 1731 751 significaverit
1735 703 1992 760 peccatorum.
2023 701 2115 738 Non
2132 703 2225 748 erg'o
2246 701 2327 737 sola
2344 699 2497 755 remissi

1457 761 1703 803 peccatorum
1723 753 1771 790 ad
1785 753 1947 801 gratiam
1961 754 2139 803 pemnet,
2160 753 2228 791 sed
2257 753 2371 791 etiam
2397 755 2438 791 ni

1458 807 1530 849 alia
1558 806 1631 843 Dei
1658 806 1771 843 dona.
1796 806 1862 842 Et
1883 807 1998 844 etlam
2023 804 2040 829 θ
2064 806 2241 844 remissio
2270 798 2517 856 peccatorum

1458 871 1536 896 non
1555 859 1597 896 fit
1616 859 1695 896 sine
1715 858 1842 905 aliquo
1868 858 2005 896 effectu
2027 859 2242 897 divinitus
2233 871 2271 897 m
2290 859 2400 897 n'obis
2426 864 2520 897 cau-

1458 920 1551 959 sato,
1580 919 1621 948 ut
1648 911 1742 947 infra
1761 910 1781 932 '¹‘
1808 911 1962 959 patebit.
2220 936 2223 938 -

1511 1027 1538 1060 η)
1559 1026 1738 1051 remissionem
1755 1038 1774 1045 -
1793 1025 1819 1050 in
1843 1025 2025 1051 remissionem
2044 1026 2076 1057 P;
2095 1033 2143 1059 pro
2162 1026 2384 1055 reconciliatione,
2405 1026 2520 1051 reconci-

1457 1061 1593 1087 liationem
1612 1061 1725 1085 PFKLa.

1512 1095 1536 1131 θ)
1551 1097 1639 1122 etiam.
1657 1110 1675 1115 —
1695 1096 1753 1121 ideo
1772 1095 1875 1120 codices
1895 1100 1920 1120 et
1937 1102 1964 1120 a.

1017 1176 1348 1209 Commentariis.
1371 1175 1621 1209 Oardmafis
1644 1176 1843 1209 Caietam

347 1275 394 1336 IN
418 1264 554 1296 articulis
586 1263 690 1304 primo
715 1270 745 1295 et
772 1264 914 1295 secundo
940 1263 1133 1304 quaestionis
1165 1263 1404 1296 centesimaede-

375 1308 483 1344 cimae,
506 1308 549 1338 nil
566 1308 776 1339 dubitandum
792 1307 935 1341 occurrit.
951 1308 1087 1341 Notetur
1102 1314 1208 1339 tamen
1227 1307 1314 1340 radix
1328 1317 1403 1341 con-

345 1352 495 1383 clusionis
518 1351 612 1392 primi
641 1351 761 1383 articuli
786 1352 818 1382 in
843 1351 1049 1392 responsione
1073 1352 1111 1381 ad
1135 1351 1289 1394 primum:
1315 1351 1404 1393 quod

344 1396 459 1427 scilicet
475 1395 572 1436 gratia
588 1402 653 1426 tam
670 1395 728 1426 Dei
744 1405 842 1436 quam
858 1395 997 1426 hominis
1013 1395 1105 1436 ponit
1120 1395 1239 1436 aliquid
1255 1395 1286 1425 in
1303 1403 1402 1435 grato,

344 1441 416 1471 licet
440 1440 623 1471 differenter.

399 1485 440 1515 Et
458 1485 623 1516 redeamus
643 1484 681 1515 ad
702 1484 914 1524 nosmetipsos
936 1484 968 1514 in
986 1483 1253 1524 contemplatione
1274 1483 1405 1516 secundi

1456 1263 1586 1300 articuli,
1597 1263 1796 1304 inspicientes
1812 1262 1837 1294 si
1851 1262 1908 1295 has
1922 1262 2088 1304 qualitates
2099 1229 2264 1304 habenam,
2274 1230 2430 1314 fl&
2507 1282 2519 1288 -

1456 1314 1508 1348 pte
1527 1317 1695 1339 movemur
1716 1307 1756 1337 ad
1772 1306 1879 1339 divina
1897 1313 2085 1349 aeternaque
2107 1307 2202 1343 bona.
2219 1325 2240 1339 -,.-

1456 1361 1519 1403 que
1535 1361 1572 1382 ex
1595 1351 1801 1391 responsione
1817 1349 1856 1381 ad
1872 1350 2001 1381 tertium
2015 1351 2099 1382 disce
2120 1338 2277 1393 cohibere,
2286 1348 2517 1405 nem

1456 1401 1533 1426 narn
1556 1394 1730 1431 annihilari,
1755 1404 1829 1425 cum
1851 1394 1952 1425 homo
1975 1395 2079 1436 perdit
2095 1398 2182 1427 ea'm.
2206 1391 2292 1433 Quia
2315 1404 2374 1427 nee
2380 1389 2447 1432 fi‘tss'
2456 1403 2519 1433 nee

1458 1440 1680 1480 corrumpitur,
1698 1449 1755 1469 nec
1779 1445 1909 1475 creatur,
1934 1448 2004 1470 nee
2002 1438 2214 1477 annihilatur,
2239 1445 2274 1471 ut
2290 1439 2323 1470 in
2339 1439 2456 1471 littera
2470 1439 2519 1470 di*-

1458 1483 1551 1516 citur.
1577 1484 1631 1515 sed
1654 1483 1830 1515 secundum
1853 1483 1957 1523 ipsam
1979 1483 2075 1515 homo
2097 1489 2238 1518 creata·
2250 1484 2285 1515 in
2304 1484 2366 1515 tali
2389 1493 2465 1515 esse.

1108 1635 1423 1678 ARTICULUS
1454 1636 1750 1679 SECUNDUS

994 1728 1150 1759 UTRUM
1174 1727 1337 1761 GRATIA
1361 1724 1427 1761 SIT
1451 1728 1667 1767 QUALITAS
1689 1724 1855 1760 ANIMAE

2451 1747 2514 1779 ΤΛ),

655 1809 675 1833 11
695 1809 778 1837 Sent„
799 1809 857 1834 dist.
874 1815 940 1838 xxv1,
960 1813 1006 1833 art.
1027 1815 1054 1838 2;
1074 1812 1120 1833 art.
1139 1814 1164 1838 4,
1184 1808 1216 1832 ad
1238 1814 1265 1838 1;
1283 1807 1314 1833 111
1336 1807 1412 1833 Com.
1433 1808 1520 1838 Gent„
1541 1815 1596 1840 cap.
1616 1815 1659 1837 cr.;
1680 1808 1720 1832 De
1743 1807 1832 1837 Verit„
1853 1815 1896 1840 qu.
1915 1815 1992 1837 xxvu.
2011 1813 2059 1833 art.
2079 1815 2102 1837 2,
2122 1809 2154 1833 ad
2173 1815 2198 1840 7.
2309 1816 2311 1820 ’
2366 1815 2370 1819 “
2422 1814 2425 1819 ’
2447 1829 2450 1832 ,
2476 1810 2515 1831 12‘)

408 1923 435 1950 ,f
457 1911 513 1939 ms<
491 1915 530 1960 <
551 1910 574 1935 n
590 1909 779 1935 SECUNDUM
794 1909 847 1934 stc
862 1908 1101 1935 PROCEDITUR.
1121 1895 1280 1935 Videtur
1295 1895 1400 1945 quod

367 1930 667 2009 (Rw’ssijgratia
700 1962 779 1987 non
814 1950 859 1987 sit
896 1949 1054 2008 qualitas
1087 1949 1247 1987 animae.
1286 1949 1401 1994 Nulla

359 1983 413 2045 7⁹
419 2015 480 2044 ’νᾳ
495 1990 541 2040 'fs-⁸
553 2003 654 2042 enim
684 2002 842 2062 qualitas
863 2002 937 2050 agit
965 2002 1003 2040 in
1032 2014 1144 2040 suum
1170 2002 1401 2042 subiectum.

359 2046 371 2058 '
396 2027 496 2082 “⁵¹‘'
514 2049 642 2104 &quia
679 2056 775 2094 actio
813 2055 1001 2104 qualitatis
1038 2067 1116 2093 non
1158 2062 1214 2093 est
1254 2055 1401 2104 absque

341 2109 486 2147 actione
502 2109 675 2168 subiecti,
706 2116 742 2146 et
770 2108 821 2145 sic
850 2115 1042 2167 oporteret
1064 2109 1168 2157 quod
1187 2107 1400 2150 subiectum

341 2170 466 2210 ageret
499 2162 538 2198 in
573 2162 752 2211 seipsum.
789 2161 865 2199 Sed
894 2161 1010 2209 gratia
1043 2161 1118 2208 agit
1143 2160 1182 2198 in
1210 2161 1399 2209 animam,

341 2215 579 2255 iustificando
608 2215 741 2264 ipsam.
772 2215 874 2262 Ergo
903 2214 1019 2262 gratia
1047 2226 1125 2252 non
1154 2221 1215 2261 est,
1228 2213 1398 2263 qualitas

396 2280 431 2305 2.
451 2269 683 2315 Pamrmm,
704 2267 911 2305 substantia
936 2275 991 2304 est
1019 2267 1181 2304 nobilior
1209 2266 1398 2315 qualitate.

343 2322 418 2359 Sed
434 2321 551 2369 gratia
565 2330 621 2358 est
635 2321 798 2358 nobilior
812 2333 928 2369 quam
942 2328 1076 2357 natura
1092 2320 1260 2358 animae:
1281 2321 1400 2360 multa

342 2374 443 2412 enim
470 2386 676 2423 possumus
699 2386 767 2422 per
791 2373 949 2421 gratiam
983 2373 1031 2412 ad
1050 2385 1148 2422 quae
1168 2381 1302 2412 natura
1321 2383 1400 2413 non

341 2427 496 2474 sufficit,
526 2435 567 2464 ut
594 2439 708 2476 supra
731 2427 750 2448 '¹‘
780 2426 920 2464 dictum
950 2435 1016 2463 est.
1045 2427 1148 2474 Ergo
1176 2426 1293 2474 gratia
1321 2437 1400 2466 non

342 2487 396 2518 est
425 2479 595 2528 qualitas.

396 2534 430 2570 3.
452 2534 684 2580 PRAETEREA,
704 2533 806 2570 nulla
826 2532 984 2581 qualitas
1003 2539 1176 2569 remanet
1193 2540 1398 2581 postquam

342 2586 476 2625 desinit
495 2598 578 2623 esse
597 2586 635 2623 in
655 2585 837 2623 subiecto.
859 2585 935 2622 Sed
955 2585 1070 2633 gratia
1098 2593 1281 2624 remanet.
1307 2586 1398 2623 Non

342 2639 443 2677 enim
459 2638 731 2688 corrumpitur:
749 2639 837 2687 quia
852 2638 904 2675 sic
919 2638 957 2675 in
977 2638 1134 2676 nihilum
1155 2638 1396 2686 redigeretur,

340 2692 435 2730 sicut
455 2705 499 2728 ex
518 2692 632 2730 nihilo
662 2699 824 2739 creatur,
844 2692 946 2728 unde
967 2699 1003 2728 et
1021 2691 1155 2728 dicitur
1174 2703 1272 2729 nova
1292 2703 1397 2728 crea-

340 2751 438 2791 tura,
459 2746 509 2783 ad
530 2746 612 2782 Gal.
634 2746 699 2783 ult.
720 2745 740 2766 '¹‘
768 2745 871 2792 Ergo
899 2745 1016 2792 gratia
1044 2757 1122 2782 non
1144 2752 1198 2782 est
1222 2744 1394 2792 qualitas.

394 2799 468 2835 SED
488 2810 633 2835 CONTRA
659 2809 725 2835 EST
743 2798 860 2847 quod,
882 2810 997 2846 super
1019 2797 1110 2835 illud
1130 2797 1272 2835 Psalmi
1291 2809 1349 2836 cui
1363 2797 1395 2844 ²¹⁸,
1425 2837 1427 2841 ,

246 2865 283 2881 u·
340 2857 379 2887 ut
405 2851 589 2887 exhilaret
603 2852 750 2899 faciem
779 2851 816 2887 in
845 2851 939 2896 oleo,
969 2851 1056 2888 dicit
1085 2851 1222 2889 Glossa
1242 2851 1260 2871 '¹‘
1290 2851 1396 2899 quod

337 2905 463 2955 gratia
492 2910 546 2940 est
571 2905 669 2941 nitor
696 2904 858 2950 animae,
881 2909 1051 2941 sanctum
1072 2903 1274 2941 concilians
1292 2915 1396 2941 amo-

338 2969 429 2993 rem.
452 2957 529 2998 Sed
548 2957 647 2994 nitor
661 2957 810 2995 animae
830 2964 886 2994 est
902 2957 1093 3005 quaedam
1114 2956 1284 3005 qualitas,
1301 2956 1396 2995 sicut

340 3016 374 3046 et
392 3010 632 3058 pulchritudo
658 3009 840 3058 corporis.
871 3010 973 3057 Ergo
993 3009 1110 3057 gratia
1130 3017 1185 3046 est
1205 3009 1395 3058 quaedam

293 3078 301 3082 ⁷
338 3062 506 3109 qualitas.

391 3116 614 3153 RESPONDEO
639 3128 822 3154 memnon
847 3115 964 3164 quod,
985 3115 1080 3152 sicut
1107 3115 1183 3153 iam
1203 3115 1223 3136 ’¹‘
1250 3115 1394 3154 dictum

339 3174 404 3214 est,
434 3168 471 3204 in
500 3180 546 3204 eo
575 3168 638 3217 qui
659 3169 791 3206 dicitur
809 3168 966 3217 gratiam
986 3168 1058 3206 Dei
1077 3169 1232 3215 habere,
1254 3168 1393 3216 signifi-

340 3227 442 3257 catur
471 3233 552 3258 esse
581 3221 736 3270 quidam
766 3222 922 3259 effectus
950 3221 1130 3269 gratuitae
1159 3221 1231 3259 Dei
1258 3222 1395 3260 volun-

294 3267 310 3287 ¹'
339 3272 434 3310 tatis.
463 3273 615 3311 Dictum
645 3282 700 3311 est
727 3282 854 3312 autem
880 3287 994 3323 supra
1012 3274 1032 3295 ’¹‘
1060 3272 1164 3323 quod
1198 3273 1394 3329 dupliciter

391 3398 418 3431 α)
438 3406 454 3422 a
475 3399 531 3422 Deo
550 3399 662 3424 animae.
679 3413 698 3419 -
716 3400 821 3425 animae
840 3402 868 3429 E.
888 3409 941 3425 om.
961 3402 988 3425 F.

391 3432 416 3467 β)
437 3434 539 3458 bonum.
558 3448 573 3452 —
598 3434 694 3458 donum
715 3435 816 3466 CEFH;
837 3436 983 3460 habendum
1006 3444 1058 3461 om.
1078 3437 1284 3467 ABCEFGHIL;
1301 3444 1393 3469 super-

338 3469 499 3493 naturale...
519 3469 607 3501 diligit
626 3470 661 3493 ad
680 3477 731 3494 om.
751 3470 781 3494 D.

1437 2213 1588 2253 ²dicitur
1616 2213 1653 2251 in
1673 2215 1722 2251 lII
1742 2215 1890 2262 Phys-ic.
1907 2213 1927 2236 ’¹'

1456 1907 1501 1933 ex
1523 1896 1682 1944 gratuita
1711 1896 1782 1934 Dei
1810 1897 2007 1936 voluntate
2032 1897 2157 1937 homo
2185 1896 2397 1938 adiuvatur.
2418 1898 2515 1938 Um

1454 1949 1586 1988 mod0.
1607 1949 1831 1998 inquantum
1858 1949 2185 1991 animahominis
2191 1958 2372 1990 movetur
2387 1963 2410 1990 a
2428 1951 2514 1990 Deo

1455 2002 1505 2044 ad
1518 2001 1659 2051 aliquid
1675 2002 1987 2062 cognoscendum
2000 2003 2064 2043 ve}
2081 2003 2301 2046 volendum
2320 2004 2384 2042 vel
2391 2014 2516 2063 ‘agen-r

1455 2054 1560 2099 dum.
1590 2055 1639 2092 Et
1665 2056 1739 2093 hoc
1768 2056 1887 2095 modo
1913 2055 1995 2104 ipse
2013 2055 2195 2103 gratuitus
2212 2055 2398 2096 effeetus
2389 2069 2437 2096 m
2445 2057 2516 2096 ho}

1455 2107 1556 2145 mine
1586 2120 1664 2144 non
1698 2115 1753 2144 est
1785 2108 1960 2157 qualitas,
1990 2109 2058 2145 sed
2086 2116 2215 2150 motus
2249 2109 2408 2158 quidam
2434 2121 2515 2150 ants

1454 2172 1562 2203 mae:
1591 2167 1694 2199 actus
1722 2161 1822 2199 enim
1842 2162 2023 2200 moventis
2055 2162 2095 2199 in
2113 2168 2215 2203 moto
2239 2168 2297 2202 est
2321 2168 2456 2208 motus,
2475 2170 2516 2200 ut

1507 2266 1594 2305 Alio
1613 2267 1732 2305 modo
1752 2267 1954 2305 adiuvatur
1972 2267 2100 2309 homo
2112 2278 2157 2307 ex
2175 2263 2335 2316 gratuita
2352 2268 2427 2308 Dei
2444 2275 2515 2307 vo

1453 2319 1616 2366 luntate,
1646 2320 1858 2359 secundum
1894 2320 1998 2369 quod
2035 2320 2205 2370 aliquod
2214 2320 2411 2362 habitune
2445 2322 2513 2363 do·-

1453 2384 1548 2413 num
1576 2383 1597 2408 a
1626 2374 1709 2411 Deo
1745 2373 1896 2411 animae
1925 2378 1941 2396 α
1969 2373 2187 2414 infunditur.
2223 2373 2272 2410 Et
2291 2373 2376 2415 .th
2400 2373 2512 2421 ideo„

1453 2426 1542 2474 q'uia
1569 2438 1647 2463 non
1677 2433 1732 2463 est
1759 2426 1992 2465 conveniens
2021 2426 2127 2474 quod
2153 2426 2406 2466 Demminus
2425 2438 2512 2475 pro-e

1452 2478 1580 2518 videat
1607 2478 1664 2515 his
1693 2491 1790 2527 quos
1820 2479 1934 2527 diligit
1952 2479 2002 2519 ad
2019 2479 2304 2529 supernaturale
2332 2477 2513 2519 bonurn.⁹

1451 2532 1685 2578 habendum,
1706 2544 1824 2579 quarn
1845 2532 2022 2571 creaturis
2041 2544 2139 2580 quas
2162 2530 2277 2580 diiigit
2295 2531 2347 2572 ad
2365 2532 2511 2571 bonum

1453 2586 1619 2623 naturale
1647 2585 1882 2623 habendum.
1914 2585 2104 2625 creaturis
2131 2592 2261 2625 autem
2280 2585 2512 2625 naturalibus

1452 2637 1506 2676 sic
1536 2637 1712 2686 providet
1739 2646 1780 2676 ut
1798 2650 1876 2677 non
1896 2639 2021 2677 solum
2050 2645 2206 2677 moveat
2233 2649 2298 2676 eas
2327 2638 2375 2677 ad
2403 2645 2510 2677 actus

1451 2692 1650 2738 naturales,
1672 2692 1737 2728 sed
1758 2691 1873 2729 etiam
1892 2690 2071 2739 largiatur
2089 2696 2104 2720 Υ
2130 2690 2183 2728 eis
2202 2691 2345 2729 formas
2373 2698 2411 2728 et
2437 2691 2512 2730 vir-

1450 2751 1548 2782 tutes
1577 2744 1784 2792 quasdam,
1815 2756 1912 2793 quae
1939 2751 2026 2784 sunt
2052 2743 2243 2795 principia
2264 2751 2442 2790 actuum,
2470 2751 2513 2783 ut

1451 2797 1663 2834 secundum
1692 2797 1834 2846 seipsas
1863 2796 2087 2834 inclinentur
2115 2797 2164 2834 ad
2183 2796 2404 2838 huiusmodi
2427 2808 2512 2836 mo-

1426 2849 1427 2853 ’
1450 2857 1521 2887 tus.
1551 2850 1599 2889 Et
1627 2850 1680 2886 sic
1708 2858 1836 2887 motus
1864 2850 2002 2898 quibus
2022 2863 2044 2888 a
2063 2851 2148 2888 Deo
2169 2857 2388 2897 mouentur,
2415 2850 2512 2889 fiunt

1451 2902 1629 2940 creaturis
1658 2904 1922 2941 connaturales
1948 2911 1985 2942 et
2001 2903 2150 2949 faciles;
2179 2902 2391 2943 secundum
2419 2902 2511 2943 illud

1449 2957 1536 3004 Sap.
1561 2968 1625 2993 vm
1648 2955 1684 2992 *ε
1713 2957 1764 2993 Et
1786 2954 1798 2977 δ
1826 2956 1986 3005 disponit
2018 2957 2146 2995 omnia
2177 2956 2354 2996 suaviter.
2386 2956 2510 2995 Multo

1448 3008 1558 3056 igitur
1581 3008 1700 3056 magis
1729 3009 1798 3047 illis
1827 3021 1924 3057 quos
1952 3016 2086 3047 movet
2113 3009 2164 3048 ad
2190 3009 2512 3056 consequendum

1449 3062 1594 3100 bonum
1625 3063 1907 3110 supernaturale
1936 3070 2146 3110 aeternum,
2175 3061 2338 3102 infundit
2365 3061 2511 3111 aliquas

1448 3115 1590 3152 formas
1618 3127 1686 3152 seu
1714 3114 1910 3164 qualitates
1943 3115 2269 3164 supernaturales,
2298 3115 2512 3153 secundum

1447 3180 1543 3216 quas
1570 3168 1735 3207 suaviter
1764 3175 1800 3206 et
1827 3175 2004 3217 prompte
2024 3169 2073 3206 ab
2099 3168 2185 3217 ipso
2213 3175 2458 3208 moveantur
2452 3166 2512 3206 ad

1447 3222 1594 3260 bonum
1619 3228 1817 3259 aeternum
1838 3221 2154 3269 consequendum
2169 3221 2200 3258 *.
2222 3221 2272 3260 Et
2290 3221 2344 3259 sic
2363 3220 2511 3260 donum

1446 3273 1586 3322 gratiae
1615 3274 1774 3323 qualitas
1802 3274 1994 3322 quaedam
2023 3281 2089 3312 est.
2407 3294 2410 3297 -

1499 3401 1526 3435 γ)
1543 3402 1624 3426 etiam
1644 3402 1789 3434 largiatur.
1802 3414 1820 3420 —
1834 3402 1897 3433 quia
1917 3401 1997 3426 etiam
2010 3401 2130 3433 largitur
2148 3400 2179 3430 K,
2198 3400 2278 3424 etiam
2293 3398 2411 3432 largitur
2423 3398 2508 3423 ceteri.

1500 3436 1526 3471 δ)
1548 3437 1590 3462 Et.
1608 3451 1627 3455 -
1645 3437 1716 3469 quod
1735 3437 1844 3461 codices.

2547 910 2555 918 '
2561 909 2607 936 Qu.
2614 913 2680 936 cxiii,
2686 911 2728 931 nn.
2735 914 2759 931 2.

2622 1435 2647 1449 ,ιι
2666 1436 2707 1449 ,nv
2720 1429 2729 1447 1

2540 2221 2754 2293 zei->eea

2539 2966 2548 2975 ·
2564 2964 2630 2987 Vei-n.
2645 2970 2663 2986 ι.

2537 3225 2610 3275 3325.
2615 3225 2747 3280 ἓὲξέἳᾶῗξῖ
