2840 4010
76 515 88 527 ⁶
103 515 130 537 D.
145 515 182 542 84.

66 1986 82 1996 ·
89 1985 128 2008 Po.
136 1991 212 2013 unx,
221 1991 281 2007 vers.

66 2018 103 2040 ¹7·

67 2177 83 2187 ⁴
96 2174 164 2198 Vei-⁸·
178 2175 210 2197 16.

66 2463 84 2476 ⁴
92 2462 170 2486 rnu.
179 2463 209 2490 Π,
223 2469 248 2485 n.
257 2469 282 2485 ιι.

73 2512 83 2522 ·
99 2511 132 2535 Cn
149 2526 157 2533 .
174 2517 232 2539 zu,
252 2512 282 2534 ιΙ.

65 2518 282 2566 ,κνηςῗιινειωῃ

72 2884 82 2894 ·
96 2883 163 2906 Vert.
177 2889 206 2911 ¹5·

66 2939 83 2951 ⁴⁸
96 2938 164 2961 Vei-s.
180 2945 212 2960 io.

961 166 1224 211 QUAESTIO
1255 167 1410 212 LXXII,
1440 166 1733 203 ARTICULUS
1764 167 1811 202 III
2437 167 2479 202 15

315 245 385 282 Vel
403 251 528 292 potest
547 243 619 281 dici
639 244 742 292 quod
771 244 808 280 in
837 245 911 280 hoc
939 252 1094 293 peccato
1116 245 1228 281 etiam
1257 257 1371 293 quae·
1425 244 1519 281 iusta
1547 245 1739 293 usurpatio
1772 245 1900 281 uxoris
1929 244 2083 281 alienae.
2108 264 2132 272 -
2158 244 2227 280 Vel
2255 252 2379 293 potest
2408 244 2479 281 dici

316 298 404 335 dam
433 296 567 333 iniuria
594 296 637 333 fit
664 297 824 345 corpori,
856 297 948 333 dum
978 297 1185 334 inordinate
1206 298 1371 333 macula·
1425 298 1530 344 quod
1568 310 1627 334 res
1663 297 1706 334 in·
1738 310 1814 345 qua
1850 297 2053 334 delectatur
2090 309 2246 344 avarus,
2283 298 2479 346 corporale

315 358 385 387 tur.
415 350 464 386 Et
486 349 572 387 ideo
594 361 661 398 per
680 350 753 386 hoc
773 350 897 386 solum
917 357 1115 398 peecatum
1137 348 1268 385 dicitur
1287 361 1371 396 spe·
1425 350 1618 397 quoddam
1640 358 1714 386 est:
1745 358 1780 386 et
1798 358 1982 399 quantum
2010 350 2058 387 ad
2077 350 2164 398 hoc,
2186 350 2480 386 connumeratur

316 402 454 440 cialiter
481 403 600 439 homo
629 402 666 439 in
696 415 832 450 corpus
860 414 1029 451 peccare.
1424 402 1586 449 peccatis
1615 403 1835 439 carnalibus.
1867 403 1944 439 Sed
1971 403 2053 451 ipsa
2077 403 2273 440 delectatio
2295 415 2371 439 non
2395 415 2479 451 per-

368 454 535 493 Avaritia
550 467 643 492 vero
664 468 762 504 quae
781 455 818 492 in
839 454 1048 491 carnalibus
1063 458 1077 480 Υ
1097 452 1260 500 peccatis
1282 464 1370 488 con·
1425 453 1515 489 tinet
1534 454 1582 490 ad
1603 467 1767 502 carnem,
1788 456 1854 492 sed
1883 456 1931 492 acl
1960 455 2152 504 spiritum:
2183 463 2219 492 et
2238 455 2323 492 ideo
2345 468 2478 492 secun-

315 515 545 554 numeratur,
568 520 635 557 pro
661 508 843 546 adulterio
872 506 1022 555 ponitur
1040 504 1071 550 ³¹⁸,
1101 504 1205 552 quod
1234 511 1288 540 est
1316 504 1369 540 in·
1426 505 1518 541 dum
1548 506 1773 553 Gregorium
1793 506 1818 554 ὅ,
1849 516 1903 544 est
1930 508 2118 556 spirituale
2146 516 2356 556 peccatum.

366 626 393 660 γ)
413 627 439 652 in
458 627 617 653 carnalibus.
635 641 654 646 -
671 625 822 652 carnalibus
841 624 886 648 Pa.
1396 617 1399 656 Ι
1478 622 1502 654 δ)
1521 624 1663 648 secundum
1685 626 1854 657 Gregorium.
1871 640 1889 645 -
1910 627 2056 658 Gregorius
2074 627 2139 652 dicit
2156 628 2227 659 quod
2246 628 2292 652 Pa.

986 700 1314 733 Commentaria
1337 700 1585 733 Cardinalis
1607 702 1804 735 Caietam

345 792 364 812 N
381 781 519 812 secundo
535 778 665 810 articulo
683 777 759 807 nihil
772 776 972 807 scribendum
989 776 1131 812 occurrit,
1146 776 1204 806 nisi
1220 782 1254 806 ut
1270 782 1368 812 notes,
1425 783 1652 816 consequenter
1674 777 1706 806 in
1731 778 1819 807 omni
1843 786 1970 817 peccato
2003 790 2072 810 vera
2097 788 2142 811 est
2165 781 2306 812 doctrina
2334 781 2474 821 supradi-

318 793 377 856 Iin
401 823 555 866 principio
579 821 736 862 corporis,
768 820 856 861 quod
885 821 917 850 in
941 820 1028 850 omni
1058 827 1186 860 peccato
1213 819 1370 850 invenitur
1424 820 1502 850 cta*
1526 821 1563 850 de
1587 820 1815 860 specificatione
1840 832 1875 852 ex
1899 830 1984 862 parte
2002 824 2222 860 conversionis,
2246 832 2276 856 et
2298 835 2364 855 non
2387 835 2472 856 aver-

314 869 470 910 appetitus
497 866 629 896 alicuius
652 865 729 896 boni
760 864 1013 902 commutabilis,
1045 871 1075 895 et
1104 863 1303 894 inordinatio.
1329 863 1370 894 Et
1423 863 1528 894 sionis.

1114 1035 1428 1078 ARTICULUS
1456 1036 1682 1078 TERTIUS

712 1130 865 1160 UTRUM
888 1128 1089 1160 PECCATA
1112 1127 1464 1158 DlSTINGUANTUR
1488 1127 1633 1159 SPECIE
1657 1128 1892 1177 sECUNDUM
1917 1129 2078 1161 CAusAs

1160 1207 1179 1230 11
1199 1207 1280 1236 Sent„
1301 1207 1360 1231 dist.
1374 1214 1431 1237 xxii,
1451 1215 1496 1239 qu.
1515 1215 1539 1249 ¹¹2
1550 1212 1596 1231 art.
1616 1215 1632 1232 1.

351 1332 361 1343 s
400 1317 407 1330 ν
432 1338 441 1346 ,Ἰ
462 1326 473 1334 f
526 1309 548 1334 D
568 1308 727 1334 TERTmM
748 1308 800 1333 Sic
822 1307 1059 1333 paoeemwn.
1086 1294 1244 1331 Videtur
1263 1295 1367 1344 quod
1423 1297 1589 1333 cundum
1624 1297 1786 1334 formam
1816 1306 1850 1335 et
1879 1298 2074 1336 materiam
2111 1300 2235 1349 specie
2270 1308 2305 1337 et
2337 1313 2473 1348 genere

364 1348 389 1370 ’”
525 1357 679 1398 peccata
707 1349 979 1397 distinguantur
1002 1348 1126 1397 specie
1155 1348 1366 1385 secundum
1422 1349 1708 1397 distinguuntur.
1743 1352 1869 1398 Agens
1906 1359 2033 1388 autern
2072 1360 2107 1389 et
2148 1353 2234 1390 finis
2272 1354 2474 1402 respiciunt

334 1434 354 1449 ,Δ
426 1434 429 1436 ,
499 1414 669 1440 causas,
686 1403 746 1438 Ab
768 1402 906 1438 eodem
935 1401 1036 1438 enim
1063 1401 1176 1438 habet
1197 1414 1255 1437 res
1284 1413 1367 1450 spe·
1422 1401 1559 1438 directe
1598 1411 1747 1439 motum
1777 1411 1812 1439 et
1849 1404 2130 1451 operationem:
2161 1413 2196 1441 et
2233 1406 2318 1443 ideo
2348 1415 2473 1443 motus

334 1450 342 1460 '
368 1471 380 1482 «κ
403 1450 439 1502 1'
447 1466 459 1490 τ’
483 1448 643 1502 Kciem,
674 1467 696 1491 a
724 1467 800 1503 quo
829 1455 944 1491 habet
976 1466 1069 1491 esse.
1101 1454 1176 1491 Sed
1210 1462 1367 1503 peccata
1422 1463 1456 1491 et
1485 1455 1724 1503 operationes
1744 1458 1952 1493 secundum
1981 1457 2198 1494 huiusmodi
2226 1471 2357 1495 causas
2386 1472 2471 1508 spe-

311 1508 453 1544 habent
481 1519 562 1544 esse
599 1520 645 1544 ex
674 1507 748 1544 suis
778 1507 911 1544 causis.
942 1508 1041 1555 Ergo
1080 1507 1126 1543 ab
1161 1506 1214 1543 eis
1253 1507 1364 1544 etiam
1421 1507 1475 1544 cie
1496 1508 1786 1556 distinguuntur;
1809 1509 2064 1547 diversimode
2088 1518 2225 1548 tamen.
2247 1512 2349 1547 Nam
2373 1512 2471 1560 prin-

312 1559 479 1609 speciem
509 1560 724 1597 sortiuntur.
746 1560 935 1597 Differunt
963 1571 1051 1608 ergo
1080 1560 1205 1609 specie
1234 1572 1365 1597 secun·
1421 1560 1516 1609 cipia
1549 1561 1671 1598 activa
1703 1561 1893 1598 naturalia
1922 1569 2008 1598 sunt
2043 1563 2287 1600 determinata
2321 1576 2471 1613 semper

310 1613 405 1651 dum
433 1613 687 1650 diversitatem
719 1626 929 1650 causarum.
1420 1615 1467 1650 ad
1505 1614 1661 1650 eosdem
1699 1622 1821 1650 actus:
1853 1621 1888 1650 et
1921 1614 2006 1651 ideo
2043 1615 2214 1652 diversae
2253 1617 2397 1664 species
2435 1618 2471 1654 in

366 1677 402 1702 2.
423 1666 655 1714 PRAETEREA,
676 1666 771 1703 inter
799 1666 887 1703 alias
908 1677 1039 1702 causas
1067 1665 1193 1702 minus
1217 1666 1366 1703 videtur
1419 1666 1560 1703 actibus
1580 1667 1811 1703 naturalibus
1831 1667 2072 1704 attenduntur
2097 1681 2174 1705 non
2194 1669 2317 1705 solum
2339 1682 2472 1706 secun-

309 1718 497 1768 pertinere
525 1719 575 1756 ad
602 1718 769 1768 speciem
790 1731 903 1756 causa
931 1718 1143 1755 materialis.
1165 1718 1242 1755 Sed
1262 1719 1363 1755 obie-
1420 1719 1511 1755 dum
1541 1719 1703 1766 obiecta,
1734 1732 1832 1767 quae
1866 1728 1951 1756 sunt
1979 1721 2075 1758 fines
2110 1723 2171 1758 vel
2203 1722 2372 1768 termini,
2403 1723 2470 1759 sed

312 1779 413 1809 ctum
441 1771 480 1808 in
506 1779 663 1820 peccato
693 1780 749 1808 est
767 1771 862 1808 sicut
890 1783 1002 1809 causa
1029 1771 1240 1808 materialis.
1263 1772 1363 1808 Cum
1420 1772 1531 1808 etiam
1551 1772 1762 1809 secundum
1782 1772 1963 1821 principia
1983 1773 2125 1819 activa;
2155 1774 2248 1811 sicut
2268 1775 2470 1812 calefacere

311 1836 401 1872 ergo
422 1826 632 1862 secundum
654 1825 801 1861 obiecta
815 1832 970 1873 peccata
989 1824 1115 1872 specie
1137 1824 1362 1872 distinguan-
1419 1833 1454 1860 et
1482 1824 1693 1872 infrigidare
1723 1825 1999 1873 distinguuntur
2022 1827 2146 1875 specie
2174 1827 2384 1864 secundum
2409 1840 2470 1864 ca-

310 1884 382 1924 tur,
401 1876 552 1914 videtur
571 1878 675 1926 quod
700 1885 855 1926 peccata
875 1879 993 1914 multo
1015 1876 1134 1924 magis
1154 1877 1363 1914 secundum
1417 1877 1534 1914 lidum
1555 1885 1590 1914 et
1609 1877 1795 1926 frigidum.
1818 1877 1893 1915 Sed
1922 1878 2105 1927 principia
2125 1880 2246 1916 activa
2265 1879 2303 1916 in
2327 1880 2469 1917 actibus

311 1929 401 1967 alias
431 1942 563 1967 causas
592 1930 866 1978 distinguantur
893 1930 1029 1980 specie.
1416 1930 1656 1979 voluntariis,
1696 1931 1909 1967 cuiusmodi
1945 1939 2031 1968 sunt
2065 1939 2174 1968 actusv
2201 1940 2466 1980 peccatorum,

366 1983 400 2019 3.
421 1983 653 2031 PRAETEREA,
670 1984 911 2031 Augustinus,
933 1994 1046 2032 super
1064 1981 1155 2020 illud
1175 1983 1315 2020 Psalmi
1330 1983 1360 2030 ⁹⁸,
1417 1995 1495 2019 non
1523 1995 1562 2020 se
1586 1984 1728 2020 habent
1755 1995 1800 2020 ex
1829 1984 2047 2021 necessitate
2077 1985 2125 2021 ad
2153 1997 2288 2022 unum:
2321 1993 2356 2022 et
2383 1986 2467 2023 ideo

310 2036 469 2072 Incensa
497 2037 581 2086 igni
606 2042 641 2073 et
661 2037 833 2086 suffossa,
855 2036 942 2074 dicit
964 2035 1068 2085 quod
1096 2047 1206 2072 omne
1227 2047 1361 2084 pecca·
1417 2049 1462 2072 ex
1490 2049 1566 2072 uno
1596 2036 1779 2085 principio
1809 2036 1932 2073 activo
1960 2038 2021 2074 vel
2050 2037 2196 2074 motivo
2224 2045 2383 2086 possunt
2416 2039 2468 2075 di·

307 2093 388 2125 tum
416 2094 471 2125 est
486 2100 536 2125 ex
563 2090 696 2127 timore
714 2090 814 2126 male
839 2089 1068 2136 humiliante,
1089 2089 1214 2125 velex
1232 2101 1363 2126 amore
1416 2101 1547 2126 versae
1581 2089 1725 2137 species
1757 2097 2000 2138 peccatorum
2038 2091 2264 2138 procedere;
2298 2093 2392 2128 sicut
2423 2104 2468 2128 ex

310 2141 411 2178 male
423 2141 693 2190 inflammante.
710 2142 855 2179 Dicitur
870 2142 981 2179 etiam
998 2147 1015 2163 ‘²
1030 2143 1044 2178 Ι
1060 2143 1167 2179 Ιοαη.
1181 2154 1203 2178 11
1213 2141 1244 2189 ³¹³,
1257 2142 1362 2190 quod
1416 2141 1550 2178 timore
1578 2142 1677 2179 male
1713 2142 1933 2179 humiliante
1965 2150 2091 2190 potest
2125 2143 2331 2191 procedere
2365 2144 2468 2193 quod

311 2205 422 2230 omne
449 2194 550 2242 quod
575 2201 629 2232 est
654 2196 690 2231 in
719 2196 871 2241 mundo,
897 2201 964 2232 aut
988 2201 1042 2231 est
1066 2195 1362 2243 concupiscentia
1417 2195 1534 2231 homo
1564 2195 1716 2242 furetur,
1747 2202 1783 2231 et
1810 2195 1914 2242 quod
1943 2195 2100 2242 occidat,
2131 2203 2167 2232 et
2190 2197 2292 2244 quod
2323 2196 2469 2233 deserat

311 2247 456 2292 carnis,
481 2253 548 2283 aut
573 2248 868 2296 concupiscentia
895 2247 1111 2294 oculorum,
1141 2254 1208 2284 aut
1235 2259 1362 2296 super-
1417 2260 1568 2295 gregem
1602 2247 1672 2283 sibi
1707 2247 1976 2293 commissum;
2011 2255 2048 2284 et
2079 2249 2173 2285 haec
2210 2249 2345 2285 eadem
2381 2262 2468 2298 pos-

311 2299 372 2336 bia
397 2300 511 2336 vitae:
541 2300 674 2337 dicitur
702 2308 830 2337 autem
859 2300 999 2350 aliquid
1028 2313 1109 2338 esse
1138 2300 1176 2337 in
1203 2301 1360 2347 mundo,
1418 2308 1503 2337 sunt
1529 2300 1736 2349 procedere
1767 2312 1811 2336 ex
1840 2313 1982 2337 amore.
2007 2301 2118 2338 Unde
2147 2302 2387 2338 manifestum
2415 2310 2470 2339 est

310 2359 466 2401 propter
478 2361 690 2401 peccatum,
707 2353 917 2390 secundum
941 2353 1046 2403 quod
1065 2354 1198 2390 mundi
1214 2354 1364 2390 nomine
1418 2353 1522 2402 quod
1546 2360 1701 2402 peccata
1729 2365 1807 2390 non
1836 2353 2008 2390 differant
2028 2353 2151 2407 specie
2181 2355 2391 2392 secundum
2416 2355 2469 2391 di-

309 2411 499 2442 amatores
525 2406 657 2442 mundi
682 2407 954 2456 significantur,
981 2414 1024 2443 ut
1050 2406 1282 2454 Augustinus
1311 2406 1364 2443 di·
1416 2419 1546 2444 versas
1584 2418 1716 2442 causas
1748 2406 1888 2443 activas
1925 2407 1987 2442 vel
2019 2406 2201 2452 motivas3
2241 2407 2307 2444 sed
2345 2408 2468 2444 solum

311 2458 376 2505 cit,
405 2470 517 2507 super
543 2459 651 2495 Ioan.
677 2458 697 2480 '¹‘
726 2459 930 2507 Gregorius
959 2459 1088 2507 etiam,
1118 2460 1242 2496 XXXI
1276 2460 1364 2496 Mo·
1418 2458 1629 2496 seeundum
1648 2458 1902 2496 diversitatem
1931 2471 2066 2495 causae
2094 2459 2216 2496 finalis
2230 2459 2261 2496 ³⁸.
2285 2460 2385 2496 Finis
2405 2472 2470 2497 au-

294 2510 379 2548 *raL
400 2510 431 2558 ²¹⁸,
454 2511 645 2559 distinguit
663 2512 794 2548 omnia
812 2519 968 2561 peccata
987 2512 1196 2549 secundum
1217 2520 1362 2561 septem
1417 2520 1493 2549 tem
1525 2519 1579 2548 est
1607 2511 1798 2548 obiectum
1817 2511 2041 2548 voluntatis:
2071 2519 2263 2549 ostensum
2291 2521 2345 2549 est
2369 2513 2469 2549 enim

309 2563 399 2601 vitia
427 2564 608 2613 capitalia.
631 2565 779 2602 Omnes
808 2573 936 2601 autem
965 2565 1184 2602 huiusmodi
1212 2565 1363 2602 divisio·
1418 2577 1531 2614 supra
1553 2565 1573 2585 '¹‘
1601 2564 1704 2613 quod
1738 2571 1841 2601 actus
1873 2564 2031 2601 humani
2063 2565 2204 2601 habent
2232 2565 2396 2614 speciem
2426 2578 2470 2602 ex

309 2629 377 2654 nes
406 2617 610 2665 respiciunt
637 2629 769 2654 causas
797 2625 1051 2666 peccatorum.
1083 2618 1183 2665 Ergo
1215 2617 1365 2655 videtur
1419 2619 1506 2655 fine.
1792 2648 1794 2650 ,

309 2669 415 2718 quod
442 2677 597 2718 peccata
626 2669 800 2707 differant
827 2670 952 2719 specie
971 2671 1182 2707 secundum
1212 2671 1364 2708 diversi·
1472 2673 1530 2707 AD
1550 2681 1685 2706 PRIMUM
1705 2681 1802 2706 ERGO
1822 2681 2004 2706 DICENDUM
2024 2670 2128 2718 quod
2147 2670 2328 2719 principia
2347 2670 2468 2707 activa

308 2729 425 2759 tatem
454 2734 665 2760 causarum.
1420 2724 1456 2760 in
1485 2723 1627 2760 actibus
1655 2722 1885 2769 voluntariis,
1908 2734 1995 2759 cum
2024 2734 2102 2758 non
2126 2723 2197 2759 sint
2225 2723 2470 2760 determinata

364 2775 438 2811 SED
475 2786 621 2811 CONTRA
653 2787 719 2812 EST
756 2776 843 2823 quia
882 2776 1093 2813 secundum
1131 2777 1205 2812 hoc
1237 2776 1366 2814 omnia
1420 2777 1467 2814 ad
1486 2788 1619 2822 unum,
1640 2787 1718 2811 non
1737 2774 1927 2811 sufficiunt
1946 2775 1994 2811 ad
2016 2775 2306 2823 producendum
2335 2777 2468 2811 huma-

310 2834 466 2876 peccata
495 2835 618 2864 essent
644 2828 756 2865 unius
786 2829 933 2877 speciei,
960 2841 1046 2865 cum
1074 2841 1118 2865 ex
1147 2841 1223 2866 una
1253 2842 1365 2866 causa
1420 2842 1491 2866 nos
1520 2835 1643 2874 actus,
1674 2827 1744 2864 nisi
1773 2827 2040 2864 determinetur
2070 2828 2245 2864 voluntas
2274 2828 2321 2864 ad
2349 2839 2469 2864 unum

312 2887 532 2917 causentur:
562 2880 696 2917 dicitur
715 2881 816 2918 enim
839 2881 955 2918 Eccli.
976 2894 999 2918 x
1017 2881 1056 2928 ²⁸,
1087 2882 1191 2929 quod
1220 2883 1364 2919 initium
1421 2894 1489 2931 per
1507 2880 1753 2918 intentionem
1773 2880 1877 2925 finis3
1903 2888 1945 2916 ut
1971 2887 2073 2928 patet
2091 2893 2159 2929 per
2179 2880 2469 2929 Philosophum,

311 2933 432 2969 omnis
453 2933 602 2980 peccati
627 2939 681 2970 est
704 2934 901 2982 superbias
930 2941 966 2971 et
994 2935 1007 2970 I
1037 2935 1088 2971 ad
1117 2935 1211 2971 Tim.
1240 2936 1305 2972 ult.
1334 2934 1365 2982 ³¹²,
1421 2935 1459 2972 in
1479 2935 1531 2970 IX
1549 2934 1795 2981 Metaphys.*
1815 2934 1863 2969 Et
1882 2932 1966 2970 ideo
1988 2945 2009 2969 a
2028 2933 2103 2969 fine
2123 2933 2315 2981 perficitur
2334 2940 2370 2969 et
2389 2945 2470 2969 esse

312 2985 417 3033 quod
444 2986 558 3022 radix
585 2986 751 3023 omnium
776 2987 964 3024 malorum
993 2993 1048 3023 est
1072 2988 1366 3036 cupiditasMa-
1421 2995 1457 3024 et
1485 2987 1628 3036 species
1656 2986 1811 3035 peccati.

311 3036 488 3074 nifestum
518 3046 573 3075 est
601 3047 728 3076 autem
758 3052 839 3076 esse
870 3040 1038 3077 diversas
1062 3040 1206 3089 species
1234 3053 1367 3089 pecca-
1472 3041 1530 3076 AD
1550 3050 1738 3076 SECUNDUM
1758 3050 1939 3075 nlcENDUM
1959 3038 2063 3087 quod
2079 3037 2236 3085 obiecta,
2259 3037 2470 3074 secundum

311 3097 450 3126 torum.
485 3090 576 3127 Non
612 3103 700 3139 ergo
737 3100 893 3140 peccata
930 3092 1206 3140 distinguuntur
1241 3093 1365 3142 specie
1421 3093 1525 3142 quod
1564 3099 1832 3140 comparantur
1859 3091 1905 3127 ad
1942 3099 2045 3127 actus
2082 3090 2302 3140 exteriores,
2331 3091 2472 3127 habent

313 3142 524 3179 seeundum
555 3142 787 3180 diversitates
815 3143 830 3173 β
858 3157 1068 3182 causarum.
1421 3145 1606 3182 rationem
1644 3144 1821 3181 materiae
1860 3144 1957 3179 circa
1991 3155 2125 3191 quarn:
2155 3143 2223 3180 sed
2259 3143 2470 3180 secundum

365 3195 589 3232 Responnso
619 3207 802 3232 monimum
830 3198 951 3244 quod,
981 3210 1069 3234 curn
1103 3206 1266 3246 quatuor
1294 3195 1370 3235 sint'
1421 3197 1525 3247 quod
1553 3203 1820 3245 comparantur
1847 3196 1894 3232 ad
1923 3203 2049 3232 actum
2087 3195 2304 3232 interiorem
2336 3197 2473 3233 volun-

312 3260 511 3285 causarum
531 3260 680 3296 genera,
702 3247 956 3286 diversimode
977 3250 1134 3286 diversis
1161 3251 1367 3287 attribuun-
1419 3250 1514 3296 tatis,
1535 3250 1676 3286 habent
1704 3248 1888 3285 rationem
1917 3248 2073 3293 finium3
2104 3255 2140 3284 et
2167 3260 2212 3285 ex
2231 3249 2305 3285 hoc
2333 3249 2474 3286 habent

311 3308 381 3338 tur.
404 3301 529 3338 Causa
555 3300 655 3337 enirn
685 3301 849 3337 formalis
875 3309 911 3338 et
933 3301 1134 3338 materIalis
1163 3303 1366 3351 respiciunt
1420 3302 1525 3350 quod
1554 3302 1643 3338 dent
1666 3301 1830 3349 speciem
1860 3301 1968 3338 actui.
1991 3300 2177 3348 Quamvis
2197 3301 2311 3338 etiam
2340 3313 2471 3338 secun-

310 3353 463 3403 proprie
492 3353 738 3390 substantiam
769 3353 837 3390 rei:
869 3362 904 3391 et
931 3354 1018 3391 ideo
1052 3354 1280 3391 substantiae
1309 3367 1365 3391 se-
1421 3355 1513 3391 dum
1542 3353 1646 3402 quod
1675 3361 1760 3390 sunt
1780 3353 1935 3390 materia
1964 3353 2060 3395 circa
2083 3366 2212 3402 quam,
2233 3355 2396 3391 habeant
2416 3366 2471 3391 ra-

365 3482 392 3516 α)
412 3483 500 3508 etiam.
519 3497 536 3501 -
554 3483 623 3508 enim
643 3483 688 3507 Pa.
1393 3477 1395 3515 Ι
1476 3481 1500 3514 β)
1521 3482 1695 3507 diversitates.
1714 3496 1732 3500 —
1751 3482 1929 3507 diversitatem
1950 3482 2107 3507 CEFGHIK.

2502 832 2510 840 '
2527 831 2577 852 Art.
2593 831 2699 858 praeced.

2498 2470 2506 2477 “
2521 2467 2549 2488 D.
2563 2473 2611 2494 99¹-

2498 2574 2506 2582 *
2522 2573 2569 2600 Qu.
2585 2578 2604 2596 1,
2620 2575 2661 2593 art.
2680 2577 2706 2599 3:

2496 2605 2535 2626 qu.
2551 2604 2615 2624 xviii,
2631 2601 2673 2619 art.
2684 2597 2708 2619 6.

2500 2943 2507 2951 '
2523 2940 2600 2962 S.·rn.
2615 2940 2709 2960 lect.1v.

2500 2978 2510 2983 -
2524 2966 2578 2988 Did.
2592 2966 2631 2987 lib.
2644 2965 2707 2989 vm,

2499 2999 2549 3020 cap.
2559 2999 2580 3019 v,
2591 2999 2614 3014 n.
2623 2998 2643 3020 3,
2658 2999 2681 3017 4.
