2840 4010
79 1962 124 1979 ,ΥΙΙι
140 1963 197 1979 ,ἪἛΥ
218 1967 231 1978 ,ι
247 1960 261 1983 ,'
287 1959 290 1962 “

989 108 1255 155 QUAESTIO
1284 108 1424 156 XCIX,
1454 108 1749 146 ARTICULUS
1778 109 1828 145 VI
2422 110 2496 145 205

325 189 580 235 traherentur,
602 195 638 224 et
667 199 800 224 eorum
820 187 939 224 virtus
966 188 1126 236 probata
1146 187 1382 231 redderetur;

325 247 390 278 aut
407 240 508 289 quia,
525 252 642 289 opera
657 240 747 288 legis
768 240 928 277 exterius
947 240 1158 289 implentes,
1177 251 1242 275 cor
1260 245 1382 275 toturn

324 293 516 330 habebant
530 292 568 330 in
585 293 860 342 temporalibus
881 293 1048 330 defixum
1070 300 1106 330 et
1129 292 1259 335 arDeo
1280 291 1382 327 elon-

995 395 1327 429 Commenta-ia
1348 394 1598 427 cardinalis
1619 396 1819 430 Caietam‘

355 495 375 515 N
399 485 535 516 articulis
558 485 671 526 quinto
695 491 726 515 et
748 490 835 515 sexto
859 483 992 513 dubium
1016 481 1160 512 occurrit.
1176 481 1268 511 Nam
1292 491 1384 521 supe-

328 497 419 559 Irius
444 529 476 559 in
499 539 553 569 qu.
570 539 646 565 xcxi,
669 535 725 559 art.
748 538 776 564 2,
801 527 839 558 ad
867 527 894 562 3,
918 535 1060 566 expresse
1084 525 1205 555 dictum
1228 531 1274 555 est
1296 525 1385 565 quod

325 573 498 613 praemiare
521 582 588 603 non
612 578 658 603 est
680 579 766 603 actus
789 570 884 610 legis,
909 569 964 600 sed
986 569 1099 609 punire
1123 575 1256 599 tantum.
1283 569 1384 599 Modo

325 623 432 647 autem
456 616 568 647 dicitur
596 616 684 657 quod
713 614 790 655 legis
819 621 865 644 est
895 623 961 644 non
989 613 1094 644 solum
1125 623 1161 643 ex
1185 622 1305 653 poena,
1330 613 1384 642 sed

324 660 486 701 praemio,
510 660 659 690 inducere
686 659 725 688 ad
757 657 988 688 observantiam
1012 657 1071 688 sui.
1096 656 1273 694 Quomodo
1302 663 1385 687 stant

324 704 401 735 haec
424 702 537 735 simul?

377 749 428 779 Ad
451 748 513 778 hoc
542 746 676 778 breviter
706 745 820 776 dicitur
850 745 938 786 quod
966 745 1010 775 ibi
1034 745 1072 775 de
1099 744 1236 785 propriis
1263 743 1383 774 actibus

323 791 400 833 legis
422 792 580 832 agebatur,
595 790 677 821 inter
698 799 782 830 quos
804 799 870 820 non
895 795 941 820 est
962 788 1152 829 praemiare:
1175 788 1261 829 quia,
1282 794 1318 818 ut
1340 787 1383 818 ibi

324 835 445 867 dictum
459 841 515 871 ωε,
531 833 664 875 quilibet
679 840 784 874 potest
805 833 868 864 hoc
884 833 993 864 facere.
1011 833 1072 864 Hic
1087 839 1192 864 autem
1216 838 1262 863 est
1277 841 1382 862 sermo

323 889 388 909 non
412 879 520 909 solum
542 878 582 908 de
597 877 742 918 propriis,
760 878 814 907 sed
838 878 876 908 de
892 877 1133 908 communibus:
1158 883 1188 908 et
1206 876 1279 907 ideo
1293 885 1381 916 prae-

322 922 429 958 miare,
446 922 534 964 quod
550 928 597 952 est
611 931 784 952 commune
803 921 864 962 legi
880 928 910 952 et
929 921 1067 962 privatae
1082 929 1243 962 personae,
1261 926 1292 950 et
1308 930 1382 950 con-

322 965 433 1002 sulere,
450 965 539 1007 quod
555 971 602 996 est
620 965 715 997 etiam
734 975 906 996 commune
927 965 1062 1006 utrique,
1078 965 1139 1005 legi
1158 964 1380 995 attribuuntur.

1439 482 1478 511 Et
1502 491 1588 512 vere:
1614 483 1694 514 sicut
1717 484 1839 514 homini
1863 494 1934 514 vere
1948 483 2128 514 attribuitur
2150 483 2270 522 videre,
2287 483 2433 524 quamvis
2461 483 2500 513 sit

1438 535 1610 556 commune
1626 527 1683 556 sibi
1708 534 1738 557 et
1756 528 1824 557 aliis
1839 528 2043 564 animalibus;
2062 534 2092 558 et
2115 535 2246 568 negatur
2265 528 2353 568 quod
2370 527 2409 557 sit
2424 537 2498 567 pro-

1438 569 1525 608 prius
1549 577 1637 600 actus
1660 570 1810 601 hominis.

1493 613 1529 643 11.
1548 613 1582 642 In
1607 614 1720 644 eodem
1744 621 1830 645 sexto
1854 615 1986 645 articulo
2010 614 2112 645 flenda
2137 615 2272 646 occurrit
2295 615 2419 646 miseria
2442 624 2499 645 no—

1438 663 1509 693 stra,
1527 666 1600 687 cum
1625 657 1753 688 offertur
1769 665 1867 688 status
1891 659 2061 689 hominum
2080 659 2164 690 Novi
2178 659 2391 690 Testamenti:
2408 659 2498 700 quod

1438 700 1555 731 scilicet
1582 710 1648 731 non
1677 701 1791 732 sufficit
1821 702 1909 742 quod
1937 703 2148 734 desideremus
2178 704 2263 733 bona
2293 702 2496 743 temporalia,

1438 744 1525 774 salvo
1549 750 1654 775 tamen
1678 745 1788 775 ordine
1820 746 1860 775 ad
1884 746 2007 782 Deum,
2032 747 2107 786 quia
2129 747 2191 777 hoc
2219 747 2495 788 imperfectorum,

1438 795 1468 818 et
1491 789 1549 818 sub
1568 789 1664 819 veteri
1689 789 1758 829 lege
1777 796 1840 823 est;
1864 790 1919 820 sed
1942 797 2068 830 oportet
2090 798 2134 827 ut,
2158 791 2348 831 contemptis
2371 798 2496 830 tempo-

1437 832 1569 868 ralibus,
1593 833 1807 872 spiritualibus
1836 833 2069 870 inhaereamus,
2093 834 2144 865 hic
2177 835 2263 865 enim
2290 845 2391 866 novae
2420 834 2497 874 legis

1436 876 1639 915 perfectionis
1655 883 1701 907 est
1724 883 1831 908 status.
1849 877 1933 913 Heu,
1949 877 2022 914 heu,
2039 888 2138 918 quam
2153 879 2246 919 pauci
2261 879 2356 909 hodie
2375 879 2415 909 ad
2439 888 2497 908 no-

1436 930 1493 950 vae
1523 920 1600 960 legis
1629 927 1746 951 statum
1778 920 1938 961 spectant!
1962 921 2003 952 Et
2026 921 2149 952 utinam
2178 922 2218 952 ad
2240 922 2352 953 veteris
2380 928 2497 953 statum

1437 964 1547 994 saltem
1571 965 1799 1005 pertineremus
1809 964 1816 995 i

2156 1012 2170 1027 s

1438 187 1803 235 gaturn‚secundum
1819 188 1923 236 quod
1944 186 2077 223 dicitur
2093 187 2210 223 Isaiae
2225 187 2356 223 xxlx*:
2378 189 2499 235 Popu-
2527 200 2536 208 ·
2554 197 2621 219 νοτε.
2642 198 2737 226 13.-cf.

2526 224 2606 246 Manu.
2626 229 2677 251 eap.
2699 231 2736 246 xv.

1436 239 1493 275 lus
1512 240 1572 276 hic
1589 240 1698 276 labiis
1717 252 1777 276 me
1794 241 1974 277 honorat.-
2003 251 2070 276 cor
2087 245 2211 276 autem
2233 251 2364 276 eorum
2386 239 2500 289 longe
2527 256 2585 272 vers.
2600 250 2622 272 8.

1437 297 1491 328 est
1516 303 1540 328 a
1568 304 1639 329 me.
