2840 4010
330 1821 461 1863 'Ae-aet,
476 1820 506 1860 ’κ

69 2263 82 2276 ”
90 2263 187 2286 Arium.

79 2290 112 2312 lb.
125 2289 147 2312 11
154 2306 160 2316 ,

69 2290 116 2365 3,-

71 2369 156 2418 ἕξ

70 2411 126 2451 Ξ.

126 2421 192 2445 .-Cf

71 2454 88 2477 nn

77 2741 86 2750 ¹
91 2739 148 2767 Cap.
154 2745 190 2762 m.
196 2751 207 2756 -
212 2739 284 2762 S.Th.

75 2766 128 2788 leet.
142 2771 164 2793 v.
178 2771 211 2788 vi.

76 3162 86 3171 ·
97 3161 146 3188 Qu.
154 3166 200 3187 ινι,
211 3164 253 3182 ιη.
264 3166 285 3188 3;

77 3193 116 3214 qu.
123 3193 178 3214 ινιι,
186 3190 228 3209 ιη.
239 3193 256 3214 ι,
266 3193 287 3208 2.

991 180 1256 228 QUAEST10
1286 180 1371 227 cx,
1400 179 1696 216 ARTlcULUS
1727 180 1775 215 111

355 264 414 299 An
442 273 580 298 ramum
606 272 704 297 ERGO
734 272 918 298 mmmmm
945 259 1050 308 quod
1078 258 1205 307 gratia,
1226 269 1359 293 secun-

304 316 397 352 dum
425 314 530 363 quod
550 321 605 350 est
624 313 795 362 qualitas,
825 313 958 350 dicitur
985 324 1095 360 agere
1123 311 1163 347 in
1192 309 1358 346 animam

303 379 381 404 non
409 379 479 415 per
505 367 668 404 modum
697 378 835 403 causae
864 364 1070 410 efficientis,
1101 362 1168 400 sed
1190 374 1259 410 per
1277 373 1360 398 mo-

305 420 397 457 dum
418 432 555 456 causae
575 419 760 456 formalis:
787 418 883 455 sicut
900 418 1037 454 albedo
1057 415 1144 452 facit
1161 415 1303 460 album,
1325 422 1361 450 et

304 472 441 509 iustitia
469 473 623 509 iustum;

357 527 416 562 Ao
439 537 630 563 sEcuunuu
658 535 844 561 mmmmm
869 520 973 570 quod
1001 519 1126 556 omnis
1155 518 1361 554 substantia

305 579 367 615 vel
388 585 444 615 est
462 579 544 627 ipsa
563 585 696 614 natura
715 576 769 613 rei
788 575 894 612 cuius
913 580 968 609 est
987 571 1209 609 substantia:
1229 571 1291 607 vel
1307 579 1362 607 est

304 643 393 680 pars
412 639 580 677 naturae,
595 629 807 667 secundum
823 637 938 675 quem
953 625 1114 662 modum
1129 623 1286 661 materia
1299 624 1361 660 vel

306 685 430 720 forma
457 682 663 721 substantia
691 680 835 718 dicitur.
865 679 914 715 Et
932 677 1021 726 quia
1039 677 1156 725 gratia
1175 684 1230 713 est
1248 688 1362 724 supra

306 744 479 773 naturam
499 737 721 780 humanam,
742 744 820 769 non
840 738 965 780 potest
984 743 1065 767 esse
1085 729 1190 778 quod
1209 728 1255 766 sit
1275 729 1362 765 sub-

307 789 440 833 stantia
458 795 522 825 aut
541 788 665 824 forma
683 784 950 822 substantialis:
971 784 1036 820 sed
1058 791 1113 820 est
1130 783 1254 819 forma
1268 782 1362 818 acci-

308 841 466 879 dentalis
479 841 597 890 ipsius
611 838 773 876 animae.
787 837 829 874 Id
841 837 941 874 enim
953 836 1059 884 quod
1073 834 1361 872 substantialiter

308 902 364 931 est
380 894 419 932 in
438 895 536 940 Deo,
556 891 832 929 accidentaliter
850 890 893 927 fit
910 890 949 926 in
973 889 1101 926 anima
1119 887 1363 937 participante

307 946 478 983 divinam
506 944 734 982 bonitatem:
754 951 795 980 ut
822 944 870 980 de
899 942 1052 979 scientia
1079 947 1192 990 patet.
1220 941 1364 977 Secun-

308 999 401 1035 dum
421 999 495 1035 hoc
515 1009 615 1045 ergo,
642 997 730 1046 quia
750 1002 763 1017 ²
784 996 912 1033 anima
932 995 1149 1044 imperfecte
1167 992 1364 1042 participat

308 1051 477 1088 divinam
506 1050 732 1097 bonitatem,
762 1049 843 1097 ipsa
870 1047 1105 1097 participatio
1125 1046 1275 1084 divinae
1296 1046 1363 1082 bo-

307 1104 429 1140 nitatis
457 1115 556 1152 quae
587 1110 641 1140 est
669 1103 798 1150 gratia,
828 1100 1093 1150 imperfectiori
1112 1099 1231 1136 modo
1251 1098 1366 1135 habet

307 1169 389 1193 esse
418 1156 456 1193 in
486 1156 613 1193 anima
647 1168 762 1203 quam
796 1154 923 1191 anima
955 1153 992 1190 in
1021 1153 1144 1202 seipsa
1178 1151 1362 1188 subsistat.

360 1274 390 1307 εἷ
403 1274 475 1305 quia.
492 1286 511 1292 —
528 1273 600 1306 quod
619 1273 648 1298 E.

2398 178 2470 214 313

1416 259 1483 294 Est
1502 266 1631 294 tamen
1650 257 1813 294 nobilior
1832 269 1948 305 quam
1971 265 2104 294 natura
2123 257 2286 303 animae,
2315 256 2474 304 inquan-

1415 318 1497 346 tum
1527 318 1581 347 est
1610 310 1801 359 expressio
1830 311 1892 347 vel
1920 309 2154 359 participatio
2184 309 2334 346 divinae
2367 309 2473 346 boni-

1416 363 1515 399 tatis:
1545 375 1623 399 non
1651 370 1779 399 autem
1809 371 1994 411 quantum
2023 363 2072 400 ad
2099 363 2260 399 modum
2285 361 2445 398 essendi.

1469 417 1528 451 An
1547 427 1706 452 TERTIUM
1726 427 1910 452 monimum
1925 416 2042 464 quod,
2059 415 2155 452 sicut
2170 415 2257 452 dicit
2271 414 2426 451 Boetius
2440 414 2471 461 *,

1417 468 1614 504 accidentis
1629 480 1706 504 esse
1725 474 1779 504 est
1795 469 1924 505 inesse.
1941 469 2052 506 Unde
2067 480 2182 505 omne
2202 467 2376 505 accidens
2396 479 2473 503 non

1418 520 1551 556 dicitur
1580 532 1646 556 ens
1666 521 1773 568 quasi
1802 521 1927 569 ipsum
1948 533 2029 558 esse
2053 522 2203 567 habeat,
2224 521 2291 557 sed
2320 520 2408 569 quia
2428 531 2474 556 eo

1417 572 1557 621 aliquid
1578 580 1653 609 est:
1673 573 1775 610 unde
1791 582 1828 610 et
1846 574 1967 622 magis
1991 574 2122 611 dicitur
2141 586 2224 610 esse
2247 573 2340 610 entis
2358 584 2474 621 quam

1418 636 1493 670 enS,
1514 633 1555 661 ut
1583 625 1717 662 dicitur
1749 627 1788 662 in
1815 627 1883 663 VII
1921 628 2136 675 Metaphys.
2157 626 2177 648 '¹‘
2197 627 2246 663 Et
2273 626 2362 674 quia
2395 626 2475 662 eius

1419 685 1474 713 est
1502 677 1584 713 fieri
1603 679 1666 714 vel
1696 679 1886 727 corrumpi
1908 679 2014 716 cuius
2033 687 2088 716 est
2117 691 2219 725 esse,
2249 679 2356 725 ideo,
2387 691 2474 727 pro·
2504 696 2524 711 n·

1418 729 1498 778 prie
1526 730 1733 778 loquendo,
1763 732 1908 768 nullum
1937 732 2112 769 accidens
2137 744 2262 779 neque
2290 732 2332 768 fit
2352 743 2475 780 neque

1419 782 1689 830 corrumpitur:
1707 784 1773 820 sed
1793 784 1927 820 dicitur
1945 785 2026 821 fieri
2040 786 2101 821 vel
2122 785 2322 832 corrumpi,
2344 797 2476 821 secun-

1420 835 1512 871 dum
1541 836 1646 883 quod
1675 836 1887 873 subiectum
1915 837 2042 886 incipit
2069 838 2131 874 vel
2161 837 2296 874 desinit
2329 849 2410 873 esse
2438 837 2476 873 in

1420 896 1504 924 actu
1533 888 1744 925 secundum
1765 888 1854 925 illud
1883 890 2070 926 accidens.
2092 891 2139 926 Et
2163 890 2374 926 secundum
2403 890 2477 926 hoc

1420 940 1534 976 etiam
1562 940 1679 988 gratia
1708 941 1842 977 dicitur
1870 942 1998 988 creari,
2029 954 2073 978 ex
2102 954 2149 978 eo
2168 942 2273 991 quod
2301 942 2476 979 homines

1420 993 1632 1029 secundum
1653 993 1775 1041 ipsam
1792 1002 1975 1042 creantur,
1994 995 2090 1031 idest
2105 995 2142 1031 in
2162 1007 2266 1031 novo
2288 1007 2367 1031 esse
2390 1007 2478 1031 con-

1420 1045 1633 1092 stituuntur,
1655 1058 1700 1082 ex
1720 1046 1847 1094 nihilo,
1869 1047 1965 1084 idest
1981 1060 2058 1084 non
2075 1046 2145 1083 ex(
2166 1047 2324 1092 meritis;
2347 1059 2478 1083 secun-

1422 1098 1514 1135 dum
1543 1098 1633 1135 illud
1657 1099 1709 1135 ad
1733 1100 1868 1147 Ephes.
1890 1112 1912 1136 11
1932 1100 1971 1137 *z
2006 1101 2133 1137 Creati
2150 1100 2186 1137 in
2221 1100 2364 1136 Christo
2393 1101 2478 1136 Iesu
2506 1116 2514 1123 ·
2554 1120 2588 1134 ers

1421 1152 1456 1188 in
1486 1152 1659 1199 operibus
1686 1153 1802 1188 bonis.

1474 1270 1500 1303 ζ)
1521 1277 1573 1294 non
1594 1278 1639 1295 ex.
1657 1285 1675 1289 -
1693 1278 1730 1295 ex
1748 1271 1778 1302 E,
1797 1277 1834 1295 ex
1853 1278 1903 1295 non
1923 1269 1956 1295 K.

1109 1417 1424 1460 ARTICULUS
1453 1417 1682 1458 TERTIUS

884 1511 1058 1557 UTRUM
1088 1510 1271 1542 GRArxA
1302 1509 1376 1540 s1T
1410 1510 1529 1540 1DEM
1561 1509 1698 1546 QUOD
1729 1508 1909 1539 vaUs

977 1589 997 1613 11
1016 1588 1099 1618 Sent„
1119 1588 1256 1618 disum,
1276 1593 1322 1612 nrt,
1341 1595 1372 1619 4;
1394 1588 1434 1612 De
1458 1588 1546 1617 verit„
1567 1595 1612 1619 qu.
1629 1594 1705 1616 xxvn,
1725 1592 1771 1612 art.
1793 1594 1815 1611 2.

293 1658 298 1666 ⁸
341 1684 367 1713 ἵ,
387 1682 399 1710 ·,
423 1688 477 1714 50<
520 1681 542 1707 ι)
561 1681 720 1706 'mnrium
739 1681 793 1705 sm
818 1679 1056 1706 paocum‘run.
1086 1668 1244 1706 Videtur
1261 1668 1366 1716 quod

336 1705 494 1781 §.53⁴
520 1722 635 1771 gratia
662 1722 709 1759 sit
731 1722 834 1759 idem
863 1722 968 1769 quod
985 1722 1115 1758 virtus.
1137 1721 1236 1758 Dicit
1263 1721 1366 1758 enim

327 1775 434 1829 [νῶν
467 1772 753 1824 (Augustinus
779 1774 799 1796 *
827 1774 932 1822 quod
963 1775 1090 1824 gratia
1123 1785 1283 1822 operans
1316 1780 1370 1811 est

395 1868 398 1871 Δ
553 1840 610 1866 es
633 1840 730 1876 quae
752 1839 823 1876 per
845 1827 1075 1865 dilectionem
1107 1833 1301 1876 operatur-5
1328 1835 1369 1864 ut

309 1881 470 1918 habetur
497 1881 536 1918 in
563 1881 659 1918 libro
688 1881 734 1918 de
761 1881 900 1929 Spiritu
929 1887 966 1917 et
986 1881 1139 1918 Littera.
1160 1880 1237 1918 Sed
1272 1880 1368 1917 fides

309 1945 407 1985 quae
434 1946 504 1982 per
531 1934 771 1972 dilectionem
801 1941 997 1982 operatur,
1025 1941 1081 1970 est
1106 1932 1235 1970 virtus.
1266 1934 1367 1981 Ergo

309 1994 425 2035 grana
453 1995 508 2024 est
535 1987 665 2024 virtus.

365 2051 400 2076 2.
430 2041 667 2088 PRAETEREA,
698 2039 924 2087 cuicumque
962 2039 1142 2076 convenit
1177 2038 1368 2085 definitio,

312 2099 348 2129 et
367 2098 384 2114 α
413 2093 624 2131 definitum.
646 2093 722 2135 Sed
751 2092 990 2129 definitiones
1019 2092 1067 2129 de
1093 2092 1230 2130 virtute
1259 2092 1369 2130 datae

311 2145 391 2182 sive
415 2158 438 2182 a
458 2146 603 2184 Sanctis
628 2146 708 2184 sive
729 2158 751 2182 a
770 2145 1019 2194 philosophis,
1041 2145 1272 2183 conveniunt
1290 2157 1370 2193 gra-

310 2198 404 2235 tiae:
439 2199 521 2247 ipsa
556 2199 657 2235 enim
690 2200 828 2235 bonum
856 2199 955 2246 facit
987 2199 1180 2235 habentem
1216 2204 1254 2234 et
1278 2210 1371 2247 opus

190 2263 282 2290 ,mm
311 2252 390 2288 eius
409 2253 548 2289 bonum
578 2252 698 2288 reddit
714 2252 754 2296 *;
775 2252 856 2303 ipsa
877 2251 989 2288 etiam
1017 2258 1072 2288 est
1091 2252 1189 2288 bona
1210 2251 1371 2301 qualitas

179 2295 282 2339 {²3:42¹st
311 2305 442 2342 mentis
470 2317 544 2353 qua
579 2310 677 2342 recte
712 2305 861 2353 vivitur,
889 2312 957 2341 etc.
982 2303 1002 2326 '¹‘
1030 2305 1130 2352 Ergo
1166 2304 1282 2352 gratia
1317 2312 1371 2341 est

151 2369 284 2418 w}
307 2365 441 2394 vlnus.

234 2428 283 2450 ΡΝ,

233 2455 255 2475 4.

366 2412 402 2448 3.
423 2412 656 2458 ΡιιΑΕτΕιιΕΑ,
675 2412 792 2458 gratia
813 2419 868 2448 est
885 2409 1043 2458 qualitas
1071 2409 1272 2458 quaedam.
1294 2410 1371 2447 Sed

313 2464 557 2501 manifestum
586 2472 642 2500 est
673 2466 779 2511 quod
807 2477 885 2501 non
915 2470 970 2499 est
1002 2463 1039 2499 in
1077 2470 1209 2511 quarta
1244 2463 1370 2512 specie

313 2517 511 2566 qualitatis,
529 2528 627 2565 quae
648 2523 704 2553 est
711 2518 848 2565 forma
869 2523 905 2553 et
920 2517 1022 2552 circa
1041 2515 1183 2564 aliquid
1199 2522 1372 2553 constans

73 2579 226 2635 3322,
237 2581 283 2629 ‹gla-
301 2570 486 2621 figura*:
503 2570 592 2619 quia
611 2582 689 2607 non
704 2570 865 2618 pertinet
880 2569 927 2606 ad
939 2580 1087 2617 corpus.
1104 2569 1241 2617 Neque
1258 2569 1370 2607 etiam

313 2635 352 2660 in
387 2623 495 2661 tertia
529 2630 600 2660 est:
630 2622 718 2671 quia
750 2636 829 2661 non
865 2630 920 2660 est
941 2621 1068 2670 passio
1096 2622 1156 2658 vel
1185 2622 1371 2670 passibilis

313 2676 493 2725 qualitas,
523 2687 621 2724 quae
640 2673 656 2704 β
693 2683 748 2713 est
775 2677 813 2713 in
847 2683 953 2724 parte
986 2674 1136 2711 animae
1172 2675 1370 2722 sensitiva,

312 2737 355 2766 ut
380 2730 565 2778 probatur
591 2728 630 2764 in
649 2728 717 2764 Vll
746 2729 895 2776 Physic.
922 2727 962 2772 *ς
991 2727 1072 2775 ipsa
1099 2735 1226 2764 autem
1255 2728 1371 2776 gratia

312 2782 567 2831 principaliter
604 2788 660 2817 est
686 2781 724 2817 in
752 2789 890 2818 mente.
920 2781 1056 2829 Neque
1088 2780 1223 2817 iterum
1252 2789 1306 2817 est
1335 2781 1372 2817 in

314 2836 481 2872 secunda
505 2834 647 2883 specie,
677 2846 774 2881 quae
804 2842 858 2870 est
879 2833 1046 2882 potentia
1074 2833 1134 2870 vel
1159 2834 1372 2882 impotentia

314 2887 517 2924 naturalis:
543 2886 630 2935 quia
659 2887 776 2934 gratia
796 2894 850 2923 est
878 2898 991 2935 supra
1014 2893 1205 2932 naturam;
1231 2894 1267 2923 et
1294 2899 1373 2923 non

314 2952 354 2977 se
382 2941 497 2977 habet
516 2941 565 2977 ad
593 2939 739 2976 bonum
761 2947 796 2976 et
823 2940 977 2986 malum,
998 2939 1093 2975 sicut
1110 2940 1279 2988 potentia
1307 2952 1373 2977 na-

314 2993 454 3030 turalis.
476 2994 578 3040 Ergo
603 2992 823 3041 relinquitur
843 2992 946 3041 quod
971 2991 1015 3028 sit
1033 2992 1070 3028 in
1091 2992 1213 3040 prima
1233 2992 1371 3040 specie,

315 3058 414 3093 quae
448 3054 503 3082 est
539 3045 685 3082 habitus
721 3045 780 3082 vel
814 3045 1013 3093 dispositio.
1049 3044 1209 3082 Habitus
1245 3053 1372 3082 autem

315 3098 452 3135 mentis
489 3106 576 3134 sunt
612 3098 792 3135 virtutes:
823 3097 911 3145 quia
946 3097 1058 3133 etiam
1098 3097 1181 3145 ipsa
1218 3097 1372 3135 scientia

315 3151 605 3199 quodammodo
636 3159 691 3188 est
717 3151 849 3197 virtus,
876 3158 916 3186 ut
944 3161 1058 3198 supra
1085 3149 1105 3171 ’¹‘
1133 3149 1274 3187 dictum
1305 3158 1370 3187 est.

316 3205 418 3252 Ergo
447 3204 564 3252 gratia
592 3214 648 3241 est
675 3204 778 3241 idem
806 3204 910 3252 quod
937 3202 1067 3239 virtus.
1196 3209 1200 3211 '

369 3258 444 3295 SED
473 3269 630 3304 CONTRA,
661 3257 691 3294 si
714 3257 831 3305 gratia
855 3264 909 3293 est
926 3255 1057 3302 virtus,
1083 3254 1246 3292 maxime
1268 3256 1373 3293 vide-

315 3318 375 3348 tur
394 3311 500 3359 quod
523 3310 568 3347 sit
588 3310 712 3360 aliqua
731 3310 843 3347 trium
863 3307 1160 3356 theologicarum
1179 3307 1372 3346 virtutum.

369 3424 396 3458 α)
416 3428 450 3449 et.
468 3438 486 3443 —
504 3424 626 3449 convenit
644 3427 669 3448 et
688 3424 717 3448 Ρ.

369 3459 395 3493 β)
415 3460 543 3491 qualitas,
564 3467 638 3491 quae.
657 3473 675 3477 -
693 3459 755 3491 quia
775 3466 825 3483 non
845 3458 875 3482 E.

367 3496 396 3528 γ)
415 3495 555 3527 quaedam.
573 3508 592 3514 -
610 3495 671 3519 Om.
690 3494 800 3519 codices.

458 3549 566 3572 Summa
585 3548 685 3572 Tuam„
705 3547 736 3572 D.
749 3547 862 3571 'saonae
876 3547 907 3570 T.
927 3547 968 3571 lV.

1422 1668 1499 1704 Sed
1518 1667 1634 1715 gratia
1654 1679 1732 1704 non
1761 1675 1817 1703 est
1836 1668 1932 1704 fides
1951 1668 2013 1703 vel
2034 1679 2139 1715 spes:
2166 1667 2253 1716 quia
2281 1668 2376 1704 haec
2394 1680 2482 1716 pos-

1422 1728 1508 1757 sunt
1523 1732 1605 1756 esse
1621 1720 1701 1756 sine
1716 1720 1832 1767 gratia
1851 1727 1999 1767 gratum
2019 1720 2189 1757 faciente.
2211 1721 2347 1769 Neque
2369 1721 2481 1757 etiam

1423 1774 1573 1810 caritas:
1594 1773 1682 1822 quia
1700 1773 1827 1822 gratia
1849 1774 2049 1820 praevenit
2067 1773 2271 1819 caritatem,
2293 1781 2335 1810 ut
2353 1775 2481 1821 Augu-

1423 1826 1540 1863 stinus
1570 1826 1674 1871 dicit,
1706 1826 1744 1862 in
1773 1825 1868 1862 libro
1901 1827 1947 1862 de
1973 1827 2161 1863 Praedest.
2197 1827 2419 1863 Sanctorum
2450 1827 2480 1863 ⁵¹².

1424 1880 1525 1927 Ergo
1554 1879 1670 1926 gratia
1698 1890 1778 1915 non
1807 1886 1862 1915 est
1889 1879 2019 1915 virtus.

1478 1933 1704 1969 RESPONDEO
1741 1943 1924 1969 DICENDUM
1953 1931 2058 1980 quod
2092 1932 2247 1980 quidam
2275 1941 2484 1980 posuerunt

1425 1985 1526 2022 idem
1556 1997 1637 2021 esse
1666 1985 1824 2032 gratiam
1855 1992 1890 2021 et
1909 1985 2087 2021 virtutem
2117 1985 2328 2021 secundum
2358 1997 2483 2022 essen-

1425 2038 1526 2085 tiam,
1548 2038 1615 2074 sed
1645 2037 1795 2074 differre
1825 2038 1949 2074 solum
1971 2037 2183 2074 secundum
2213 2038 2420 2074 rationem:
2445 2046 2485 2074 ut

1424 2091 1540 2139 gratia
1561 2091 1705 2128 dicatur
1724 2090 1934 2128 secundum
1954 2091 2060 2138 quod
2080 2090 2167 2127 facit
2187 2090 2383 2127 hominem
2399 2092 2484 2128 Deo

1425 2152 1586 2192 gratum,
1606 2144 1667 2181 vel
1697 2144 1909 2180 secundum
1938 2144 2042 2192 quod
2070 2143 2183 2191 gratis
2212 2143 2338 2189 datur;
2366 2143 2485 2180 virtus

1426 2205 1566 2244 autern,
1587 2197 1799 2233 secundum
1824 2196 1928 2245 quod
1956 2196 2104 2244 perficit
2123 2196 2171 2232 ad
2200 2197 2298 2233 bene
2326 2209 2485 2245 operan-

1427 2251 1530 2287 dum.
1571 2251 1623 2286 Et*
1655 2250 1728 2286 hoc
1762 2249 1914 2286 videtur
1946 2249 2107 2286 sensisse
2144 2250 2343 2297 Magister,
2382 2249 2419 2285 in
2454 2251 2482 2285 Il

1426 2305 1523 2355 Sent.
1544 2302 1564 2324 '¹‘

1480 2356 1557 2393 Sed
1585 2355 1615 2392 si
1639 2355 1723 2404 quis
1743 2362 1843 2392 recte
1873 2355 2092 2396 consideret
2115 2354 2299 2392 rationem
2327 2354 2484 2401 virtutis,

1426 2410 1500 2445 hoc
1520 2416 1618 2445 stare
1637 2421 1716 2445 non
1735 2415 1859 2457 potest
1877 2408 1908 2444 ³¹⁶.
1930 2407 2030 2454 Quia
2050 2415 2090 2444 ut
2113 2407 2367 2455 Philosophus
2386 2408 2484 2454 dicit,

1427 2462 1464 2498 in
1491 2462 1559 2498 VII
1589 2462 1737 2509 Plzysic.
1767 2461 1799 2507 *,
1828 2461 1946 2497 virtus
1973 2466 2027 2498 est
2052 2461 2236 2508 quaedam
2257 2465 2272 2488 Υ
2299 2461 2485 2508 dispositio

1421 2515 1598 2563 perfecti:
1624 2514 1706 2551 dico
1735 2519 1859 2550 autem
1881 2515 2104 2562 perfectum,
2130 2514 2230 2561 quod
2256 2518 2310 2549 est
2335 2513 2486 2561 disposi-

1427 2574 1504 2604 tum
1531 2567 1735 2604 secundum
1755 2573 1944 2604 naturam.
1965 2567 2022 2604 Ex
2052 2579 2127 2615 quo
2153 2573 2255 2614 patet
2284 2566 2388 2613 quod
2412 2565 2484 2602 vir-

1426 2629 1486 2658 tus
1505 2620 1802 2669 uniuscuiusque
1823 2620 1875 2656 rei
1896 2619 2031 2657 dicitur
2049 2619 2087 2655 in
2107 2618 2239 2655 ordine
2259 2618 2307 2655 ad
2323 2618 2486 2666 aliquam

1428 2681 1600 2710 naturam
1636 2673 1970 2721 praeexistentem:
1998 2672 2151 2721 quando
2180 2671 2319 2708 scilicet
2350 2683 2486 2707 unum-

1428 2728 1609 2776 quodque
1630 2726 1682 2762 sic
1703 2733 1758 2762 est
1778 2725 2015 2774 dispositum,
2037 2724 2246 2761 secundum
2273 2724 2376 2771 quod
2397 2736 2486 2760 con-

1427 2780 1525 2828 gruit
1552 2791 1643 2816 suae
1672 2786 1840 2815 naturae.
1867 2778 2111 2814 Manifestum
2142 2784 2197 2813 est
2225 2783 2352 2812 autem
2382 2777 2487 2825 quod

1426 2833 1583 2869 virtutes
1603 2831 1806 2880 acquisitae
1826 2843 1894 2879 per
1923 2837 2026 2867 actus
2046 2831 2247 2875 humanos,
2270 2829 2316 2865 de
2346 2829 2484 2878 quibus

1428 2898 1542 2934 supra
1556 2885 1576 2906 '¹‘
1592 2885 1732 2922 dictum
1748 2891 1815 2930 est,
1832 2890 1918 2920 sunt
1937 2883 2200 2931 dispositiones
2216 2882 2351 2930 quibus
2366 2882 2485 2918 homo
2514 2897 2521 2903 ·
2564 2901 2578 2916 u
2601 2902 2629 2916 tv

1429 2938 1697 2975 convenienter
1737 2936 1948 2985 disponitur
1982 2936 2020 2972 in
2058 2935 2190 2972 ordine
2226 2934 2274 2971 ad
2311 2942 2485 2971 naturam

1429 3004 1504 3039 qua
1531 2992 1650 3027 homo
1681 2997 1746 3026 est.
1767 2989 1932 3025 Virtutes
1953 2996 2078 3025 autem
2108 2987 2252 3023 infusae
2282 2987 2487 3035 disponunt

1427 3043 1624 3081 hominem
1641 3042 1760 3079 altiori
1774 3042 1905 3088 modo,
1923 3049 1958 3077 et
1973 3041 2020 3077 ad
2036 3040 2206 3076 altiorem
2226 3040 2362 3076 finem:
2383 3040 2485 3077 unde

1429 3097 1540 3139 etiam
1569 3103 1718 3144 oportet
1751 3094 1854 3142 quod
1883 3094 1921 3130 in
1949 3091 1961 3114 δ
1991 3093 2123 3129 ordine
2153 3093 2199 3129 ad
2234 3092 2398 3141 aliquam
2435 3093 2486 3129 al-

1428 3150 1563 3186 tiorem
1592 3155 1778 3185 naturam.
1810 3147 1894 3183 Hoc
1928 3153 2055 3182 autem
2081 3150 2092 3166 ⁸
2122 3153 2176 3181 est
2205 3145 2242 3181 in
2277 3145 2409 3182 ordine
2437 3146 2486 3182 ad

1429 3210 1602 3239 naturam
1633 3200 1800 3237 divinam
1833 3199 2112 3247 participatam;
2141 3198 2352 3235 secundum
2381 3199 2485 3246 quod

1429 3255 1563 3292 dicitur
1591 3255 1622 3289 11
1643 3254 1723 3289 Pet.
1746 3265 1755 3288 1
1774 3252 1811 3288 *z
1835 3252 2016 3288 Maxima
2045 3257 2081 3287 et
2091 3251 2258 3299 pretiosa
2278 3251 2384 3288 nobis
2396 3263 2487 3299 pro·
2515 3262 2523 3269 ·
2573 3266 2584 3281 r

1428 3308 1541 3344 missa
1560 3306 1723 3350 donavit,
1745 3310 1784 3341 ut
1796 3317 1869 3353 per
1886 3306 1979 3341 haec
1998 3304 2217 3352 efficiamini
2232 3304 2382 3341 divinae
2400 3315 2487 3341 con-

1481 3419 1506 3454 ὃ)
1527 3421 1562 3445 in.
1581 3434 1598 3439 —
1617 3419 1697 3445 etiam
1718 3419 1743 3444 in
1763 3418 1967 3443 ABCDFGHIL.

1481 3456 1504 3490 ε)
1524 3459 1621 3480 autem.
1634 3469 1653 3474 -
1665 3455 1726 3479 Om.
1740 3454 1810 3478 ΡΚα.
1823 3467 1841 3472 -
1856 3453 1918 3478 Post
1933 3453 2125 3485 participatam
2141 3453 2178 3477 Ρα
2195 3453 2292 3477 addunt
2310 3459 2378 3484 quae
2390 3452 2488 3477 dicitur

1429 3492 1515 3516 lumen
1535 3491 1650 3524 gratiae.

2313 3549 2347 3571 ,ιο

2503 429 2511 435 ’
2534 426 2711 453 Pseudo-Beda,

2502 453 2605 474 Sentent.
2633 453 2710 474 Philo-

2502 480 2566 507 soph.
2577 485 2606 500 ex
2615 479 2711 500 Aristot.

2523 637 2538 658 (ιι

2555 636 2576 658 ..3

2578 637 2600 658 h.
2616 637 2667 658 lect.
2679 643 2712 658 ι.-

2575 663 2606 684 ib.
2614 663 2655 689 VI,
2667 669 2686 685 c.
2697 669 2714 688 ι,

2533 663 2547 684 Ω-

2541 696 2560 718 Ψ

2510 1834 2720 1861 ·DeDon.Persev.,

2510 1861 2535 1881 al
2541 1861 2579 1882 lib.
2587 1861 2606 1881 11
2613 1860 2721 1881 dePrae-

2512 1887 2569 1908 dest.
2574 1887 2662 1913 Sanct„
2668 1893 2717 1915 cap.

2511 1920 2524 1934 x
2552 1929 2557 1934 .

2515 2419 2522 2425 '
2539 2416 2565 2437 D.
2581 2417 2631 2442 677.

2553 2474 2596 2491 ext.
2605 2469 2724 2496 17.-S.Th.

2536 2502 2547 2517 c
2560 2512 2564 2517 .
2581 2503 2601 2516 v.
