2840 4010
73 1065 130 1088 'Cf-
137 1064 226 1087 inu-od.
233 1063 281 1086 hui.

984 183 1252 230 QUAESTlO
1282 183 1403 229 XCII,
1431 181 1726 219 ARTICULUS
1756 181 1788 216 ΙΙ

308 267 436 301 habens,
461 264 543 295 cives
566 270 673 294 autem
696 270 799 304 partes
819 269 906 299 sunt;
927 271 1123 302 consequens
1139 267 1185 291 est
1203 261 1291 300 quod
1307 260 1367 300 pri-

306 316 378 340 vata
400 307 519 338 malitia
538 307 687 347 principis
711 308 750 337 ad
773 307 855 337 male
874 306 1132 347 praecipiendum
1151 304 1210 335 toti
1226 303 1368 333 multitu-

308 353 373 384 dini
397 362 472 382 eum
495 351 631 387 inducet,
657 357 688 381 et
711 351 753 381 sic
778 350 943 382 communi
967 351 1053 380 bono
1077 348 1235 379 sufficiens
1253 353 1300 377 est
1315 356 1370 376 no-

308 406 384 428 cere.
409 395 531 426 Privata
547 401 654 425 autem
670 395 793 425 malitia
806 392 934 430 civium,
949 394 1037 424 bono
1053 391 1205 423 existente
1217 390 1368 430 principe,

309 439 474 471 communi
497 440 600 475 bono:
615 439 672 470 etsi
701 439 856 474 dissonet,
882 447 946 468 non
970 443 1077 467 tamen
1101 444 1214 464 nocere
1238 433 1367 463 sufficit:

308 483 384 525 quia
408 483 566 514 efficacem
589 484 746 514 actionem
771 483 810 512 ad
833 490 1006 512 commune
1028 489 1095 509 non
1117 478 1225 513 habet,
1249 477 1305 506 sed
1323 476 1370 506 di-

2406 180 2470 215 161

1423 260 1589 291 minutam.
1614 260 1747 299 Propter
1770 258 1859 299 quod
1882 264 2016 299 oportet,
2042 257 2067 288 si
2092 267 2262 288 commune
2285 258 2406 288 bonum
2422 268 2480 298 pu-

1423 304 1542 334 blicum
1565 311 1646 334 recte
1670 313 1703 333 se
1726 303 1833 338 habet,
1857 302 1970 332 habere
1993 301 2169 342 principem
2192 301 2247 342 qui
2270 301 2309 332 sit
2333 308 2362 332 et
2384 301 2430 332 vir
2451 308 2481 332 et

1423 347 1568 387 princeps
1591 348 1704 378 bonus.
1729 347 1824 377 Unde
1836 346 1942 377 Eccle.
1959 357 1979 376 x
1994 345 2011 366 *
2030 345 2156 376 dieitur:
2180 345 2242 375 Vae
2260 350 2367 376 terrae
2390 347 2481 376 cuius

1423 398 1484 420 rex
1506 396 1554 421 est
1569 400 1665 430 puer,
1683 396 1713 421 ot
1727 389 1821 421 cuius
1836 390 2002 430 principes
2014 399 2109 420 mane
2124 389 2302 426 comedunt,
2320 389 2399 420 idest
2415 389 2480 420 sine

1423 434 1598 473 prudentia,
1616 441 1651 464 ut
1667 444 1755 474 puer,
1773 441 1803 464 et
1819 435 1885 464 sine
1901 433 2116 474 temperantia,
2128 433 2324 473 indulgentes
2341 433 2481 473 primum

1423 478 1542 507 ventri:
1567 484 1700 519 utraque
1723 485 1830 508 autem
1853 478 1951 508 virtus
1975 484 2020 508 est
2043 477 2227 508 monastica.

1073 637 1389 679 ARTICULUS
1420 637 1718 679 SECUNDUS

824 740 980 771 UTRUM
1002 739 1125 770 LEGIS
1148 738 1291 770 ACTUS
1315 737 1655 768 CONVENIENTER
1677 738 1976 770 ASSIGNENTUR

351 870 363 881 ,γ
376 861 406 884 ,ι
430 862 495 901 sa<
522 852 545 877 D
560 849 749 876 SECUNDUM
764 849 817 874 sm
833 848 1072 874 PROCEDITUR.
1092 835 1251 873 Videtur
1267 834 1372 882 quod

339 885 385 913 ''⁶‘'
398 883 496 951 ‚⁴553
522 891 620 950 legis·
640 898 745 927 actus
774 902 852 927 non
881 890 954 926 sint
982 888 1254 926 convenienter
1282 886 1373 923 assi-

330 937 367 993 ,f
392 943 431 977 3
467 942 623 992 ’6“3η3ῖὶ
659 943 697 980 in
725 943 800 979 hoc
837 943 942 991 quod
981 942 1115 979 dicitur
1151 939 1255 990 quod
1282 939 1373 987 legis

332 993 342 1002 ”
368 1013 377 1030 -.«
402 991 455 1023 ῑ’ῖ”’
479 966 510 1030 Χ
523 1004 629 1033 actus
649 1003 705 1033 est
727 996 926 1044 imperare,
947 1001 1086 1041 vetare,
1100 994 1319 1043 permittere
1338 999 1374 1030 et

306 1051 446 1100 punire
468 1049 499 1086 *.
519 1051 606 1086 Lex
632 1049 733 1086 enim
763 1050 884 1086 omnis
906 1054 1148 1098 praeceptum
1177 1057 1375 1083 commune

73 1097 287 1166 2⁸1Zib.1.ffi‚ae
313 1109 376 1149 est,
395 1110 438 1139 ut
456 1102 763 1150 Legisconsultus
782 1102 802 1123 '¹‘
823 1102 922 1139 dicit.
953 1101 1031 1138 Sed
1058 1101 1161 1138 idem
1181 1106 1236 1136 est
1254 1099 1374 1147 impe-

73 1143 272 1173 uffa-senam

73 1269 85 1282 ⁶
97 1268 151 1293 An.
166 1268 273 1306 praeced.

313 1167 394 1193 rare
414 1155 518 1204 quod
538 1155 768 1204 praecipere.
790 1156 892 1202 Ergo
913 1154 984 1191 alia
1003 1154 1105 1191 tria⁴²
1124 1152 1373 1201 superfluunt.

368 1220 404 1246 2.
425 1209 658 1255 PRAETEREA,
690 1207 846 1244 effectus
871 1207 963 1255 legis
983 1213 1037 1244 est
1055 1213 1097 1243 ut
1115 1205 1268 1246 inducat
1288 1205 1375 1241 sub-

315 1261 421 1300 ditos
442 1261 497 1298 ad‘
524 1261 692 1309 bonurn,
722 1260 817 1297 sicut
849 1272 962 1309 supra
980 1259 1001 1282 '⁸‘
1029 1259 1169 1297 dictum
1200 1265 1267 1294 est.
1298 1257 1375 1294 Sed

315 1314 516 1351 consilium
546 1321 601 1350 est
620 1313 667 1350 de
687 1312 835 1350 meliori
853 1313 958 1350 bono
979 1322 1096 1361 quam
1114 1318 1374 1360 praeceptum.

314 1367 417 1415 Ergo
447 1366 567 1415 magis
598 1366 760 1415 pertinet
793 1366 842 1403 ad
874 1366 997 1414 legem
1032 1364 1230 1402 consulere
1257 1375 1375 1412 quarn

313 1419 546 1469 praecipere.

370 1473 405 1510 3.
430 1473 664 1519 PRAETEREA,
694 1471 790 1508 sicut
816 1471 936 1508 homo
965 1470 1099 1520 aliquis
1126 1469 1299 1506 incitatur
1327 1470 1376 1507 ad

287 1536 289 1574 j
315 1526 462 1564 bonum
480 1536 550 1573 per
567 1536 725 1573 poenas,
741 1524 791 1560 ita
807 1523 918 1560 etiam
938 1530 974 1560 et
987 1534 1058 1572 per
1074 1522 1255 1584 praemia.
1273 1523 1376 1570 Ergo

315 1577 410 1615 sicut
443 1577 577 1636 punire
605 1577 760 1626 ponitur
787 1577 944 1613 effectus
976 1576 1086 1624 legis,
1115 1572 1166 1613 ita
1199 1575 1311 1613 etiam
1341 1583 1377 1612 et

314 1630 540 1680 praemiare.

359 1695 405 1743 ·4.
436 1684 676 1729 PRAETEEEA,
706 1682 862 1719 intentio
896 1681 1116 1729 legislatoris
1147 1688 1204 1718 est
1234 1689 1276 1718 ut
1307 1681 1376 1718 ho-

315 1736 442 1774 mines
467 1735 579 1773 faciat
598 1711 734 1782 borios,
756 1735 851 1772 sieut
869 1747 983 1795 supra
999 1736 1020 1756 ³·
1038 1734 1180 1772 dictum
1201 1741 1267 1771 est.
1299 1735 1375 1772 Sed

314 1789 376 1827 ille
404 1789 469 1837 qui
497 1790 580 1826 solo
609 1795 715 1825 metu
734 1790 946 1836 poenarum
967 1787 1097 1825 obedit
1119 1787 1211 1836 legi,
1222 1799 1300 1824 non
1322 1795 1378 1824 est

316 1843 463 1880 bonus:
492 1854 583 1879 nam
611 1842 745 1878 timore
770 1841 908 1886 servili,
936 1841 1002 1889 qui
1027 1847 1082 1878 est
1101 1841 1214 1878 timor
1233 1852 1377 1889 poena-

316 1907 416 1941 rum,
445 1895 513 1931 etsi
537 1895 677 1931 bonum
706 1893 841 1943 aliquis
855 1894 999 1942 faciat,
1028 1905 1104 1931 non
1131 1899 1255 1930 tamen
1285 1895 1378 1931 bene

77 1958 88 1970 ·
113 1957 203 1980 cm
222 1957 291 1980 ma.
315 1948 460 1997 aliquid
465 1949 528 1996 fit
547 1955 589 1984 ut
606 1947 837 1995 Augustinus
858 1946 989 1984 dicit.
958 1946 979 1968 *
1011 1947 1103 1983 Non
1117 1958 1208 1994 ergo
1226 1946 1378 1984 videtur

76 1982 289 2038 &affl

76 2118 162 2174 1:15¹&
173 2125 229 2174 ἐξ
231 2118 288 2167 20‘·

317 2013 400 2038 esse
428 2000 627 2050 proprium
654 2000 748 2048 legis
776 1999 883 2048 quod
909 1999 1052 2048 puniat.

371 2055 446 2091 SED
475 2065 621 2090 CONTRA
649 2064 715 2090 EST
743 2053 848 2101 quod
869 2052 1034 2089 Isidorus
1054 2051 1154 2098 dicit,
1174 2052 1212 2089 in
1231 2052 1270 2089 V
1284 2053 1378 2100 Ety-

316 2108 404 2144 mol.
425 2107 461 2143 *ε
495 2106 624 2144 Omnis
650 2107 715 2142 Iex
740 2111 808 2142 aut
826 2105 1008 2154 permittit
1033 2081 1192 2154 aliquid,
1223 2110 1281 2141 ut:
1312 2105 1379 2142 Vir

310 2161 424 2209 fortir
445 2160 661 2208 praemium
682 2164 796 2207 petat.
826 2159 905 2195 Aut
934 2164 1051 2204 vetat,
1081 2163 1142 2195 ut.-
1169 2159 1376 2195 sacrarum

315 2213 510 2264 virginum
530 2213 679 2261 nuptias
697 2211 792 2248 nulli
809 2211 920 2248 liceat
930 2217 1068 2260 petere.
1088 2211 1168 2248 Aut
1178 2211 1299 2260 punit,
1322 2217 1377 2248 ut:

322 2267 397 2309 Qui
421 2266 575 2303 caedem
594 2265 741 2313 fecerit,
769 2265 892 2313 capite
911 2263 1110 2312 plectatur.

371 2320 598 2356 Ruspounm
623 2328 809 2355 mCENDUM
837 2317 959 2367 quod,
981 2317 1077 2354 sicut
1095 2316 1302 2354 enuntiatio
1324 2324 1379 2353 est

317 2372 474 2410 rationis
510 2372 700 2409 dictamen
736 2382 807 2420 per
842 2370 1004 2407 modum
1045 2369 1289 2417 enuntiandi,
1327 2369 1378 2407 ita

318 2425 433 2463 etiam
461 2426 521 2462 lex
549 2436 617 2474 per
642 2424 804 2461 modurn
827 2423 1095 2472 praecipiendi.
1123 2422 1295 2460 Rationis
1314 2434 1380 2459 au-

317 2486 396 2516 tem
424 2478 623 2527 proprium
653 2485 708 2514 est
735 2484 777 2513 ut
805 2488 851 2513 ex
879 2476 1006 2525 aliquo
1035 2477 1083 2514 ad
1112 2475 1252 2524 aliquid
1271 2475 1380 2513 indu-

318 2539 388 2569 cat.
418 2531 530 2569 Unde
560 2531 655 2568 sicut
687 2531 726 2567 in
755 2529 1061 2567 demonstrativis
1096 2528 1256 2566 scientiis
1285 2529 1379 2565 ratio

318 2584 463 2634 inducit
493 2592 537 2621 ut
568 2583 793 2621 assentiatur
820 2582 1055 2619 conclusioni
1088 2591 1159 2630 per
1188 2582 1380 2630 quaedam

317 2637 521 2686 principia,
557 2636 606 2674 ita
641 2636 754 2675 etiam
787 2635 930 2673 inducit
961 2642 1003 2672 ut
1036 2633 1258 2672 assentiatur
1289 2634 1380 2682 legis

319 2697 524 2739 praecepto
544 2700 614 2738 per
631 2689 786 2738 aliquid.

372 2743 582 2791 Praecepta
600 2749 727 2778 autem
747 2741 839 2789 legis
857 2747 944 2777 sunt
962 2740 1010 2777 de
1026 2740 1169 2777 actibus
1188 2739 1379 2786 humanis,

285 2803 293 2835 ἰ
320 2794 361 2832 in
387 2795 525 2844 quibus
553 2795 612 2831 lex
640 2793 773 2842 dirigit,
787 2801 830 2830 ut
857 2793 1002 2842 supra*
1020 2792 1163 2830 dictum
1190 2799 1255 2830 est.
1285 2793 1382 2830 Sunt

374 2908 404 2940 a)
421 2907 484 2933 tria.
501 2920 522 2927 —
537 2910 654 2940 quatuor
671 2907 772 2932 codices
791 2910 817 2932 et
833 2914 860 2932 a.

374 2941 401 2976 β)
419 2942 564 2976 assuefieri.
581 2956 601 2962 -
617 2949 768 2968 assuescere
785 2942 815 2973 F.
832 2943 997 2978 assuefacere
1015 2942 1093 2968 ceteri
1111 2948 1136 2968 et
1153 2950 1180 2968 a.

1427 841 1556 870 autem
1576 841 1650 870 tres
1667 834 1899 872 differentiae
1914 836 2172 874 humanorum
2193 847 2357 876 actuum
2378 840 2482 876 Nam

1428 886 1524 923 sicut
1548 886 1696 935 supra*
1716 887 1858 923 dietum
1879 895 1945 935 est,
1966 889 2120 937 quidam
2148 898 2252 927 actus
2278 901 2365 929 sunt
2392 892 2483 929 boni

1429 951 1473 976 ex
1501 951 1660 987 genere,
1690 939 1754 998 qui
1774 948 1860 976 sunt
1888 948 1992 977 actus
2013 942 2216 979 virtutum:
2248 952 2283 980 et
2311 954 2483 993 respectu

1428 993 1579 1038 horum,
1608 992 1762 1052 ponitur
1785 993 1874 1051 legis
1901 1001 2004 1030 actus
2032 995 2249 1044 praecipere
2276 998 2338 1033 vel
2366 998 2484 1046 impe-

1430 1057 1529 1089 rare;
1545 1045 1731 1092 praecipit
1748 1045 1850 1082 enirn
1871 1045 1933 1082 lex
1947 1058 2075 1084 omnes
2102 1055 2206 1085 actus
2232 1050 2422 1096 virtutum,
2443 1058 2484 1087 ut

1430 1097 1590 1134 dicitur
1582 1110 1620 1134 in
1635 1098 1669 1134 V
1682 1098 1802 1135 Ethi.c
1823 1098 1843 1120 ²¹⁸
1863 1099 2030 1158 Quidam
2049 1113 2143 1138 vero
2163 1109 2251 1138 sunt
2274 1110 2377 1138 actus
2395 1103 2519 1139 mali

1430 1163 1475 1187 ex
1504 1162 1652 1198 genere,
1674 1151 1769 1187 sicut
1787 1158 1892 1188 actus
1910 1152 2056 1189 vitiosi:
2079 1161 2115 1190 et
2134 1163 2307 1203 respectu
2326 1156 2482 1203 horum,

1429 1203 1487 1240 lex
1506 1203 1621 1240 habet
1638 1203 1853 1251 prohibere.
1875 1205 2043 1251 Quidam
2062 1219 2156 1243 vero
2183 1220 2228 1244 ex
2257 1220 2394 1255 genere
2413 1221 2483 1245 suo

1430 1264 1516 1293 sunt
1544 1264 1648 1292 actus
1674 1256 1946 1294 indifferentes:
1977 1266 2014 1294 et
2041 1267 2213 1308 respectu
2241 1261 2400 1308 horum,
2426 1262 2484 1298 lex

1429 1310 1544 1346 habet
1571 1309 1800 1357 permittere.
1827 1310 1876 1346 Et
1901 1319 2063 1359 possunt
2091 1313 2202 1349 etiam
2231 1313 2485 1351 indifferentes

1430 1362 1503 1399 dici
1524 1374 1658 1398 omnes
1686 1362 1736 1398 illi
1764 1369 1868 1399 actus
1889 1364 1952 1411 qui
1973 1372 2059 1401 sunt
2076 1367 2139 1402 vel
2158 1378 2293 1414 parurn
2313 1367 2404 1404 boni
2422 1368 2484 1404 vel

1430 1427 1566 1464 parum
1587 1415 1686 1452 mali.
1708 1436 1731 1442 -
1753 1416 1794 1451 Id
1814 1423 1941 1452 autem
1969 1429 2038 1465 per
2066 1419 2171 1466 quod
2199 1419 2341 1456 inducit
2359 1421 2417 1456 lex
2437 1421 2486 1457 ad

1429 1469 1504 1504 hoc
1532 1468 1637 1516 quod
1675 1467 1744 1504 sibi
1777 1468 1995 1516 obediatur,
2027 1478 2082 1506 est
2109 1470 2223 1507 timor
2250 1484 2420 1520 poenae:
2451 1481 2487 1509 et

1430 1529 1615 1570 quantum
1637 1521 1685 1558 ad
1707 1521 1794 1568 hoc,
1813 1521 1966 1569 ponitur
1992 1523 2082 1570 legis
2111 1523 2267 1561 effectus
2293 1525 2440 1573 punire.

1483 1576 1542 1610 An
1563 1585 1699 1611 PRIMUM
1723 1585 1822 1611 ERGO
1841 1586 2024 1612 DICENDUM
2045 1577 2161 1623 quod,
2183 1577 2278 1614 sicut
2298 1589 2444 1615 cessare
2465 1591 2487 1615 a

1431 1627 1532 1663 malo
1561 1628 1675 1663 habet
1708 1627 1901 1675 quandam
1940 1627 2125 1666 rationem
2154 1630 2265 1678 boni,
2294 1630 2344 1667 ita
2374 1631 2486 1667 etiam

1428 1679 1634 1728 prohibitio
1653 1680 1769 1716 habet
1796 1680 1988 1729 quandam
2008 1681 2192 1718 rationem
2215 1684 2416 1732 praecepti.
2439 1684 2487 1720 Et

1430 1733 1639 1770 secundum
1663 1733 1749 1780 hoc,
1770 1733 1869 1780 large
1890 1733 2109 1782 accipiendo
2129 1743 2386 1785 praeceptum,
2406 1736 2488 1773 uni-

1428 1786 1623 1823 versaliter
1649 1786 1708 1822 lex
1736 1789 1982 1835 praeceptum
2011 1786 2155 1824 dicitur.

1483 1840 1542 1875 AD
1570 1850 1759 1876 SECUNDUM
1787 1850 1970 1876 DICENDUM
1994 1840 2098 1888 quod
2119 1842 2316 1878 consulere
2335 1854 2413 1878 non
2434 1849 2489 1878 est

1430 1892 1605 1941 proprius
1634 1899 1738 1928 actus
1771 1892 1881 1939 legis,
1912 1892 1978 1929 sed
2006 1899 2131 1940 potest
2157 1894 2342 1942 pertinere
2377 1895 2489 1931 etiam

1431 1945 1479 1982 ad
1506 1956 1711 1993 personam
1743 1944 1952 1993 privatam,
1983 1945 2090 1982 cuius
2121 1959 2199 1983 non
2233 1955 2289 1984 est
2325 1948 2488 1984 condere

1430 1998 1565 2045 legem.
1599 1997 1710 2035 Unde
1744 1997 1857 2034 etiarn
1889 1998 2117 2046 Apostolus,
2148 2000 2162 2035 Ι
2191 2000 2242 2036 ad
2273 2000 2360 2037 Cor.
2379 2000 2488 2048 V11*,

1432 2063 1517 2087 curn
1549 2050 1745 2087 consilium
1774 2050 1971 2099 quoddam
2001 2050 2121 2099 daret,
2151 2052 2260 2089 dixit:
2288 2054 2375 2103 Ego
2394 2053 2489 2100 dico,

1432 2115 1506 2140 non
1533 2103 1732 2140 Dominus.
1761 2104 1812 2140 Et
1837 2103 1924 2140 ideo
1952 2115 2031 2140 non
2050 2105 2203 2153 ponitur
2220 2105 2316 2142 inter
2335 2105 2490 2143 effectus

1431 2157 1532 2205 legis.

1484 2211 1543 2246 An
1575 2220 1734 2246 TERTmM
1766 2220 1950 2246 chENnUM
1987 2210 2091 2259 quod
2130 2210 2242 2247 etiam
2279 2211 2491 2259 praemiare

1431 2270 1556 2312 potest
1591 2262 1640 2299 ad
1667 2262 1874 2310 quemlibet
1910 2264 2118 2311 pertinere:
2149 2263 2216 2300 sed
2251 2264 2385 2312 punire
2414 2276 2493 2301 non

1431 2316 1591 2365 pertinet
1619 2314 1690 2351 nisi
1717 2314 1767 2352 ad
1790 2315 2004 2352 ministrum
2024 2315 2126 2376 legis,
2149 2315 2254 2353 cuius
2275 2317 2492 2353 auctoritate

1432 2380 1557 2418 poena
1585 2368 1752 2405 infertur.
1782 2368 1832 2404 Et
1858 2367 1946 2404 ideo
1978 2369 2190 2417 praemiare
2225 2381 2303 2407 non
2337 2369 2493 2418 ponitur

1433 2429 1536 2459 actus
1565 2421 1668 2468 legis,
1697 2420 1765 2457 sed
1794 2421 1918 2457 solum
1946 2421 2093 2470 punire.

1485 2476 1543 2511 AD
1573 2485 1744 2516 QUARTUM
1771 2484 1955 2511 DICENDUM
1983 2475 2087 2524 quod
2114 2486 2184 2523 per
2211 2475 2285 2511 hoc
2305 2475 2409 2523 quod
2430 2474 2492 2511 ali-

1433 2528 1517 2576 quis
1545 2526 1672 2575 incipit
1700 2526 1894 2563 assuefieri
1914 2525 1929 2556 β
1957 2527 2006 2564 ad
2033 2527 2232 2565 vitandum
2258 2529 2359 2564 mala
2383 2535 2420 2564 et
2443 2527 2491 2564 ad

1432 2581 1671 2629 implendum
1700 2580 1802 2616 bona
1829 2587 1987 2628 propter
2008 2587 2154 2617 metum
2173 2592 2333 2629 poenae,
2355 2580 2491 2629 perdu-

1435 2633 1528 2670 citur
1556 2632 1788 2681 quandoque
1817 2633 1863 2670 ad
1891 2633 1966 2669 hoc
1995 2633 2099 2682 quod
2129 2633 2394 2670 delectabiliter
2412 2638 2428 2661 Υ
2456 2638 2492 2668 et

1435 2698 1480 2723 ex
1498 2685 1652 2735 propria
1666 2686 1861 2722 voluntate
1876 2686 1950 2722 hoc
1969 2685 2091 2722 faciat.
2108 2686 2156 2722 Et
2175 2686 2385 2723 secundum
2404 2686 2489 2731 hoc,

1434 2740 1494 2775 lex
1522 2739 1632 2775 etiam
1653 2738 1848 2786 puniendo
1875 2738 2050 2787 perducit
2077 2739 2125 2775 ad
2153 2739 2227 2775 hoc
2246 2739 2350 2786 quod
2367 2737 2491 2775 homi-

1435 2804 1502 2829 nes
1531 2791 1604 2828 sint
1631 2791 1733 2828 boni.

1435 2942 1478 2967 del
1487 2906 1730 2967 γὶαῗςιὶςεὲαὸίὶίῖεν.
1749 2919 1767 2925 ·-
1786 2913 1824 2931 ex
1846 2905 1992 2931 delectabili
2013 2905 2125 2936 BEFlL,
2144 2912 2181 2930 ex
2204 2904 2392 2930 delectabiliter
2408 2904 2492 2936 ACD,

1478 2949 1506 2968 ec
1554 2949 1581 2966 ιι
1626 2959 1633 2967 .

998 3028 1331 3064 commentaria
1352 3031 1603 3064 cardinalis
1624 3030 1824 3063 Caietam

263 3134 266 3135 ⁷
353 3129 374 3150 n
397 3118 529 3150 arficulo
552 3118 693 3148 secundo
720 3117 799 3148 nihil
828 3116 915 3148 aliud
937 3117 1140 3148 scribendum
1162 3117 1299 3148 occurrit
1321 3117 1382 3148 nisi
1436 3123 1580 3158 possunt,
1603 3116 1787 3156 negligentis
1810 3122 1865 3147 aut
1885 3116 2014 3146 tacentis
2036 3115 2143 3155 potius
2163 3125 2268 3166 quam·
2284 3115 2492 3156 permittentis

326 3130 443 3204 Iquod
466 3163 606 3193 advertas
630 3161 736 3212 quod,
761 3161 835 3202 quia
858 3162 897 3192 de
919 3161 1055 3202 propriis
1087 3161 1208 3192 actibus
1235 3161 1313 3202 legis
1335 3168 1383 3192 est
1437 3169 1579 3192 exercent
1602 3160 1754 3190 officium.
1769 3159 1838 3190 Nisi
1862 3159 1982 3190 utendo
2004 3159 2073 3199 lege
2096 3158 2325 3199 participative,
2350 3159 2494 3190 dicantur

324 3217 440 3244 sermo,
453 3213 489 3237 ut
500 3206 722 3246 responsiones
734 3206 775 3236 ad
786 3211 970 3245 argumenta
981 3205 999 3225 *
1013 3205 1189 3241 insinuans
1207 3212 1237 3236 et
1252 3205 1382 3256 permit-

323 3258 388 3283 tere
410 3251 492 3286 inter
513 3250 589 3290 legis
613 3256 700 3280 actus
723 3249 868 3290 ponitur;
884 3249 974 3290 quod
995 3249 1096 3280 solius
1117 3248 1287 3290 superioris
1310 3259 1383 3290 pro-

1437 3205 1629 3246 permittere:
1647 3204 1727 3234 sicut
1749 3203 1882 3234 accidit'
1874 3213 1906 3233 in
1925 3203 2018 3234 fratre
2033 3203 2233 3243 permittente
2255 3203 2415 3234 monitum
2432 3203 2492 3234 fra-

1436 3256 1517 3280 trem
1531 3247 1700 3278 reincidere
1723 3247 1756 3277 in
1772 3247 1906 3286 malum,
1922 3254 1958 3278 ut
1974 3247 2119 3278 adhibeat
2134 3257 2244 3279 secum
2261 3254 2364 3284 testes,
2384 3257 2494 3278 secun-

323 3295 391 3337 prie
414 3301 461 3326 est
482 3293 672 3335 permittere.
686 3293 750 3325 Alii
774 3299 881 3324 autem
903 3302 970 3323 non
994 3292 1159 3324 obviantes
1180 3290 1283 3329 malo,
1309 3302 1383 3324 cum
1439 3293 1516 3324 dum
1538 3292 1642 3332 legem
1664 3290 1796 3322 Domini
1811 3290 1838 3327 *,
1862 3301 1920 3332 pro
1945 3291 2109 3322 communi
2131 3291 2230 3329 bono,
2249 3298 2281 3323 et
2303 3291 2470 3323 similibus.

1203 3405 1618 3459 w—

466 3541 575 3567 Smmu
593 3541 694 3566 Timor..
713 3541 745 3566 D.
757 3540 871 3565 TnouAE
890 3540 922 3565 T.
941 3540 982 3565 1v.

2320 3547 2347 3563 21

2508 354 2516 362 ·
2531 352 2599 374 Vers.
2615 352 2649 374 16.

2511 1132 2536 1154 s.
2531 1106 2589 1154 ciffi]
2601 1111 2723 1154 13:1¹3*

2516 2009 2527 2020 ⁸
2542 2007 2609 2030 Vers.
2624 2014 2654 2030 12.

2521 3282 2621 3304 ·Mmuh
2634 3287 2655 3303 c.
2666 3287 2731 3308 xvnr,

2520 3315 2580 3331 vers.
2596 3308 2628 3331 16.
