2840 4010
135 420 259 447 'Cap.1v.-
269 417 345 439 S.Th.

134 447 186 468 lect.
202 452 234 467 ix.

233 472 247 506 β

139 627 148 635 ·
164 624 229 646 Vers.
245 624 279 644 28.

234 660 249 684 Υ

232 778 245 801 ὃ

140 1784 149 1793 '
164 1783 202 1804 ΑΙ.
219 1788 257 1809 qu.
276 1787 297 1802 v.

140 1963 149 1973 ⁸
172 1963 223 1984 Art.
249 1967 269 1983 2.
288 1973 297 1977 -
317 1960 352 1982 Cf.

144 1989 275 2010 Comment-
287 1993 351 2009 num.

144 2022 173 2036 xv
188 2021 223 2042 sq.

1056 167 1322 215 QUAESTIO
1352 167 1455 213 (nx,

374 252 543 290 cundum
563 262 810 288 communem
831 248 1080 286 intentionem
1100 245 1203 292 boni,
1224 257 1293 293 per
1313 255 1429 293 quam

372 304 676 354 unumquodque
704 301 862 339 intendit
890 298 1086 337 assimilari
1109 299 1193 334 Deo
1218 296 1430 334 secundum

374 370 487 395 suum
520 357 693 394 modum.
729 354 839 392 Unde
873 360 908 389 et
940 350 1166 399 Dionysius,
1196 349 1234 387 in
1262 350 1358 386 libro
1385 350 1432 386 de

373 412 460 448 Div.
481 411 597 448 Nom.
618 409 648 455 ²⁸,
680 407 767 444 dicit
786 405 890 454 quod
911 406 1015 441 Deus
1035 403 1218 440 convertit
1234 403 1363 439 omnia
1381 403 1433 440 ad

372 464 544 512 seipsum.
562 462 637 499 Sed
652 459 828 496 homines
842 458 960 494 iustos
976 455 1160 493 convertit
1174 455 1222 492 ad
1237 455 1405 504 seipsum
1416 454 1431 485 β

374 517 467 553 sicut
486 516 534 551 ad
553 513 755 562 specialem
784 512 914 556 finem,
943 521 1059 557 quem
1083 509 1294 555 intendunt,
1316 515 1352 545 et
1372 508 1431 545 cui

374 568 530 616 cupiunt
548 567 755 603 adhaerere
773 563 868 600 sicut
896 563 1000 599 bono
1023 561 1198 610 proprio;
1219 561 1431 598 secundum

372 620 463 657 illud
481 619 622 656 Psalmi
642 629 736 654 Lxxu
755 616 791 652 *ε
810 615 914 652 Mihi
930 615 1137 651 adhaerere
1155 615 1237 651 Deo
1256 619 1272 642 ἵ
1291 615 1431 651 bonum

373 679 435 710 est.
456 673 505 709 Et
523 672 610 708 ideo
626 671 730 718 quod
745 670 864 705 homo
882 675 1124 704 convertatur
1138 666 1187 704 ad
1202 668 1342 714 Deum,
1357 667 1432 704 hoc

373 738 451 762 non
469 731 594 772 potest
613 735 694 759 esse
714 722 784 759 nisi
812 723 897 758 Deo
912 720 1039 769 ipsum
1059 727 1316 757 convertente.
1347 721 1433 757 Hoc

373 785 500 815 autern
530 784 585 813 est
612 787 838 824 praeparare
868 786 907 810 se
927 772 940 795 δ
968 774 1018 810 ad
1045 773 1215 821 gratiam,
1245 773 1353 820 quasi
1384 773 1434 810 ad

374 833 500 867 Deum
526 828 715 866 converti:
737 828 833 864 sicut
851 827 911 863 ille
932 826 997 875 qui
1015 827 1131 864 habet
1149 826 1305 863 oculum
1324 837 1433 863 aver-

374 895 458 920 sum
487 895 508 919 a
536 882 677 918 lumine
705 881 805 927 solis,
830 892 899 928 per
926 880 1002 916 hoc
1020 892 1061 916 se
1080 886 1281 928 praeparat
1309 878 1358 916 ad
1377 891 1433 915 re-

375 935 592 984 cipiendum
625 935 756 970 lumen
785 933 896 980 solis,
926 932 1032 981 quod
1061 933 1193 969 oculos
1221 944 1312 968 suos
1344 944 1434 968 con-

372 988 483 1025 vertit
508 1000 641 1024 versus
670 987 805 1024 solem.
835 986 946 1023 Unde
970 993 1072 1035 patet
1091 984 1196 1034 quod
1215 985 1334 1022 homo
1356 998 1434 1022 non

373 1049 498 1090 potest
526 1053 566 1077 se
594 1052 822 1088 praeparare
851 1039 899 1076 ad
919 1039 1050 1076 lumen
1069 1038 1208 1087 gratiae
1228 1037 1435 1087 suscipien-

376 1095 488 1141 dum,
519 1093 588 1130 nisi
622 1105 690 1141 per
718 1092 897 1129 auxilium
933 1091 1137 1140 gratuitum
1174 1091 1247 1127 Dei
1281 1090 1435 1128 interius

376 1146 577 1184 moventis.

428 1202 485 1236 AD
510 1211 647 1236 ramum
675 1209 773 1235 ERGO
798 1209 982 1234 mcennum
1003 1197 1109 1245 quod
1138 1196 1339 1234 conversio
1368 1197 1436 1233 ho-

375 1253 486 1290 minis
506 1252 553 1289 ad
569 1253 697 1289 Deum
712 1251 755 1288 fit
774 1251 930 1299 quidem
948 1262 1018 1299 per
1037 1250 1198 1286 liberum
1220 1249 1436 1295 arbitrium;

376 1314 412 1342 et
439 1305 651 1342 secundum
679 1305 754 1340 hoc
782 1303 930 1340 homini
954 1302 1181 1351 praecipitur
1204 1302 1309 1352 quod
1329 1315 1369 1339 se
1389 1303 1438 1340 ad

376 1360 501 1396 Deum
524 1365 730 1395 convertat.
749 1357 826 1394 Sed
845 1357 1008 1393 liberum
1029 1354 1225 1392 arbitrium
1245 1355 1294 1392 ad
1309 1356 1437 1392 Deum

375 176 448 212 300

430 1472 455 1505 β)
476 1472 563 1498 Sed...
583 1472 705 1503 seipsum.
725 1485 743 1489 -
763 1470 824 1495 Om.
843 1470 895 1495 EF.

429 1509 456 1541 γ)
475 1507 657 1533 secundum...
679 1507 744 1531 Deo.
762 1520 782 1525 -
801 1506 858 1531 Deo
876 1509 964 1530 autem
984 1505 1132 1530 adhaerere
1150 1504 1181 1530 E.

1484 166 1780 203 ARTICULUS
1809 166 1861 203 Vl

1486 244 1656 281 converti
1683 256 1762 280 non
1790 251 1915 292 potest
1941 244 2013 281 nisi
2041 246 2126 282 Deo
2154 246 2281 295 ipsum
2309 246 2358 284 ad
2386 259 2427 283 se
2455 258 2547 284 con-

1483 304 1672 343 vertente3
1697 296 1910 334 secundum
1929 296 2022 334 illud
2043 299 2177 335 lerem.
2197 310 2280 336 xxx1
2300 299 2338 336 *t
2362 301 2547 337 Converte

1485 362 1556 396 me,
1582 356 1618 387 et
1634 355 1851 387 convertar:
1870 349 1958 397 quia
1979 355 2017 386 tu
2035 350 2223 387 Dominus
2241 352 2345 388 Deus
2363 364 2486 398 meus;
2510 360 2547 389 et

1489 404 1526 440 Τ
1520 404 1625 440 hren.
1656 403 1721 439 ult.
1742 402 1782 439 *z
1817 403 2001 439 Converte
2033 414 2116 449 nos,
2145 403 2327 450 Domine,
2355 406 2407 441 ad
2432 410 2485 451 te,
2512 411 2549 442 et

1485 462 1757 493 convertemur.

1539 510 1598 545 AD
1620 520 1810 546 SECUNDUM
1839 519 2022 545 DICENDUM
2044 508 2148 557 quod
2167 507 2259 546 nihil
2282 509 2402 546 homo
2422 517 2547 558 potest

1486 563 1608 599 facere
1629 561 1700 598 nisi
1719 574 1741 598 a
1755 562 1840 598 Deo
1861 569 2081 608 moveatur3
2097 561 2310 598 secundum
2330 561 2422 598 illud
2441 563 2545 600 Ioan.

1486 627 1534 652 xv
1551 615 1590 651 *ε
1622 615 1711 651 Sine
1736 626 1797 651 me
1815 615 1908 652 nihil
1929 615 2080 663 potestis
2102 615 2244 662 facere.
2274 614 2324 650 Et
2341 614 2429 651 ideo
2456 626 2547 652 cum

1487 667 1621 705 dicitur
1649 667 1768 703 homo
1797 667 1921 704 facere
1950 668 2054 716 quod
2084 667 2122 704 in
2150 679 2190 704 se
2220 674 2286 713 est,
2311 666 2446 704 dicitur
2472 668 2548 705 hoc

1488 733 1570 758 esse
1594 725 1606 741 ι
1634 719 1672 756 in
1704 726 1889 768 potestate
1917 720 2084 758 hominis
2113 719 2326 757 secundum
2354 721 2460 768 quod
2492 728 2548 758 est

1486 781 1614 810 motus
1641 785 1663 809 a
1692 773 1788 809 Deo.
2457 803 2460 805 Α
2524 798 2526 803 ,

1540 828 1599 863 An
1612 837 1773 862 ‘rentium
1792 837 1976 863 memnon
1993 827 2099 875 quod
2119 826 2279 863 obiectio
2299 825 2359 862 illa
2376 826 2550 874 procedit

1489 880 1536 917 de
1570 878 1686 927 gratia
1721 878 1924 926 habituali,
1952 878 2001 916 ad
2033 891 2150 927 quam
2187 878 2388 928 requiritur
2422 878 2550 927 aliqua

1488 931 1738 981 praeparatio,
1765 931 1854 979 quia
1882 931 2006 968 omnis
2034 932 2159 968 forma
2187 931 2340 981 requirit
2368 932 2549 981 suscepti—

1489 986 1562 1022 bile
1591 984 1825 1032 dispositum.
1853 984 1930 1021 Sed
1949 984 2024 1021 hoc
2042 984 2148 1033 quod
2167 985 2285 1021 homo
2305 992 2508 1022 moveatur
2527 997 2549 1022 a

1489 1040 1596 1085 Deo,
1626 1049 1704 1075 non
1735 1036 1939 1086 praeexigit
1973 1036 2139 1086 aliquam
2167 1037 2281 1074 aliam
2316 1038 2548 1075 motionem:

1490 1103 1578 1128 cum
1598 1091 1703 1127 Deus
1723 1090 1768 1126 sit
1786 1089 1954 1138 primum
1973 1101 2147 1127 movenS.
2171 1091 2283 1128 Unde
2303 1103 2381 1128 non
2402 1098 2551 1140 oportet

1490 1144 1593 1182 abire
1621 1143 1659 1181 in
1687 1142 1889 1183 infinitum.

1543 1199 1602 1233 An
1632 1207 1803 1238 QUARTUM
1827 1206 2011 1232 mCENDUM
2039 1195 2144 1243 quod
2172 1195 2339 1232 hominis
2369 1203 2424 1233 est
2442 1208 2550 1245 prat>

1492 1262 1624 1299 parare
1654 1249 1845 1295 animum,
1876 1248 1964 1296 quia
1983 1248 2058 1284 hoc
2081 1247 2167 1284 facit
2186 1260 2255 1296 per
2273 1248 2436 1286 liberum
2456 1249 2552 1286 arbi-

1493 1303 1621 1340 trium:
1651 1302 1718 1338 sed
1746 1309 1875 1338 tamen
1903 1302 1978 1338 hoc
2006 1313 2084 1337 non
2112 1300 2199 1337 facit
2219 1301 2299 1337 sine
2319 1301 2456 1338 auxilio
2480 1302 2551 1339 Dei

1494 1355 1683 1393 moventis
1713 1362 1748 1391 et
1777 1354 1825 1391 ad
1854 1366 1893 1390 se
1922 1353 2151 1401 attrahentis,
2181 1362 2222 1390 ut
2250 1353 2392 1391 dictum
2421 1361 2477 1391 est
2493 1353 2526 1391 *.

1545 1468 1570 1502 ὃ)
1588 1476 1624 1494 se.
1642 1483 1660 1488 -
1679 1470 1739 1494 Om.
1758 1467 1965 1493 ABCDGHIKL.

1544 1504 1567 1537 ε)
1586 1511 1650 1530 esse.
1666 1518 1685 1523 -
1702 1507 1742 1529 est
1760 1503 1810 1528 PE.

1055 1593 1386 1626 Commentaria
1408 1591 1656 1626 Garamans
1679 1592 1877 1625 Caietam

409 1697 428 1716 N
444 1685 576 1716 articulo
587 1691 675 1716 sexto
691 1684 834 1714 eiusdem
849 1683 1144 1714 centesimaenonae
1162 1681 1368 1723 quaestionis,
1382 1681 1439 1712 du-

383 1699 499 1761 Ibium
523 1728 659 1759 occurrit
678 1738 714 1758 ex
737 1727 900 1763 Durando,
918 1727 951 1757 in
971 1726 997 1757 11
1014 1727 1114 1764 Sent„
1133 1726 1203 1757 dist.
1219 1736 1323 1762 xxvm,
1346 1735 1400 1767 qu.
1417 1736 1440 1763 1,

379 1781 434 1805 art.
459 1774 513 1804 ult.
535 1773 562 1809 *,
579 1772 711 1813 duplex:
737 1772 870 1803 alterum
891 1778 999 1802 contra
1023 1770 1281 1806 conclusionem
1306 1769 1440 1800 alterum

380 1826 486 1850 contra
516 1817 671 1848 rationem
701 1816 734 1846 in
761 1816 861 1847 littera
885 1816 1020 1846 allatam.
1049 1815 1171 1846 Contra
1201 1814 1441 1845 conclusionem

379 1863 527 1904 quidem,
551 1862 627 1902 quia
641 1861 741 1892 horno
765 1867 879 1901 potest,
896 1861 1015 1900 absque
1039 1859 1166 1899 speciali
1189 1858 1249 1890 Dei
1271 1858 1440 1895 adiutorio,

379 1918 435 1948 per
458 1916 516 1938 sua
539 1905 692 1937 naturalia
708 1905 831 1946 operari
847 1915 930 1945 opus
951 1903 1112 1935 moraliter
1127 1904 1260 1934 bonum.
1282 1903 1368 1942 Ergo
1383 1912 1442 1944 po-

379 1958 439 1983 test
454 1959 638 1992 praeparare
653 1959 685 1980 se
702 1950 741 1980 ad
757 1949 901 1989 gratiam.
914 1967 933 1971 —
945 1948 1144 1980 Antecedens
1159 1953 1245 1988 patet
1261 1957 1298 1978 ex
1314 1947 1403 1979 dictis
1413 1946 1440 1978 *.

379 2013 400 2019 -
413 1993 651 2035 Consequentia
665 1994 827 2035 probatur.
846 1992 929 2031 Quia
944 1993 1068 2023 bonum
1085 1991 1205 2023 morale
1221 1991 1316 2023 habet
1330 1991 1443 2022 imme-

380 2040 502 2070 diatum
525 2038 670 2069 ordinem
686 2038 726 2068 ad
749 2038 873 2068 bonum
889 2037 1018 2077 gratiae;
1039 2047 1074 2067 ac
1089 2046 1145 2077 per
1161 2036 1234 2074 hoc,
1251 2042 1300 2066 est
1313 2045 1443 2076 praepa-

379 2083 532 2115 ratorium
556 2083 595 2113 ad
618 2082 760 2122 gratiam.

435 2128 475 2159 Et
498 2133 631 2167 augetur
653 2127 715 2158 hoc
739 2126 884 2162 dubium,
909 2125 984 2166 quia
1002 2127 1124 2156 Auctor
1140 2123 1236 2155 etiam
1249 2124 1282 2155 in
1299 2124 1326 2155 11
1342 2124 1442 2162 Sem„

381 2172 450 2204 dist.
459 2182 564 2208 xxvm,
575 2178 631 2202 art.
639 2180 671 2210 4,
683 2171 769 2201 idem
784 2170 888 2208 sentit,
904 2170 982 2200 dum
995 2179 1138 2210 expresse
1148 2169 1217 2200 vult
1232 2168 1321 2209 quod
1332 2168 1443 2205 homo,

382 2216 527 2247 faciendo
539 2215 628 2256 quod
643 2214 677 2245 in
690 2225 722 2245 se
736 2221 792 2252 est,
805 2220 969 2255 praeparat
985 2223 1017 2244 se
1034 2214 1073 2244 ad
1081 2213 1233 2255 gratiarn;
1247 2219 1283 2244 ut
1294 2219 1380 2252 patet
1388 2211 1443 2244 ibi.

439 2260 476 2291 11.
502 2259 622 2290 Contra
645 2258 801 2289 rationem
820 2268 906 2295 vero,
923 2257 996 2299 quia
1016 2257 1206 2298 propositiO‚
1227 2256 1335 2288 Solius
1344 2256 1445 2298 primi

383 2305 512 2345 agentis
534 2308 580 2334 est
596 2312 802 2343 praeparare
822 2303 865 2333 ad
888 2303 1034 2333 ultimum
1049 2302 1166 2343 finem,
1187 2307 1233 2332 est
1251 2300 1340 2332 falsa.
1355 2300 1445 2338 Quo-

382 2348 470 2378 niam
491 2348 564 2378 licet
587 2347 757 2388 perducere
785 2347 825 2377 ad
848 2346 999 2377 ultimum
1022 2345 1119 2376 finem
1143 2345 1183 2377 sit
1204 2345 1303 2386 ipsius
1326 2344 1444 2381 solius,

383 2392 550 2432 disponere
580 2398 687 2423 tamen
719 2391 761 2422 ad
782 2391 875 2422 illum
902 2397 1007 2431 potest
1040 2392 1107 2422 esse
1133 2388 1290 2421 inferioris
1313 2388 1444 2429 agentis.

384 2437 482 2475 Quod
506 2436 658 2476 probatur
682 2446 718 2466 ex
741 2435 803 2466 hoc
818 2436 907 2476 quod
931 2435 963 2465 in
987 2434 1188 2475 generatione
1207 2433 1358 2470 hominis,
1373 2433 1446 2467 licet

384 2481 470 2512 solus
486 2480 573 2511 Deus
588 2480 743 2520 producat
758 2479 908 2515 animam,
925 2486 1037 2510 natura
1051 2485 1157 2510 tamen
1180 2478 1296 2510 virtute
1319 2477 1446 2519 proptia

383 2524 525 2565 disponit
543 2524 705 2554 materiam
720 2523 759 2553 ad
776 2523 926 2554 animam.
942 2523 983 2554 Et
1001 2523 1044 2553 sic
1060 2530 1106 2554 est
1122 2522 1154 2553 in
1169 2521 1345 2563 proposito,
1359 2521 1447 2564 quod

383 2569 455 2599 licet
478 2569 566 2599 solus
597 2567 683 2598 Deus
707 2568 760 2599 det
783 2567 933 2607 gratiam,
958 2567 1057 2598 homo
1088 2574 1194 2597 tamen
1224 2565 1391 2607 disponere
1414 2574 1447 2596 se

385 2619 490 2653 potest
512 2613 551 2642 ad
574 2612 706 2652 gratiam
729 2612 844 2642 virtute
867 2611 1005 2652 propria.

441 2657 492 2687 111.
517 2657 568 2686 Ad
592 2657 709 2688 horum
733 2656 932 2691 evidentiam,
957 2656 1036 2687 scito
1060 2655 1149 2695 quod
1171 2654 1251 2686 ratio
1275 2654 1395 2686 litterae
1411 2663 1447 2685 ex

386 2711 440 2741 per
463 2710 496 2731 se
518 2701 603 2732 notis
626 2700 870 2741 quodammodo
889 2700 1041 2740 procedit.
1064 2700 1148 2730 Nam
1166 2699 1256 2740 quod
1272 2698 1448 2730 secundum

386 2745 530 2775 ordinem
553 2744 667 2776 finium
691 2745 731 2775 sit
754 2745 833 2775 ordo
858 2744 1029 2784 agentium,
1055 2744 1176 2775 clarum
1190 2749 1237 2774 est
1252 2753 1289 2774 ex
1305 2753 1343 2774 eo
1359 2742 1448 2784 quod

387 2799 482 2819 omne
506 2799 600 2829 agens
624 2789 687 2829 agit
710 2795 839 2829 propter
861 2787 959 2819 finem
980 2788 1120 2829 aliquem
1136 2787 1195 2818 sibi
1211 2786 1393 2828 proprium3
1418 2793 1450 2817 et

388 2839 509 2863 constat
532 2833 620 2874 quod
644 2833 677 2863 in
699 2831 798 2863 finem
820 2832 987 2873 proprium
1018 2832 1151 2863 alicuius
1181 2831 1300 2872 agentis
1322 2831 1449 2862 tendere

387 2877 466 2907 nihil
489 2884 593 2917 potest
616 2877 675 2907 nisi
699 2883 828 2917 propter
851 2877 958 2917 ipsum
982 2886 1086 2916 agens.
1112 2876 1200 2907 Sicut
1224 2885 1281 2906 nec
1304 2875 1365 2905 alia
1380 2884 1451 2915 pro·

388 2921 455 2960 pria
478 2921 571 2952 alicui
595 2921 762 2952 convenire
786 2927 921 2961 possunt
945 2921 1043 2957 alteri,
1067 2920 1127 2951 nisi
1150 2927 1281 2960 propter
1303 2919 1383 2950 illud
1399 2919 1449 2950 cui

388 2965 493 3006 primo
517 2965 724 2997 conveniunt:
745 2965 776 2996 id
793 2964 879 2996 enim
894 2965 999 3005 primo
1012 2964 1106 2997 alicui
1123 2964 1272 2995 convenit
1287 2963 1375 3005 quod
1391 2963 1451 2995 sibi

389 3019 455 3040 non
478 3019 533 3049 per
557 3009 652 3046 aliud,
677 3017 708 3041 et
731 3009 798 3041 aliis
814 3009 995 3051 quibusque
1014 3015 1142 3051 propter
1165 3008 1273 3048 ipsum
1293 3007 1450 3039 convenit.

390 3053 465 3090 Quo
484 3052 519 3083 fit
542 3059 577 3084 ut
592 3053 717 3084 tendere
733 3053 767 3084 in
781 3052 878 3083 finem
895 3053 1046 3084 ultimum
1061 3053 1103 3084 ita
1120 3052 1159 3083 sit
1174 3051 1342 3094 proprium
1356 3048 1451 3093 primi

391 3097 517 3137 agentiS,
541 3097 630 3138 quod
646 3097 703 3128 sibi
720 3107 785 3128 non
802 3107 857 3137 per
873 3097 968 3134 aliud,
986 3097 1093 3128 ceteris
1109 3106 1184 3128 vero
1201 3102 1331 3137 propter
1345 3095 1451 3136 ipsum

391 3141 557 3171 conveniat
579 3141 612 3171 in
641 3144 847 3182 quocumque
871 3141 996 3178 ordine,
1022 3143 1086 3172 sive
1109 3141 1241 3172 tendant
1269 3146 1306 3170 ut
1328 3139 1451 3180 agentia

392 3184 456 3214 sive
479 3191 514 3215 ut
536 3185 696 3225 patientia.
728 3186 820 3216 Unde
845 3193 875 3217 et
897 3186 929 3216 in
952 3186 1055 3217 littera
1081 3184 1300 3216 manifestatur
1328 3184 1391 3216 hoc
1414 3184 1452 3214 de

393 3227 530 3264 victoria,
546 3229 579 3259 in
595 3239 693 3270 quam
711 3230 811 3260 tendit
833 3230 923 3262 miles
946 3240 1012 3260 non
1029 3229 1088 3260 nisi
1105 3236 1212 3261 motus
1229 3239 1247 3260 a
1269 3229 1359 3260 duce.
1375 3229 1451 3260 Pro-

393 3278 461 3312 pter
484 3273 571 3312 quod
594 3273 696 3304 multo
720 3273 819 3314 magis
839 3273 1012 3314 disponens
1034 3273 1142 3315 ipsum
1165 3273 1285 3314 patiens
1301 3273 1341 3304 ad
1355 3271 1453 3304 finem

395 3314 554 3352 ultimum,
579 3323 705 3357 oportet
728 3316 848 3347 moveri
873 3328 890 3347 a
913 3317 1018 3358 primo
1042 3324 1164 3357 agente.

451 3358 512 3389 Sed
534 3360 622 3399 quod
645 3361 764 3391 multos
787 3361 875 3397 fallit,
890 3367 936 3391 est
962 3361 1038 3402 quia
1061 3371 1127 3391 non
1152 3361 1350 3402 distinguunt
1371 3361 1454 3391 inter

396 3402 562 3442 disponere
585 3413 640 3433 seu
665 3413 847 3444 praeparare
870 3405 909 3434 ad
933 3404 1030 3435 finem
1050 3404 1232 3441 formaliter,
1257 3412 1288 3436 et
1309 3404 1454 3435 materia-

396 3445 474 3477 liter.
499 3446 673 3486 Disponere
698 3448 737 3477 ad
760 3448 923 3479 victoriam
948 3448 1129 3485 formaliter,
1155 3455 1201 3479 est
1224 3459 1365 3489 pugnare
1380 3458 1455 3479 cum

396 3490 569 3521 intentione
593 3491 743 3531 operandi
759 3492 799 3522 ad
814 3492 991 3522 victoriam:
1018 3492 1184 3532 disponere
1201 3493 1399 3524 materialiter
1416 3493 1455 3523 ad

1495 1682 1677 1718 victoriam,
1702 1688 1747 1711 est
1770 1690 1910 1722 pugnare
1934 1686 2069 1711 tantum.
2101 1680 2185 1711 Inter
2207 1679 2343 1712 militem
2365 1686 2475 1715 autem
2492 1689 2556 1721 pu-

1493 1732 1643 1766 gnantem
1659 1731 1792 1761 tantum,
1818 1731 1848 1755 et
1871 1730 2068 1765 pugnantem
2092 1734 2167 1755 cum
2185 1723 2238 1754 illa
2256 1722 2442 1760 intentione,
2457 1719 2558 1764 mfi-

1494 1769 1571 1801 festa
1588 1777 1633 1801 est
1653 1769 1822 1800 differentia
1846 1769 1936 1810 quod
1958 1767 2011 1799 ille
2035 1778 2102 1799 non
2124 1767 2260 1799 intendit
2281 1766 2380 1799 finem
2395 1766 2555 1805 ultimum,

1494 1814 1640 1855 quamvis
1663 1823 1769 1854 pugna
1792 1822 1849 1844 sua
1873 1813 1911 1843 ab
1935 1812 1999 1843 alio
2022 1812 2187 1843 ordinetur
2209 1811 2248 1842 ad
2270 1811 2346 1849 h0c;
2369 1809 2428 1845 iste
2449 1807 2558 1847 am&

1495 1859 1535 1889 ad
1557 1857 1654 1890 finem
1686 1858 1836 1889 ultimum
1865 1856 2001 1897 respicit.
2030 1857 2071 1888 Et
2094 1863 2261 1897 propterea
2287 1855 2346 1889 iste
2375 1862 2509 1896 pugnat*
2521 1854 2559 1893 (13

1495 1912 1628 1934 movens
1651 1908 1776 1933 motum
1799 1912 1818 1932 a
1841 1901 1946 1942 primo
1969 1901 2066 1938 duce3
2090 1900 2144 1932 ille
2167 1907 2203 1932 ut
2224 1906 2353 1933 motum
2375 1906 2526 1932 tantum.»

1551 1947 1606 1978 1v.
1630 1947 1677 1977 De
1701 1952 1792 1977 motu
1814 1945 2009 1982 intentionis,
2034 1945 2072 1976 de
2095 1954 2161 1987 quo
2177 1951 2224 1975 est
2245 1954 2359 1981 sermo,
2383 1943 2557 1986 loquendo,

1495 1991 1535 2021 ad
1557 1990 1759 2032 propositum
1783 1989 2002 2021 descendendo
2026 1989 2149 2026 dicitur,
2175 1989 2264 2030 quod
2286 1985 2340 2019 illa
2370 1984 2558 2030 propositio,

1496 2035 1604 2066 Solius
1612 2035 1711 2075 primi
1725 2035 1853 2075 agentis
1869 2038 1915 2065 est
1929 2033 2059 2064 tendere
2077 2034 2109 2064 in
2118 2033 2223 2074 finem
2238 2032 2428 2069 ultimum&
2444 2038 2494 2063 est
2505 2032 2558 2062 νεὶ

1496 2079 1618 2109 tissima
1634 2078 1807 2109 formaliter
1821 2077 1978 2109 intellecta
1994 2078 2033 2108 de
2047 2077 2207 2108 tendentia
2221 2077 2254 2107 in
2269 2077 2380 2108 illum:
2403 2072 2560 2118 quoniam

1497 2123 1584 2155 nulla
1607 2123 1754 2159 materia,
1777 2122 1904 2154 nullum
1928 2122 2110 2162 disponens,
2131 2122 2258 2153 nullum
2281 2121 2443 2157 adiuvans,
2459 2119 2560 2154 oetffl

1496 2167 1529 2198 in
1552 2167 1646 2198 illurn
1667 2166 1764 2198 finem
1783 2167 1843 2198 nisi
1867 2177 1904 2197 ex
1919 2165 2014 2207 primi
2034 2166 2154 2206 agentis
2169 2165 2324 2202 motione,
2341 2164 2395 2199 eui
2411 2164 2561 2205 convqait

1497 2212 1602 2253 primo
1626 2212 1751 2242 tendere
1775 2212 1808 2242 in
1831 2211 1933 2242 illum.
2169 2248 2172 2249 ⁷
2403 2244 2426 2251 Α,

1550 2255 1654 2286 Allata
1677 2262 1784 2286 autem
1806 2254 1954 2286 instantia
1970 2254 2008 2285 de
2028 2260 2139 2285 natura
2159 2254 2346 2297 disponente
2364 2253 2404 2284 ad
2419 2252 2560 2286 animam

1497 2300 1729 2336 intellectivam,
1754 2306 1862 2340 peccat
1885 2299 1917 2329 in
1941 2298 2013 2335 hoc,
2037 2298 2126 2339 quod
2141 2308 2208 2329 non
2230 2296 2452 2328 animadvertit
2469 2289 2560 2338 quod

1498 2352 1664 2385 nunquam
1680 2350 1790 2374 natura
1806 2343 1989 2384 disponeret
2002 2343 2116 2374 ultima
2136 2342 2345 2382 dispositione
2359 2342 2401 2372 ad
2421 2341 2561 2372 animan

1498 2388 1731 2424 intellectivam,
1748 2387 1808 2419 nisi
1832 2395 1937 2427 ageret
1957 2387 1991 2419 in
2009 2386 2125 2419 virtute
2143 2386 2268 2419 animae
2280 2384 2561 2419 intellectivam

1498 2432 1592 2464 minis
1608 2432 1799 2472 generantis:
1817 2432 1880 2473 agit
1895 2431 1982 2464 enim
1999 2431 2116 2463 virtute
2129 2437 2260 2463 namne
2278 2430 2447 2471 humanae,
2469 2428 2561 2471 cuim

1499 2476 1670 2508 essentialis
1687 2483 1718 2507 et
1732 2475 1935 2517 principalior
1950 2485 2022 2517 pare
2038 2481 2084 2506 est
2099 2475 2206 2507 anima
2219 2474 2418 2507 intellectiva.
2442 2475 2490 2505 Ac
2504 2475 2562 2517 per

1498 2521 1577 2558 hoc,
1601 2520 1632 2550 in
1658 2520 1770 2551 virtute
1794 2520 1856 2562 agit
1879 2519 1973 2560 primi
1998 2518 2133 2560 agentis,
2158 2529 2176 2549 a
2199 2528 2266 2560 quo
2290 2517 2360 2548 solo
2385 2524 2431 2562 est
2453 2516 2560 2548 anima

1499 2564 1695 2596 intellectiva.
2411 2576 2416 2579 ·

1555 2609 1593 2640 V.
1618 2609 1667 2639 Ad
1692 2609 1812 2639 obiecta
1836 2615 1943 2639 contra
1973 2607 2213 2638 conclusionem
2229 2605 2246 2624 *
2269 2605 2382 2636 dieitur
2404 2605 2494 2645 quod
2515 2604 2561 2635 ta»

1501 2663 1570 2685 cere
1593 2663 1675 2692 opus
1705 2652 1865 2684 moraliter
1890 2652 2034 2688 bonum.
2058 2651 2154 2683 etiam
2176 2650 2210 2682 in
2239 2649 2391 2683 omnibus
2414 2648 2562 2681 munais

1501 2697 1638 2733 actibus,
1663 2707 1727 2728 non
1759 2703 1805 2728 est
1831 2695 2014 2738 propinqua
2043 2693 2240 2737 praeparatio
2267 2694 2309 2725 ad
2335 2693 2485 2737 gratiam,
2501 2693 2563 2730 §od

1501 2748 1627 2782 oportet
1654 2741 1766 2772 addere
1790 2740 1880 2783 quod
1906 2739 1960 2772 fiat
1989 2750 2065 2771 cum
2093 2737 2300 2771 conversione
2324 2738 2370 2771 vad
2393 2737 2510 2777 vDeum.-
2524 2734 2564 2782 ‘ut

1501 2785 1598 2816 finem
1628 2784 1914 2826 supernaturalem:
1943 2783 2099 2826 quoniam
2134 2782 2330 2825 praeparatio
2359 2782 2399 2812 ad
2467 2780 2564 2823 atiani

1501 2829 1662 2860 inchoatio
1687 2836 1733 2860 est
1754 2828 1939 2860 intentionis
1963 2835 2120 2860 creaturae
2136 2833 2280 2868 respectu
2293 2824 2412 2856 beatitu
2446 2822 2563 2862 nis's'u'ss

1502 2873 1716 2915 pernaturalis.
1742 2874 1783 2904 Et
1805 2873 1959 2914 quoniam
1982 2873 2023 2903 ad
2045 2880 2233 2912 supremum
2255 2878 2352 2910 agen·
2374 2874 2497 2911 spectat
2514 2868 2562 2899 ifl—

1502 2918 1630 2950 tendere
1645 2917 1677 2948 in
1698 2917 1850 2948 ultimum
1863 2916 1972 2953 finem,
1991 2916 2057 2947 sine
2073 2915 2200 2957 speciali
2220 2914 2382 2947 adiutorio
2398 2913 2458 2945 Dei
2475 2912 2565 2947 nulla

1504 2968 1643 2993 creatura
1673 2961 1833 2992 rationalis
1865 2967 1969 3001 potest
1999 2970 2184 3001 praeparare
2212 2969 2245 2990 se
2267 2959 2308 2989 ad
2330 2957 2563 2999 Deigrnfiua,

1503 3016 1585 3048 quae
1609 3012 1655 3037 est
1678 3005 1820 3047 specialis
1845 3005 1977 3036 ultimus
2000 3003 2081 3041 finis,
2102 3011 2138 3036 ut
2161 3002 2344 3036 coniunctio
2369 3000 2512 3043 specialis
2535 3003 2566 3032 et

1505 3049 1749 3091 supernaturalis
1773 3050 1812 3079 ad
1835 3049 1951 3080 Deum.
2355 3086 2357 3088 K
2495 3084 2499 3088 .
2544 3084 2547 3086 ‚

1560 3095 1611 3125 Ad
1633 3094 1855 3135 probationem
1879 3099 1987 3124 autem
2015 3092 2128 3123 dicitur
2156 3092 2259 3133 quod,
2283 3090 2356 3121 licet
2378 3089 2465 3120 inter
2481 3084 2566 3136 opti}

1505 3139 1625 3169 morale
1649 3145 1679 3169 et
1702 3148 1784 3179 opus
1807 3137 1922 3178 gratiae
1954 3137 1993 3168 sit
2019 3136 2230 3168 immediatus>
2246 3135 2346 3171 ordo,
2369 3142 2437 3164 non
2459 3135 2566 3164 tam

1506 3190 1553 3215 est
1574 3182 1776 3214 immediatus
1800 3182 1879 3213 ordo
1903 3181 1983 3212 inter
2006 3190 2090 3221 opus
2105 3190 2184 3222 pure
2203 3179 2323 3213 morale
2346 3184 2377 3211 et
2399 3177 2462 3211 nale
2480 3186 2567 3222 opit)

1506 3227 1635 3267 gratiae,
1660 3226 1776 3258 scilicet
1799 3226 1922 3256 donum
1947 3224 2105 3256 habituale
2127 3224 2243 3264 gratiae
2262 3230 2388 3264 gratum
2409 3219 2564 3263 ἱιεὶθμρὓ

1507 3271 1583 3313 quia
1613 3271 1732 3302 mediat
1756 3270 1886 3312 aliquod
1917 3279 2000 3310 opus
2023 3268 2140 3309 gratiae
2153 3291 2161 3305 ‚
2187 3268 2306 3300 scilicet
2337 3264 2503 3305 conversio
2526 3259 2566 3294 ad

1507 3316 1622 3347 Deum.
1641 3315 1731 3353 Quae
1747 3314 1781 3345 in
1803 3314 1851 3345 sui
1875 3313 2010 3345 termino
2035 3319 2082 3344 est
2097 3311 2266 3348 meritoria,
2282 3305 2506 3357 utpotewgratia
2520 3307 2567 3358 in-

1508 3359 1656 3390 formata:
1674 3366 1711 3390 ut
1726 3359 1770 3389 sic
1793 3357 1887 3389 etiam
1904 3357 2029 3388 nullum
2045 3362 2305 3395 consummatum
2327 3360 2411 3394 opus
2425 3352 2564 3382 invema-

1508 3411 1560 3435 tur
1582 3403 1726 3434 medium
1748 3403 1829 3433 inter
1850 3411 1933 3442 opus
1956 3401 2072 3441 gratiae
2094 3397 2301 3430 meritorium
2316 3404 2347 3428 et
2367 3395 2498 3427 morale.

1561 3448 1613 3479 VI.
1627 3448 1694 3478 Nec
1708 3447 1812 3477 obstat
1825 3445 1873 3476 his
1889 3445 1977 3486 quod
1994 3443 2205 3475 communiter
2219 3442 2333 3472 dicitur
2346 3440 2435 3481 quod
2452 3439 2563 3475 homo,

1510 3492 1653 3523 faciendo
1677 3491 1766 3532 quod
1788 3490 1820 3520 in
1843 3499 1876 3520 se
1900 3496 1956 3525 est,
1980 3487 2120 3528 disponit
2141 3497 2176 3518 se
2189 3486 2230 3517 ad
2244 3485 2386 3526 gratiam.
2405 3483 2567 3522 Quoniam

2575 314 2583 321 ·
2599 311 2665 333 Vera.
2681 312 2711 334 18.

2573 417 2583 428 ⁴
2598 416 2664 439 vm.
2679 421 2708 438 οι.

2575 629 2582 637 ·
2599 627 2665 649 νει-ε.
2683 633 2702 655 5.

2582 1366 2590 1374 ·
2606 1364 2631 1386 In
2646 1369 2752 1392 corpore.

2587 2045 2595 2054 ¹
2609 2043 2647 2066 Cf.
2662 2048 2726 2066 num.
2744 2048 2771 2065 ιι.

2589 2615 2598 2624 ‘
2613 2615 2650 2638 Cf.
2665 2621 2728 2639 num.
2744 2621 2762 2637 ι.
