2840 4010
59 1676 62 1679 ⁴
87 1679 148 1703 lm?
213 1668 284 1708 posit.

92 770 139 793 'CR
146 776 302 799 qumxxxvm,

90 797 178 820 lna-od.

278 1652 300 1674 V

237 1705 301 1728 San-

979 179 1243 225 QUAESTIO
1275 183 1485 230 LXXXIX,
1515 184 1810 221 ARTICULUS
1841 185 1853 220 1

2433 191 2497 227 141

828 358 1234 438 QUAESTIO
1274 361 2008 420 OCTOGESIMANONA

672 491 769 532 DE
811 487 1173 530 PECCATO
1208 487 1540 530 VENIALI
1590 491 2026 534 SECUNDUM
2073 493 2159 535 SE

1165 611 1199 636 ΙΝ
1228 611 1293 636 SEX
1320 611 1520 637 ARTICULOS
1548 613 1663 638 DIVISA

413 721 520 747 amna
549 707 868 745 considerandum
897 714 954 743 est
986 706 1033 743 de
1066 713 1223 756 peccato
1250 704 1390 742 veniali

332 719 624 802 Dsecundum
653 772 692 797 se
711 759 742 796 ²⁸.

330 818 379 854 Et
406 816 503 853 circa
529 815 604 851 hoc
631 819 864 862 quaeruntur
891 824 967 849 sex.

330 895 333 897 -
382 869 530 906 Primo:
558 873 686 903 utrum
714 872 915 914 peccatum
934 864 1084 902 veniale
1104 870 1232 901 causet
1260 875 1390 899 macu-

435 922 511 957 lam
540 919 579 956 in
607 918 746 956 anima.

382 972 578 1010 Secundo:
599 973 645 1009 de
662 971 898 1008 distinctione
910 976 927 992 ²
941 970 1084 1020 peccati
1097 969 1266 1016 venialis,
1278 977 1391 1018 prout

434 1026 619 1074 figuratur
646 1035 714 1074 per
746 1024 912 1072 lignum,
942 1024 1097 1061 faenum
1127 1029 1162 1059 et
1193 1022 1387 1071 stipulam,

436 1079 450 1115 l
475 1079 562 1115 Cor.
583 1089 619 1114 111
637 1077 669 1114 ³⁸.

1495 706 1645 742 Tertio:
1674 714 1800 744 utrum
1829 710 1947 745 homo
1977 710 2013 746 in
2042 718 2138 747 statu
2164 710 2401 748 innocentiae
2428 723 2499 761 po-

1548 759 1658 795 tuerit
1683 771 1840 807 peccare
1867 763 2073 800 venialiter.

1498 811 1665 858 Quarto:
1694 819 1821 849 utrum
1845 816 1998 861 angelus
2017 817 2140 852 bonus
2160 817 2221 853 vel
2239 817 2360 853 malus
2379 817 2498 866 possit

1548 876 1706 912 peccare
1734 865 1938 904 venialiter.

1497 917 1657 964 Quinto:
1678 925 1804 954 utrum
1824 919 1931 967 primi
1951 928 2078 956 motus
2098 921 2305 958 infidelium
2326 922 2397 959 sint
2410 935 2498 971 pec—

1550 977 1632 1006 cata
1658 970 1831 1007 venialia.

1498 1023 1630 1059 Sexto:
1659 1030 1785 1060 utrum
1815 1032 2013 1072 peccatum
2033 1025 2180 1062 veniale
2206 1027 2323 1074 possit
2351 1040 2431 1064 esse
2458 1027 2498 1065 in

1550 1076 1675 1124 aliquo
1705 1076 1814 1113 simul
1844 1089 1931 1114 cum
1960 1078 2042 1114 solo
2070 1086 2226 1126 peccato
2255 1080 2434 1128 originali.

1141 1183 1456 1226 ARTICULUS
1487 1184 1691 1226 PRIMUS

769 1287 924 1318 UTRUM
947 1285 1184 1332 PECCATUM
1207 1285 1394 1316 VENIALE
1419 1285 1588 1316 CAUSET
1611 1287 1827 1318 MACULAM
1851 1289 1893 1319 IN
1916 1289 2054 1320 ANIMA

623 1376 691 1401 Part.
710 1376 750 1407 111,
769 1384 813 1409 qu.
833 1383 940 1405 Lmvn,
959 1380 1006 1400 art.
1026 1360 1100 1406 2,iad
1121 1373 1148 1405 3;
1168 1373 1202 1398 1v
1221 1373 1304 1403 Sent„
1325 1373 1383 1399 dist.
1400 1382 1449 1405 xv1,
1470 1382 1514 1407 qu.
1532 1382 1559 1403 11,
1579 1380 1626 1400 art.
1650 1383 1670 1406 1,
1690 1377 1736 1408 qu·
1759 1384 1782 1407 2,
1801 1377 1833 1401 ad
1853 1376 1881 1407 3;
1901 1383 1947 1402 art.
1968 1385 1990 1407 2.
2010 1379 2056 1411 qu*
2081 1386 2101 1409 ι,
2121 1379 2153 1403 ad
2176 1387 2196 1404 ι.

359 1482 420 1519 „aaz
442 1482 513 1524 »a«
538 1476 562 1502 D
590 1476 727 1501 PRIMUM
756 1476 809 1500 sm
838 1474 1066 1501 PRocnm'mR
1091 1461 1251 1499 Videtur
1285 1461 1388 1510 quod

359 1508 514 1575 ΨΔξμ
538 1525 739 1566 peccatum
773 1516 922 1553 veniale
961 1522 1089 1560 causet
1122 1515 1313 1552 maculam
1351 1514 1389 1551 in

346 1571 389 1620 ,Y
430 1585 465 1611 ν,
488 1570 678 1608 (anima.
708 1569 808 1606 Dicit
837 1569 939 1606 enim
959 1567 1204 1617 Augustinus,
1225 1567 1264 1604 in
1293 1567 1388 1604 libro

289 1635 301 1642 ·
363 1614 481 1653 μ’ἕὲῗ]
497 1613 585 1660 de
610 1623 752 1659 Poenit.
772 1622 803 1668 ⁹¹⁸,
834 1622 939 1671 quod
966 1629 1123 1671 peccata
1149 1620 1330 1667 venialia,
1360 1621 1390 1657 si

294 1695 300 1706 ‚
328 1674 634 1725 multiplicentur,
664 1675 844 1713 decorem
865 1683 1036 1712 nostrum
1055 1674 1105 1711 ita
1128 1673 1388 1721 exterminant,

327 1735 370 1766 ut
402 1741 424 1766 a
457 1729 628 1766 caelestis
661 1729 790 1778 sponsi
825 1727 1060 1777 amplexibus
1098 1739 1168 1764 nos
1201 1733 1387 1776 separent.

329 1781 406 1819 Sed
425 1781 516 1819 nihil
535 1781 636 1819 aliud
657 1789 711 1819 est
731 1782 881 1818 macula
901 1793 1016 1830 quam
1037 1779 1304 1818 detrimentum
1325 1780 1390 1817 de-

329 1834 438 1872 coris.
466 1835 568 1883 Ergo
593 1842 751 1884 peccata
771 1834 936 1871 venialia
961 1840 1117 1871 causant
1139 1834 1331 1870 maculam
1352 1833 1390 1869 in

328 1887 466 1927 anima.

382 1952 417 1978 2.
447 1940 680 1987 PRAETEREA,
709 1947 908 1989 peccatum
931 1939 1091 1976 mortale
1112 1947 1240 1976 causat
1260 1951 1390 1976 macu—

326 1992 404 2031 lam
436 1993 476 2031 in
509 1993 637 2031 anima
668 2001 825 2042 propter
860 1992 1179 2030 inordinationem
1213 2000 1318 2029 actus
1354 2000 1391 2028 et

277 2066 279 2068 v
327 2046 486 2084 affectus
514 2047 631 2096 ipsius
659 2046 862 2096 peccantis.
895 2045 972 2082 Sed
1000 2045 1038 2082 in
1064 2052 1221 2094 peccato
1250 2045 1390 2082 veniali

86 2268 151 2318 :Qm
155 2274 250 2296 uxxvr,
257 2272 303 2291 art.

90 2482 101 2492 '
114 2479 181 2502 νει-ι.
196 2485 231 2508 27.

185 2524 202 2559 β

90 2588 101 2599 ⁸
114 2583 218 2616 lutei-lia.

89 2749 101 2760 ⁸
106 2747 153 2776 Qu.
159 2754 252 2775 uxxvr,
259 2751 300 2770 art.

91 2781 99 2796 1

328 2107 384 2137 est
412 2100 603 2149 quaedam
633 2098 870 2137 deordinatio
900 2106 1004 2135 actus
1033 2106 1070 2135 et
1088 2098 1256 2136 affectus.
1287 2099 1388 2146 Ergo

327 2160 528 2202 peccatum
556 2152 705 2189 veniale
735 2159 864 2189 causat
892 2152 1082 2190 maculam
1111 2152 1150 2189 in
1176 2151 1315 2189 anima.

383 2208 417 2243 3.
442 2207 676 2252 PRAETEREA,
698 2206 849 2242 macula
868 2206 1019 2242 animae
1039 2212 1216 2242 causatur
1236 2217 1280 2241 ex
1300 2217 1390 2241 con-

327 2266 430 2296 tactu
458 2259 511 2295 rei
539 2258 759 2308 temporalis
786 2270 855 2307 per
883 2262 1068 2305 amorem,
1097 2265 1138 2294 ut
1162 2269 1276 2307 supra
1296 2259 1316 2279 ²⁸
1337 2258 1390 2295 di-

329 2319 432 2349 ctum
453 2319 520 2348 est.
542 2311 619 2349 Sed
639 2311 675 2348 in
695 2318 853 2360 peccato
867 2310 1008 2348 veniali
1027 2310 1155 2348 anima
1174 2311 1389 2348 inordinato

329 2377 461 2402 amore
482 2364 662 2412 contingit
681 2376 761 2401 rem
781 2364 1044 2413 temporalem.
1067 2364 1170 2412 Ergo
1188 2372 1388 2414 peccatum

329 2417 476 2455 veniale
504 2416 647 2455 inducit
674 2419 864 2454 maculam
893 2416 931 2454 in
960 2417 1100 2454 anima.

384 2471 459 2507 SED
487 2482 634 2508 CONTRA
666 2482 732 2507 EsT
765 2469 871 2519 quod
904 2469 1038 2507 dicitur
1063 2470 1197 2519 Ephes.
1223 2483 1247 2507 v
1269 2470 1307 2508 ²¹⁸:
1343 2471 1392 2508 Ut

329 2524 521 2560 exhiberet
545 2524 623 2572 ipse
640 2522 655 2553 β
681 2523 753 2560 sibi
777 2523 985 2573 gloriosam
1004 2523 1210 2561 Ecclesiam
1230 2536 1304 2561 non
1324 2525 1390 2561 ha-

329 2578 473 2614 bentem
501 2577 692 2614 maculam
702 2590 716 2621 ‚·
745 2576 936 2614 Glossa*:
965 2577 1058 2613 idest
1082 2577 1235 2626 aliquod
1253 2589 1389 2626 pecca-

329 2634 407 2667 tum
439 2630 646 2667 criminale.
680 2631 783 2678 Ergo
816 2629 1013 2678 proprium
1045 2630 1189 2678 peccati
1220 2630 1390 2667 mortalis

330 2695 412 2720 esse
440 2682 592 2720 videtur
618 2683 724 2732 quod
752 2683 944 2719 maculam
973 2682 1011 2719 in
1040 2681 1167 2720 anima
1196 2691 1335 2720 causet.

383 2734 608 2772 Responosso
637 2747 820 2773 DICENDUM
845 2735 960 2784 quod,
983 2735 1077 2773 sicut
1103 2748 1147 2773 ex
1167 2736 1273 2774 dictis
1287 2736 1308 2759 '³‘
1326 2749 1391 2786 pa-

329 2794 392 2834 tet,
421 2788 573 2825 macula
600 2788 781 2836 importat
809 2788 1077 2826 detrimentum
1107 2789 1237 2826 nitoris
1264 2802 1308 2827 ex
1328 2790 1391 2828 ali-

330 2853 407 2890 quo
437 2849 624 2887 contactu,
654 2841 750 2878 sicut
777 2841 815 2878 in
835 2842 1095 2890 corporalibus
1112 2849 1226 2892 patet,
1249 2855 1292 2880 ex
1313 2842 1393 2893 qui-

329 2894 400 2931 bus
418 2906 489 2943 per
507 2893 793 2931 similitudinem
808 2906 952 2932 nomen
967 2896 1141 2932 maculae
1160 2896 1209 2933 ad
1224 2896 1390 2933 animam

329 2947 560 2984 transfertur.
595 2947 699 2984 Sicut
735 2955 863 2985 autern
895 2947 934 2985 in
968 2961 1128 2998 corpore
1166 2957 1221 2986 est
1252 2949 1391 2998 duplex

329 2999 451 3048 nitor,
494 3012 594 3037 unus
631 3000 786 3049 quidem
823 3013 868 3038 ex
905 3001 1106 3039 intrinseca
1144 3002 1392 3051 dispositione

1022 3086 1105 3095 ›—-—.

381 3132 409 3164 α)
428 3131 605 3157 distinctione.
622 3145 642 3151 —
659 3132 811 3164 definitione
828 3133 1053 3158 ABCDEFGIKL.

328 3165 486 3228 add-&pame-
496 3181 515 3186 —
525 3167 585 3192 Om.
602 3167 676 3192 codd.
681 3175 688 3198 ;
702 3167 848 3200 gloriosam
860 3175 914 3193 orn.
928 3168 984 3199 EF;
998 3174 1058 3201 post
1071 3169 1210 3198 maculam,
1229 3172 1277 3193 aut
1291 3176 1387 3202 rugam

1442 1464 1704 1500 membrorum
1735 1471 1770 1500 et
1798 1464 1948 1511 coloris,
1979 1465 2071 1502 alius
2100 1474 2226 1504 autem
2257 1479 2301 1504 ex
2330 1468 2500 1506 exteriori

1444 1515 1606 1552 claritate
1644 1517 1956 1565 superveniente;
1986 1518 2036 1555 ita
2069 1519 2183 1556 etiam
2214 1519 2253 1556 in
2285 1520 2412 1558 anima
2445 1530 2500 1558 est

1444 1568 1581 1617 duplex
1600 1569 1709 1617 nitor,
1725 1582 1824 1606 unus
1840 1570 1995 1619 quidem
2015 1572 2225 1619 habitualis,
2247 1574 2352 1621 quasi
2372 1573 2499 1611 intrin-

1443 1634 1562 1668 secus,
1592 1622 1686 1659 alius
1714 1631 1840 1660 autem
1868 1624 2034 1670 actualis,
2059 1625 2164 1674 quasi
2187 1626 2347 1663 exterior
2365 1626 2495 1674 fulgor.

1443 1675 1647 1712 Peccatum
1668 1683 1795 1713 autem
1814 1676 1963 1713 veniale
1985 1677 2142 1726 impedit
2160 1678 2316 1726 quidem
2336 1680 2498 1717 nitorem

1443 1729 1643 1775 actualem,
1674 1741 1753 1765 non
1780 1737 1908 1766 tamen
1931 1730 2182 1768 habitualem:
2212 1732 2301 1780 quia
2328 1745 2406 1769 non
2436 1745 2498 1770 ex-

1444 1780 1557 1818 cludit
1593 1781 1718 1829 nequ'e
1756 1781 2126 1829 diminuithabitum
2159 1785 2318 1822 caritatis
2347 1793 2382 1822 et
2409 1786 2497 1823 alia-

1443 1846 1527 1870 rum
1555 1833 1749 1882 virtutum,
1778 1843 1819 1871 ut
1845 1835 1938 1872 infra
1957 1835 1976 1857 *
2004 1837 2157 1884 patebit,
2186 1837 2254 1874 sed
2277 1839 2400 1875 solum
2427 1837 2497 1876 im·
2525 1852 2534 1861 ·
2577 1855 2586 1864 ·
2634 1855 2654 1864 ··

1443 1886 1546 1935 pedit
1575 1899 1704 1924 earum
1732 1895 1871 1924 actum.
1902 1889 2053 1926 Macula
2082 1897 2208 1926 autern
2237 1889 2415 1939 importat
2434 1891 2497 1928 ali·
2523 1893 2553 1938 ἒξ
2596 1893 2611 1939 ἶ
2647 1893 2669 1939 ’,0

1443 1940 1532 1988 quid
1552 1952 1711 1977 manens
1735 1940 1772 1977 in
1796 1953 1835 1977 re
1857 1942 2058 1978 maculata:
2087 1944 2189 1980 unde
2210 1944 2329 1991 magis
2347 1943 2498 1982 videtur
2524 1954 2537 1969 ³

1442 1993 1627 2041 pertinere
1648 1993 1695 2030 ad
1716 1993 1982 2031 detrimentum
2002 1995 2200 2033 habitualis
2228 1996 2357 2034 nitoris
2382 2009 2497 2046 quam

1443 2046 1606 2082 actualis.
1635 2046 1759 2094 Unde,
1792 2047 1944 2096 proprie
1972 2049 2179 2096 loquendo,
2207 2058 2404 2098 peccatum
2433 2063 2498 2087 ve-

1444 2099 1540 2136 niale
1568 2111 1647 2136 non
1667 2107 1795 2136 causat
1812 2101 2000 2137 maculam
2021 2101 2059 2137 in
2078 2101 2216 2139 anima.
2247 2103 2295 2139 Et
2314 2102 2344 2139 si
2364 2103 2499 2140 alicubi

1444 2153 1589 2189 dicatur-
1625 2153 1815 2189 maculam
1852 2153 2051 2200 inducere,
2085 2155 2159 2191 hoc
2197 2163 2252 2192 est
2288 2155 2498 2193 secundum

1444 2206 1544 2254 quid,
1574 2205 1799 2253 inquantum
1819 2205 1977 2255 impedit
2003 2207 2164 2244 nitorem
2190 2208 2254 2256 qui
2274 2216 2330 2245 est
2349 2221 2393 2245 ex
2412 2209 2499 2246 acti-

1444 2260 1514 2296 bus
1543 2258 1734 2295 virtutum.

1495 2314 1554 2348 AD
1582 2323 1718 2349 PmMUM
1746 2323 1844 2349 ERGO
1867 2323 2051 2350 DICENDUM
2072 2313 2175 2362 quod
2194 2314 2424 2362 Augustinus
2443 2314 2499 2350 lo-

1444 2365 1567 2413 quitur
1594 2365 1631 2401 in
1661 2377 1707 2402 eo
1737 2377 1827 2401 casu
1854 2363 1892 2401 in
1920 2378 1996 2413 quo
2025 2366 2143 2403 multa
2167 2375 2322 2416 peccata
2338 2367 2499 2405 venialia

1445 2418 1664 2467 dispositive
1678 2417 1862 2455 inducunt
1880 2418 1928 2455 ad
1948 2420 2118 2456 mortale.
2139 2420 2257 2456 Aliter
2272 2421 2372 2457 enim
2386 2426 2401 2448 Υ
2420 2433 2498 2457 non

1444 2478 1660 2520 separarent
1687 2471 1735 2507 ab
1765 2471 1942 2519 amplexu
1970 2472 2138 2509 caelestis
2166 2473 2306 2521 sponsi.

1496 2527 1554 2561 AD
1583 2536 1771 2561 SECUNDUM
1800 2536 1982 2561 DICENDUM
2012 2526 2115 2574 quod
2142 2525 2369 2563 inordinatio
2395 2533 2498 2562 actus

1444 2578 1482 2614 in
1514 2585 1672 2626 peccato
1706 2577 1855 2614 mortali
1890 2578 2095 2627 corrumpit
2127 2579 2297 2616 habitum
2332 2578 2496 2616 virtutis:

1444 2643 1521 2668 non
1550 2637 1676 2667 autem
1705 2630 1743 2667 in
1771 2638 1928 2678 peccato
1956 2630 2105 2668 veniali.

1496 2685 1554 2720 AD
1583 2694 1742 2720 TER'rmM
1769 2695 1952 2721 mei-:NDUM
1981 2684 2085 2732 quod
2113 2683 2151 2721 in
2173 2693 2329 2733 peccato
2349 2683 2498 2721 mortali

1445 2737 1571 2773 anima
1607 2749 1675 2785 per
1711 2749 1884 2773 amorem
1923 2737 2102 2785 contingit
2137 2750 2217 2774 rem
2250 2738 2498 2786 temporalem

1446 2789 1551 2839 quasi
1579 2790 1717 2826 finem:
1748 2797 1784 2826 et
1810 2802 1879 2838 per
1906 2790 1980 2827 hoc
2016 2790 2175 2827 totaliter
2211 2789 2412 2839 impeditur
2443 2790 2497 2826 in-

1444 2844 1568 2880 fluxus
1597 2841 1808 2892 splendoris
1827 2843 1979 2890 gratiae,
2000 2843 2064 2891 qui
2083 2842 2259 2892 provenit
2282 2843 2320 2879 in
2341 2855 2405 2879 eos
2431 2842 2496 2891 qui

1445 2898 1529 2933 Deo
1559 2896 1763 2932 adhaerent
1790 2903 1832 2932 ut
1858 2896 1992 2933 ultimo
2011 2896 2077 2933 fini
2101 2908 2168 2944 per
2187 2895 2390 2932 caritatem.
2421 2895 2498 2934 Sed

1445 2949 1482 2986 in
1511 2957 1668 2997 peccato
1687 2948 1827 2986 veniali
1847 2961 1925 2986 non
1954 2949 2131 2986 adhaeret
2157 2949 2276 2985 homo
2306 2956 2497 2986 creaturae

1444 3010 1624 3051 tanquam
1653 3001 1721 3038 fini
1747 3001 1891 3039 ultimo.
1921 3001 2030 3039 Unde
2059 3014 2136 3039 non
2165 3009 2220 3038 est
2246 3000 2379 3039 simile.

1496 3133 1523 3167 γ)
1542 3133 1621 3158 enim.
1639 3146 1657 3152 -
1675 3136 1761 3157 autem
1781 3132 1828 3157 Pa.
