2840 4010
323 147 394 183 150
1018 144 1284 192 QUAESTIO
1313 144 1401 190 XC,
1430 143 1726 180 ARTICULUS
1755 145 1787 180 II

308 224 365 261 'de
393 225 451 262 his
479 238 576 274 quae
605 234 691 262 sunt
720 226 768 262 ad
796 226 927 262 finem.
958 224 1034 260 Sed
1058 223 1233 259 voluntas
1254 221 1301 258 de
1320 221 1378 258 his

1433 221 1507 257 hoc
1521 221 1639 258 modo
1655 221 1867 269 intelligitur
1876 223 1981 270 quod
1994 225 2171 261 voluntas
2185 224 2362 284 principis
2377 224 2493 261 habet

318 290 414 326 quae
434 278 679 327 imperantur,
701 279 750 315 ad
769 279 843 314 hoc
862 276 966 325 quod
990 275 1080 323 legis
1108 275 1294 311 rationem
1314 275 1380 311 ha·
1432 274 1605 333 vigorem
1635 273 1742 321 legis:
1773 273 1941 322 alioquin
1965 276 2141 313 voluntas
2165 276 2343 326 principis
2371 276 2491 325 magis

317 331 414 378 beat,
446 339 594 380 oportet
615 331 718 380 quod
738 331 783 367 sit
807 330 932 377 aliqua
959 328 1103 389 ratione
1133 328 1310 375 regulata.
1332 327 1381 364 Et
1433 334 1532 363 esset
1555 326 1730 375 iniquitas
1755 338 1871 375 quam
1900 327 1970 364 lex.

990 432 1322 465 Commentaria
1344 431 1594 464 Gardjnalis
1615 431 1815 464 Caietam

347 535 368 554 N
396 523 601 563 responsione
629 522 668 551 ad
701 521 876 551 secundum
907 519 1001 560 primi
1027 519 1152 550 *articuli
1182 518 1375 559 quaestionis

320 537 580 607 Inonagesimae,
605 572 681 595 nota
704 565 946 605 proportionem
962 563 1042 594 inter
1061 563 1283 604 syllogismum
1307 572 1375 603 spe-

318 611 490 642 culativum
511 617 541 640 et
564 609 753 650 practicum:
777 608 866 658 quod
888 608 941 638 ille
964 614 1051 638 totus
1073 607 1106 637 in
1130 607 1289 638 intellectu
1314 613 1374 643 est;

316 656 372 686 iste
392 661 498 685 autem
521 654 553 683 in
576 653 735 683 intellectu
751 652 914 693 principia,
931 661 1013 692 quae
1037 658 1111 682 sunt
1133 652 1227 692 leges,
1249 651 1377 681 conclu-

317 698 440 729 sionem
463 703 570 728 autem
593 696 625 727 in
654 696 838 738 operatione
866 696 969 728 habet.
993 695 1092 740 Quod
1116 696 1154 726 de
1182 694 1320 735 practico
1343 695 1376 724 in

77 746 142 774 ·.Qu
149 753 177 768 ιν
179 750 258 773 ¹1¹‚·⁸rt
265 751 289 773 5
316 749 387 773 actu
411 741 537 782 practici
561 741 695 771 exercito
719 740 912 782 intelligitur,
933 747 969 771 ut
983 749 1020 771 ex
1039 733 1255 780 supradictis*
1274 745 1374 779 patet:

78 763 212 821 ffimmentf
224 779 288 794 ⁰⁰¹⁰·
314 786 347 816 in
370 792 442 816 actu
466 785 624 826 siquidem
646 784 844 825 cognitionis,
865 785 959 816 habet
974 794 1066 815 suam
1088 783 1278 823 singularem
1302 792 1376 812 con-

316 830 505 866 elusionem,
528 829 608 860 sicut
631 835 661 860 et
686 829 897 869 speculativus
919 829 1105 859 intellectus.
1131 828 1264 867 Propter
1287 826 1376 867 quod

315 873 436 910 electio,
457 883 538 914 quae
562 880 608 904 est
630 873 802 905 voluntatis
818 879 915 910 actus,
933 872 1096 904 conclusio
1113 871 1226 902 dicitur
1242 870 1375 901 consilii.

1486 519 1523 549 II.
1554 516 1825 559 In'responsione
1855 520 1894 550 ad
1923 519 2050 550 tertium
2080 519 2224 550 eiusdem
2251 521 2389 559 articuli,
2417 515 2503 555 nota

1430 563 1519 603 quod
1542 563 1718 594 intellectus
1743 573 1834 604 opus,
1860 564 1898 594 ad
1922 563 1983 595 hoc
2002 564 2090 605 quod
2112 564 2162 594 lex
2185 564 2234 601 sit,
2259 565 2327 596 sola
2349 566 2493 598 motione

1430 607 1602 637 voluntatis
1626 614 1704 647 eget.
1729 608 1910 639 Voluntatis
1934 615 2041 639 autem
2064 618 2161 648 opus,
2186 609 2225 638 ad
2247 608 2310 640 hoc
2333 610 2423 650 quod
2444 610 2494 642 lex

1431 651 1486 687 sit,
1511 658 1581 690 eget
1607 657 1638 681 et
1667 652 1810 690 motione
1833 659 1864 683 et
1893 652 2089 693 regulatione
2120 652 2317 684 intellectus:
2349 653 2494 686 motione

1431 694 1577 735 quidem,
1602 694 1678 735 quia
1706 695 1853 726 voluntas
1877 706 1943 727 non
1973 703 2120 728 movetur
2146 697 2206 727 nisi
2230 707 2248 727 a
2271 697 2416 737 cognito;
2445 708 2493 729 re-

1431 738 1592 778 gulatione
1623 745 1746 775 autem,
1777 740 1852 780 quia
1883 741 2031 772 voluntas
2061 741 2228 781 irregulata
2259 748 2304 772 est
2333 741 2492 782 iniquitas.

1430 782 1472 856 fit
1502 789 1548 812 est
1575 792 1680 813 sermo
1711 783 1750 813 de
1776 783 1940 815 voluntate
1968 792 2085 816 creata:
2116 785 2223 816 divina
2254 785 2339 816 enirn
2369 792 2415 816 est
2444 786 2495 817 lex

1443 836 1548 867 egum.

1085 1043 1401 1085 ARTICULUS
1432 1043 1730 1086 SECUNDUS

788 1146 944 1177 UTRUM
968 1146 1052 1176 LEX
1076 1146 1332 1176 ORDINETUR
1355 1145 1523 1176 SEMPER
1546 1146 1604 1176 AD
1628 1145 1781 1176 BONUM
1805 1145 2023 1177 COMMUNE

637 1235 712 1265 Infra,
732 1242 775 1267 qu.
794 1241 852 1265 xcv,
871 1239 918 1258 art.
931 1241 962 1265 4;
982 1241 1027 1266 qu.
1046 1241 1112 1263 xcw,
1132 1238 1180 1258 art.
1199 1240 1225 1263 ις
1246 1233 1277 1258 111
1297 1233 1380 1263 Sent„
1401 1233 1459 1258 dist.
1477 1241 1570 1263 xxxvu,
1589 1239 1635 1259 art.
1656 1241 1679 1264 2,
1699 1235 1745 1266 qu·
1763 1241 1785 1264 2,
1806 1234 1837 1258 ad
1857 1232 1885 1264 5;
1904 1234 1928 1258 V
1948 1234 2046 1263 Ethic„
2067 1235 2126 1260 lect.
2140 1242 2169 1260 n.

525 1335 547 1360 D
563 1335 753 1360 SECUNDUM
769 1335 821 1359 sm
836 1334 1076 1359 paocamrua.
1097 1321 1256 1359 Videtur
1270 1321 1376 1370 quod

468 1375 583 1424 &lex
620 1389 699 1413 non
735 1375 932 1413 ordinetur
968 1387 1120 1424 semper
1152 1374 1202 1411 ad
1230 1375 1376 1411 bonum

444 1366 733 1500 g{scommune
771 1429 866 1466 sicut
902 1428 951 1466 ad
987 1429 1119 1466 finem.
1157 1427 1220 1464 Ad
1252 1427 1376 1474 legem

417 1520 432 1524 ,
504 1482 628 1519 enirn
657 1482 819 1531 pertinet
846 1481 1066 1531 praecipere
1096 1488 1131 1517 et
1157 1480 1374 1529 prohibere.

315 1534 392 1571 Sed
403 1499 614 1584 praecepta
642 1534 865 1572 ordinantur
890 1535 938 1572 ad
958 1535 1148 1583 quaedam
1177 1533 1378 1582 singularia

315 1588 428 1624 bona.
458 1587 550 1625 Non
588 1601 677 1636 ergo
707 1600 859 1637 semper
894 1588 981 1625 finis
1008 1587 1100 1635 legis
1138 1594 1193 1624 est
1229 1588 1378 1624 bonum

315 1652 532 1692 commune.

368 1705 403 1730 2.
421 1694 654 1739 PRAETEREA‚
673 1694 733 1730 lex
753 1693 875 1741 dirigit
893 1693 1092 1730 hominem
1108 1693 1158 1730 ad
1173 1692 1376 1740 agendum.

315 1746 391 1783 Sed
411 1755 516 1783 actus
542 1746 700 1784 humani
727 1754 814 1783 sunt
833 1747 871 1783 in
890 1745 1190 1796 particularibus.
1220 1747 1323 1793 Ergo
1344 1752 1380 1782 et

313 1800 371 1836 lex
400 1800 448 1836 ad
477 1800 634 1848 aliquod
661 1800 885 1849 particulare
915 1800 1061 1836 bonum
1091 1799 1298 1836 ordinatur.

369 1854 403 1889 3.
424 1853 658 1901 PRAETEREA‚
680 1853 845 1890 Isidorus
870 1852 969 1900 dicit,
989 1852 1027 1889 in
1045 1853 1141 1889 libro
1161 1851 1377 1900 Etymol.*:

313 1905 356 1942 Si
381 1907 526 1943 ratione
544 1907 608 1943 lex
627 1912 786 1952 constaty
806 1906 868 1942 lex
887 1906 959 1943 erit
975 1918 1086 1943 omne
1115 1906 1216 1954 quod
1233 1905 1379 1942 ratione

314 1959 524 1996 constiterit.
556 1960 633 1996 Sed
662 1960 805 1996 ratione
831 1959 999 1996 consistit
1027 1971 1106 1996 non
1125 1959 1252 1995 solum
1273 1959 1379 2006 quod

315 2011 508 2049 ordinatur
536 2013 585 2050 ad
613 2013 759 2049 bonurn
789 2024 1008 2060 commune,
1038 2012 1106 2049 sed
1135 2011 1248 2048 etiam
1273 2011 1379 2059 quod

175 2079 192 2095 α
315 2065 510 2102 ordinatur
542 2066 591 2103 ad
620 2066 765 2103 bonum
803 2065 994 2115 privatum
1022 2070 1049 2102 α.
1080 2066 1182 2114 Ergo
1211 2065 1271 2101 lex
1299 2077 1378 2102 non

316 2118 511 2155 ordinatur
539 2119 664 2155 solum
694 2119 741 2155 ad
771 2119 915 2155 bonum
936 2130 1155 2165 commune,
1176 2118 1244 2155 sed
1265 2118 1378 2156 etiarn

316 2171 365 2208 ad
392 2172 539 2209 bonum
567 2172 757 2221 privatum
789 2171 912 2208 unius.

370 2225 444 2261 SED
474 2237 618 2262 CONTRA
642 2237 708 2262 EST
736 2225 842 2273 quod
865 2224 1031 2261 Isidorus
1050 2224 1149 2271 dicit,
1177 2223 1215 2260 in
1234 2224 1269 2261 V
1286 2224 1380 2272 Ety-

76 1856 83 1863 ·
94 1853 145 1874 Lib.
156 1853 184 1879 11,
200 1858 251 1880 cap.
261 1859 285 1879 x3

75 1880 115 1901 lib.
135 1879 163 1907 V,
179 1885 230 1907 cap.
251 1885 286 1901 nl.

77 2278 164 2330 ,215³-
178 2278 289 2332 gfff·
316 2277 403 2314 mol.
427 2278 457 2324 ²¹³,
487 2279 593 2327 quod
619 2279 678 2315 lex
708 2287 762 2315 est
790 2278 892 2315 nullo
915 2278 1067 2327 privato
1087 2277 1296 2323 commodo,
1315 2276 1382 2314 sed

76 2321 290 2384 ,Cgh-{1¹}ssffffiffgj
309 2342 385 2379 pro
413 2332 606 2368 communi
633 2331 786 2368 utilitate
813 2329 985 2368 civiumss
1014 2331 1235 2379 conscripta.

77 2384 197 2445 01‘·¹¹¹f‘¹5·
370 2385 594 2421 RESPONDEO
623 2396 807 2422 DICENDUM
831 2385 948 2434 quod,
977 2384 1073 2420 sicut
1101 2383 1244 2421 dictum
1274 2390 1330 2420 est
1346 2382 1378 2431 ²⁸,

79 2446 153 2468 'Am
169 2445 274 2474 praeced·
315 2437 375 2473 lex
393 2437 554 2486 pertinet
583 2438 631 2474 ad
659 2437 698 2475 id
726 2439 831 2486 quod
852 2445 907 2474 est
934 2436 1163 2486 principium
1190 2437 1380 2473 humano-

316 2502 402 2527 rum
431 2498 596 2538 actuum,
628 2503 671 2527 ex
697 2503 742 2528 eo
763 2491 867 2540 quod
897 2498 952 2527 est
980 2491 1107 2538 regula
1134 2497 1170 2526 et
1187 2501 1378 2527 mensura.

317 2543 423 2580 Sicut
446 2551 573 2581 autem
603 2543 695 2581 ratio
722 2552 777 2580 est
800 2543 1028 2592 principium
1059 2543 1319 2580 humanorum
1342 2554 1381 2579 a-

317 2604 460 2646 ctuum,
489 2596 539 2634 ita
560 2596 673 2634 etiam
701 2597 739 2634 in
766 2597 847 2646 ipsa
866 2597 1010 2634 ratione
1031 2604 1087 2633 est
1111 2595 1252 2644 aliquid
1275 2595 1380 2645 quod

176 2664 192 2690 γ
318 2657 373 2687 est
390 2650 619 2700 principium
644 2657 818 2699 respectu
837 2650 1009 2687 omnium
1031 2649 1192 2686 aliorum
1212 2654 1239 2686 Υ.
1269 2648 1380 2686 Unde

317 2703 366 2740 ad
402 2704 477 2740 hoc
515 2710 666 2753 oportet
702 2704 808 2751 quod
849 2702 1103 2752 principaliter
1141 2710 1177 2739 et
1213 2701 1379 2740 maxime

316 2755 501 2806 pertineat
519 2757 589 2794 lex.
601 2777 625 2784 -
641 2756 815 2793 Primum
835 2763 962 2793 autem
986 2755 1213 2804 principium
1231 2755 1271 2792 in
1290 2767 1381 2804 ope-

317 2809 456 2858 rativis‚
487 2822 651 2858 quorum
681 2817 737 2846 est
763 2809 858 2846 ratio
885 2809 1070 2858 practica,
1101 2816 1156 2846 est
1183 2808 1270 2846 finis
1298 2807 1381 2848 ulti-

317 2876 414 2900 mus.
445 2864 514 2900 Est
532 2871 661 2900 autem
689 2862 843 2900 ultimus
871 2862 956 2899 finis
984 2863 1177 2899 humanae
1205 2861 1306 2899 vitae
1329 2861 1381 2898 fe-

316 2916 433 2954 licitas
451 2917 515 2954 vel
534 2915 742 2964 beatitudo,
762 2924 804 2954 ut
822 2928 937 2965 supra
950 2915 969 2936 ²¹⁶
988 2915 1160 2952 habitum
1182 2923 1248 2952 est.
1269 2914 1380 2952 Unde

319 2977 467 3018 oportet
486 2969 592 3018 quod
606 2970 666 3006 lex
681 2969 844 3006 maxime
860 2968 1034 3018 respiciat
1049 2967 1223 3006 ordinem
1243 2968 1307 3016 qui
1327 2974 1382 3004 est

319 3022 356 3059 in
376 3021 661 3060 beatitudinem.
678 3044 701 3050 -
723 3023 882 3070 Rursus,
904 3034 992 3058 cum
1021 3021 1147 3058 omnis
1175 3033 1262 3070 pars
1282 3019 1382 3058 ordi-

319 3084 427 3113 netur
446 3076 495 3114 ad
522 3084 645 3114 totum
675 3077 769 3113 sicut
796 3075 1062 3125 imperfectum
1082 3074 1131 3112 ad
1150 3074 1381 3123 perfectum

319 3142 417 3166 unus
432 3137 559 3166 autem
574 3130 694 3166 homo
711 3137 766 3166 est
780 3141 868 3178 pars
882 3127 1162 3166 communitatis
1176 3127 1381 3177 perfectae.

320 3194 473 3219 necesse
496 3191 550 3220 est
569 3183 673 3232 quod
693 3183 752 3219 lex
771 3182 924 3232 proprie
945 3180 1119 3230 respiciat
1138 3179 1313 3218 ordinem
1334 3179 1382 3217 ad

320 3234 532 3272 felicitatem
559 3248 818 3273 communem.
854 3235 966 3272 Unde
993 3243 1029 3272 et
1048 3233 1317 3283 Philosophus,
1343 3233 1383 3270 in

80 2919 90 2930 '⁵
106 2919 152 2946 Qu.
168 2925 193 2946 u,
208 2922 250 2941 art.
264 2926 287 2947 73

80 2951 119 2973 qu.
128 2951 161 2972 111,
173 2949 214 2967 art.
223 2952 239 2972 ¹3
251 2952 289 2974 qu.

80 2978 143 2999 uix,
158 2975 199 2994 art.
215 2978 231 2994 ι.

374 3349 400 3380 α)
425 3349 519 3373 bonum
539 3349 685 3380 privatum.
704 3350 876 3382 -privatum
901 3350 995 3374 bonum
1023 3350 1100 3374 unius
1124 3349 1179 3378 Pa;
1202 3349 1249 3373 lex
1274 3356 1381 3373 non...

320 3384 397 3409 unius
415 3391 469 3408 om.
490 3384 518 3407 Ρ.

374 3417 398 3451 β)
418 3419 523 3444 civium.
541 3432 560 3438 -
578 3419 639 3444 Om.
660 3419 689 3448 Κ,
709 3420 825 3445 omnium
846 3420 930 3445 ceteri.

2522 1324 2532 1334 ·
2557 1323 2593 1347 Cf.
2614 1330 2662 1353 arg.
2687 1324 2738 1348 Sed

1429 1321 1639 1370 praemissa
1663 1321 1883 1358 definitione
1902 1321 2080 1369 legalium
2099 1321 2130 1368 ³¹²,
2159 1322 2395 1359 mentionem
2410 1323 2496 1361 facit
2523 1352 2615 1373 contra

1432 1382 1468 1411 et
1487 1374 1534 1412 de
1554 1374 1726 1411 felicitate
1748 1381 1783 1410 et
1798 1374 2072 1411 communione
2087 1374 2248 1424 politica.
2266 1375 2366 1413 Dicit
2380 1375 2495 1424 enirn,

1431 1427 1469 1464 in
1487 1427 1523 1464 V
1535 1428 1656 1464 Ethic.
1673 1427 1705 1475 ²¹,
1728 1427 1833 1476 quod
1852 1427 1992 1478 legalia
2011 1428 2107 1465 iusta
2127 1428 2284 1465 dzczmus
2291 1430 2443 1477 factiva
2462 1434 2534 1467 et
2523 1435 2628 1484 ετξ-ι
2618 1451 2701 1487 ,ἔφη
2649 1441 2738 1465 ma-

1431 1481 1690 1518 conservativa
1712 1480 1906 1528 felicitatis
1924 1486 1961 1518 et
1980 1479 2258 1529 particularum
2277 1482 2404 1532 ipsiu-v,
2425 1493 2495 1532 po-

1431 1533 1530 1571 litica
1549 1533 1907 1570 communicatione.-
1933 1534 2102 1582 perfecta
2120 1534 2222 1572 enim
2243 1536 2496 1574 communitas

1433 1586 1562 1624 civitas
1588 1595 1654 1634 est,
1683 1593 1724 1623 ut
1754 1586 1888 1623 dicitur
1914 1585 1954 1623 in
1978 1587 1991 1623 I
2011 1587 2118 1624 Poli.t
2138 1586 2164 1609 *

1486 1641 1529 1676 In
1558 1639 1727 1688 quolibet
1754 1647 1883 1676 autem
1902 1651 2040 1687 genere
2063 1639 2103 1677 id
2126 1640 2232 1690 quod
2253 1629 2421 1680 maxime
2442 1643 2496 1680 di-

1433 1693 1538 1739 citur,
1567 1701 1622 1729 est
1640 1692 1867 1741 principium
1897 1692 2071 1741 aliorum,
2099 1701 2135 1730 et
2153 1693 2225 1730 alia
2245 1693 2420 1745 dicuntur
2437 1708 2497 1733 se-

1434 1746 1603 1783 cundum
1633 1746 1806 1783 ordinem
1835 1745 1884 1782 ad
1912 1745 2056 1795 ipsum:
2086 1745 2180 1783 sicut
2208 1746 2319 1795 ignis,
2348 1748 2414 1796 qui
2443 1756 2498 1786 est

1433 1798 1598 1836 maxime
1620 1798 1774 1846 calidus,
1792 1806 1847 1835 est
1866 1811 1981 1835 causa
2000 1798 2222 1836 caliditatis
2213 1812 2252 1837 m
2272 1801 2497 1860 corporibus

1433 1852 1578 1899 mixtis,
1608 1864 1706 1911 quae
1739 1852 1926 1889 intantum
1960 1851 2136 1889 dicuntur
2169 1852 2307 1902 calida,
2339 1854 2498 1904 inquan-

1433 1912 1514 1942 tum
1534 1904 1756 1954 participant
1777 1905 1851 1942 de
1843 1917 1939 1952 igne.
1960 1904 2071 1942 Unde
2096 1913 2248 1954 oportet
2271 1907 2386 1956 quod,
2408 1919 2496 1946 cum

1433 1959 1491 1995 lex
1524 1958 1690 1995 maxime
1720 1958 1864 1995 dicatur
1897 1957 2108 1996 secundum
2137 1958 2312 1996 ordinem
2346 1959 2397 1998 ad
2429 1961 2497 1998 bo-

1433 2024 1526 2048 num
1555 2023 1776 2059 commune,
1811 2011 2084 2061 quodcumque
2113 2010 2216 2049 aliud
2247 2020 2497 2062 praeceptum

1434 2064 1480 2102 de
1509 2064 1724 2113 particulari
1758 2076 1872 2113 opere
1909 2076 1988 2102 non
2019 2064 2160 2101 habeat
2192 2064 2378 2103 rationem
2406 2065 2498 2115 legis

1433 2118 1502 2154 nisi
1539 2118 1750 2154 secundum
1788 2117 1963 2155 ordinem
2001 2117 2051 2154 ad
2087 2118 2235 2154 bonum
2273 2130 2495 2158 commune.

1434 2172 1483 2208 Et
1519 2170 1606 2208 ideo
1645 2171 1770 2208 omnis
1802 2171 1861 2207 lex
1895 2171 1942 2207 ad
1976 2171 2122 2207 bonum
2157 2183 2364 2209 commune
2398 2163 2497 2211 ordi-'

1433 2231 1554 2262 natur.

1486 2278 1545 2314 AD
1582 2288 1719 2313 pannum
1756 2287 1854 2312 ERGO
1893 2288 2076 2314 DicaNnuM
2111 2277 2216 2326 quod
2249 2285 2498 2328 praeceptum

1433 2330 1611 2379 importat
1639 2329 1933 2378 applicationem
1952 2329 2042 2377 legis
2069 2329 2119 2367 ad
2139 2342 2184 2367 ea
2212 2342 2311 2379 quae
2341 2343 2388 2368 ex
2414 2331 2496 2381 lege

1433 2383 1659 2432 regulantur.
1701 2382 1808 2419 Ordo
1847 2390 1973 2420 autem
2008 2382 2058 2419 ad
2091 2383 2238 2421 bonum
2267 2396 2496 2433 commune,

1434 2436 1500 2485 qui
1527 2435 1689 2486 pertinet
1716 2435 1766 2472 ad
1794 2436 1928 2483 legem,
1959 2443 2014 2472 est
2043 2435 2277 2484 applicabilis
2294 2436 2351 2474 'ad
2371 2437 2498 2486 singu-

1433 2491 1530 2527 lares
1559 2489 1666 2526 fines.
1697 2489 1746 2524 Et
1774 2488 1986 2525 secundum
2014 2489 2100 2536 hoc,
2132 2489 2244 2526 etiarn
2269 2490 2315 2527 de
2334 2490 2498 2539 particu-
2537 2502 2540 2506 ·

1432 2542 1572 2580 laribus
1601 2541 1831 2590 quibusdam
1859 2548 2062 2590 praecepta
2091 2541 2238 2579 dantus.

1486 2597 1545 2633 AD
1561 2606 1750 2632 SECUNDUM
1766 2606 1949 2632 mcENDtJM
1964 2595 2069 2643 quod
2084 2594 2324 2644 operationes
2339 2595 2497 2644 quidem

1434 2656 1520 2686 sunt
1547 2648 1584 2685 in
1603 2647 1912 2697 particularibus:
1943 2647 2010 2684 sed
2029 2647 2091 2684 illa
2109 2646 2348 2697 particularia
2368 2649 2497 2686 referri

1433 2708 1594 2751 possunt
1614 2702 1661 2738 ad
1686 2701 1832 2737 bonum
1862 2712 2079 2747 commune,
2110 2713 2188 2738 non
2216 2701 2372 2750 quidem
2394 2713 2499 2739 com·

1435 2754 1618 2792 munitate
1649 2754 1797 2801 generis
1829 2754 1892 2791 vel
1921 2753 2079 2802 speciei,
2118 2755 2184 2792 sed
2224 2754 2496 2792 communitate

1436 2820 1572 2846 causae
1591 2807 1726 2854 finalis,
1754 2806 1964 2844 secundum
1985 2806 2092 2854 quod
2117 2806 2264 2844 bonum
2290 2819 2498 2846 commune

1437 2861 1570 2899 dicitur
1597 2859 1685 2897 finis
1714 2859 1942 2896 communis.

1488 2916 1547 2951 AD
1575 2925 1734 2950 TERTIUM
1763 2923 1947 2950 omninum
1966 2912 2082 2960 quod,
2113 2912 2207 2949 sicut
2233 2912 2324 2950 nihil
2353 2919 2499 2951 constat

1437 2966 1596 3004 firmiter
1615 2966 1826 3003 secundum
1845 2965 2033 3002 rationem
2044 2965 2326 3024 speculativam
2344 2965 2415 3004 nisi
2429 2977 2500 3025 per

1438 3019 1710 3057 resolutionem
1729 3019 1778 3056 ad
1793 3017 1916 3068 prima
1933 3018 2118 3068 principia
2137 3016 2498 3078 indemonstrabilia,

1437 3073 1487 3111 ita
1514 3072 1673 3110 firmiter
1693 3071 1782 3109 nihil
1811 3079 1958 3109 constat
1982 3084 2051 3121 per
2079 3071 2267 3110 rationem
2289 3070 2498 3122 practicam
2525 3097 2528 3100 -

1437 3126 1508 3164 nisi
1526 3139 1596 3175 per
1615 3125 1896 3163 ordinationem
1916 3125 1965 3163 ad
1982 3125 2160 3162 ultimum
2188 3124 2325 3172 finem,
2354 3123 2419 3174 qui
2443 3130 2500 3163 est

1437 3180 1584 3216 bonum
1606 3190 1825 3216 commune.
1848 3177 1965 3226 Quod
1980 3186 2109 3215 autern
2124 3178 2198 3216 hoc
2217 3177 2337 3216 modo
2353 3174 2496 3215 ratione

1439 3240 1596 3280 constat,
1627 3231 1716 3281 legis
1745 3231 1929 3269 rationem
1958 3231 2084 3268 habet.

1490 3347 1516 3382 γ)
1533 3351 1652 3379 respectu
1665 3347 1782 3372 omnium
1795 3346 1949 3371 aliorum·
1930 3345 2076 3370 —omnium
2089 3344 2203 3370 alforum
2216 3343 2267 3375 EF,
2277 3349 2366 3368 rerum
2380 3342 2497 3367 omm'um

1437 3384 1551 3409 aliorum
1571 3385 1603 3409 K.

2836 724 2840 734 -
2835 642 2840 708 -h-
2832 378 2840 630 .-¹.-—,-.-—r-=—;.;-
2832 168 2840 367 -.-nffl--:.-‹
2835 138 2840 153 ,-
