2840 4010
122 578 131 588 ⁸
147 577 181 599 Ct'.
197 578 266 598 Levit.
282 584 330 605 cap.

121 610 152 624 xi.

366 135 438 169 242

363 210 582 251 peccatum:
599 203 667 239 sed
682 202 771 250 quia
787 202 1049 249 significabant
1065 200 1317 247 expiationem
1334 211 1422 247 pec-

364 263 534 291 catorum
563 255 727 292 futuram
756 267 824 302 per
853 253 1058 299 Christum,
1089 251 1194 288 cuius
1222 251 1423 300 participes

363 316 469 344 erant
497 308 608 344 etiam
642 307 800 354 antiqui,
826 312 1076 353 protestantes
1106 304 1223 341 fidem
1258 305 1423 342 Redem-

362 361 479 408 ptoris
506 360 545 396 in
572 359 701 406 figuris
730 358 1014 395 sacrificiorum.
1135 404 1138 407 Ι

414 415 448 448 Α
478 413 578 448 cultu
597 424 690 447 vero
721 410 892 446 exteriori
913 409 1218 458 impediebantur
1245 410 1422 448 homines

359 477 428 512 per
455 464 642 511 quasdam
662 462 922 499 immunditias
952 463 1189 511 corporales:
1215 475 1313 512 quae
1342 464 1423 513 qui-

362 518 448 553 dem
478 517 602 564 primo
632 515 967 552 considerabantur
995 515 1034 551 in
1061 515 1303 563 hominibus3
1333 529 1422 554 con-

360 576 560 617 sequenter
589 568 702 605 etiam
722 568 760 604 in
780 567 860 604 aliis
890 567 1118 607 animalibus
1132 568 1163 615 ²¹⁶,
1190 577 1226 605 et
1244 569 1283 606 in
1307 571 1420 607 vesti-

359 621 495 658 mentis
521 629 555 657 et
571 621 749 658 domibus
772 628 808 657 et
822 620 936 658 vasis.
958 622 1001 658 In
1024 621 1245 659 hominibus
1265 623 1421 671 quidem

358 674 598 710 immunditia
627 674 872 722 reputabatur
899 673 1038 722 partim
1073 674 1228 723 quidem
1258 687 1303 712 ex
1331 675 1421 724 ipsis

358 726 596 771 hominibus;
616 726 754 774 partim
783 734 912 763 autem
933 739 978 763 ex
998 734 1174 764 contactu
1203 727 1330 765 rerum
1350 729 1421 765 im-

358 780 601 816 mundarum.
631 780 688 816 Ex
717 779 806 828 ipsis
835 787 963 816 autem
1002 780 1222 817 hominibus
1253 781 1420 818 immun—

358 833 449 868 dum
470 833 716 881 reputabatur
744 844 858 869 omne
887 833 978 870 illud
1007 833 1111 881 quod
1136 834 1419 882 corruptionem

358 885 524 933 aliquam
552 885 629 922 iam
653 886 831 932 habebat,
851 887 912 922 vel
943 893 1021 922 erat
1041 886 1274 934 corruptioni
1303 899 1418 937 expo-

357 938 480 974 situm.
507 939 556 975 Et
574 938 673 985 ideo,
691 939 780 987 quia
800 951 904 975 mors
925 946 981 975 est
1001 940 1192 987 corruptio
1213 941 1418 988 quaedam,

357 991 520 1028 cadaver
547 991 713 1028 hominis
743 992 987 1039 reputabatur
1021 991 1278 1030 immundum.
1308 994 1420 1031 Simi-

358 1043 439 1080 liter
467 1044 592 1091 etiam,
623 1044 711 1092 quia
738 1045 843 1092 lepra
873 1056 916 1080 ex
938 1044 1180 1093 corruptione
1209 1046 1418 1084 humorum

357 1096 554 1144 contingit,
586 1097 650 1145 qui
684 1097 798 1133 etiam
832 1097 992 1133 exterius
1025 1105 1231 1145 erumpunt
1259 1106 1295 1134 et
1327 1100 1419 1137 alios

356 1149 537 1196 inficiunt,
557 1150 696 1198 leprosi
717 1149 828 1186 etiam
851 1150 1121 1198 reputabantur
1139 1150 1338 1188 immundi.
1361 1152 1420 1189 Si-

356 1202 491 1238 militer
516 1202 627 1238 etiam
647 1202 823 1238 mulieres
842 1202 1026 1250 patientes
1046 1203 1236 1250 sanguinis
1260 1204 1416 1253 fluxum,

356 1255 435 1292 sive
462 1267 531 1303 per
563 1254 840 1301 infirmitatem,
872 1254 951 1309 sive
987 1254 1100 1292 etiam
1137 1268 1206 1303 per
1243 1264 1417 1295 naturam

355 1309 416 1344 vel
435 1308 672 1356 temporibus
692 1307 894 1345 menstruis
913 1308 974 1344 vel
996 1307 1110 1344 etiam
1134 1316 1308 1357 tempore
1329 1322 1418 1348 con-

356 1361 548 1409 ceptionis.
571 1362 619 1397 Et
648 1361 782 1397 eadem
802 1361 948 1398 ratione
966 1361 1038 1397 viri
1058 1362 1329 1409 reputabantur
1347 1363 1417 1400 im-

356 1414 489 1451 mundi
507 1414 655 1450 fluxum
676 1414 830 1451 seminis
858 1414 1055 1462 patientes,
1085 1415 1147 1450 vel
1165 1426 1235 1463 per
1261 1415 1417 1453 infirmi—

355 1474 482 1513 tatem,
503 1468 565 1504 vel
585 1479 652 1515 per
679 1467 931 1515 pollutionem
951 1474 1190 1514 nocturnam,
1211 1469 1273 1504 vel
1302 1469 1415 1506 etiam

354 1532 423 1567 per
442 1520 596 1556 coitum.
619 1521 722 1556 Nam
743 1520 868 1556 omnis
886 1519 1092 1557 humiditas
1111 1520 1314 1568 praedictis
1333 1534 1416 1559 mo-

355 1573 411 1609 dis
440 1573 487 1609 ab
517 1573 673 1610 homine
703 1573 917 1620 egrediens,
948 1573 1144 1621 quandam
1173 1573 1416 1612 immundam

355 1625 596 1662 infectionem
625 1626 750 1662 habet.
772 1647 796 1653 -
818 1627 941 1662 Inerat
966 1626 1079 1662 etiam
1107 1626 1327 1665 hominibus
1347 1628 1415 1665 im-

356 1679 540 1715 munditia
577 1679 767 1726 quaedam
797 1691 842 1715 ex
880 1686 1055 1715 contactu
1084 1691 1415 1730 quarumcumque

355 1744 482 1768 rerum
511 1732 809 1768 immundarum.

408 1786 568 1821 Istarum
597 1793 726 1821 autern
764 1785 1091 1822 immunditiarum
1130 1784 1225 1822 ratio
1263 1794 1344 1823 erat
1381 1795 1417 1824 et

356 1837 540 1884 litteralis,
572 1846 609 1874 et
636 1838 814 1885 figuralis.
843 1838 1028 1875 Litteralis
1058 1837 1231 1887 quidem,
1260 1847 1417 1888 propter

355 1891 607 1928 reverentiam
629 1903 764 1927 eorum
785 1903 883 1939 quae
908 1891 956 1928 ad
977 1891 1149 1928 divinum
1171 1892 1313 1928 cultum
1332 1905 1416 1941 per-

353 1943 481 1980 tinent.
499 1945 603 1980 Tum
617 1944 707 1991 quia
721 1944 897 1980 homines
915 1945 1100 1992 pretiosas
1120 1957 1180 1980 res
1200 1945 1416 1993 contingere

354 2009 431 2033 non
461 1998 582 2034 solent
611 2009 698 2033 cum
720 1997 856 2033 fuerint
883 1997 1082 2035 immundi.
1109 1998 1212 2034 Tum
1243 1997 1356 2035 etiam
1375 2007 1416 2036 ut

355 2062 398 2086 ex
419 2062 503 2087 raro
533 2062 689 2087 accessu
708 2051 756 2087 ad
786 2062 904 2097 sacra,
928 2063 972 2087 ea
990 2052 1111 2098 magis
1129 2059 1414 2089 venerarentur.

355 2103 454 2139 Cum
485 2104 586 2140 enim
622 2115 756 2140 omnes
785 2103 1004 2141 huiusmodi
1041 2103 1302 2148 immunditias
1330 2117 1414 2142 raro

355 2156 488 2204 aliquis
518 2169 654 2193 cavere
674 2156 804 2204 possit,
832 2157 1073 2204 contingebat
1098 2157 1203 2205 quod
1231 2169 1317 2194 raro
1345 2170 1413 2206 po-

353 2216 472 2246 terant
491 2210 664 2246 homines
690 2211 872 2247 accedere
892 2210 942 2247 ad
961 2210 1223 2258 attingendum
1245 2222 1289 2247 ea
1318 2222 1415 2259 quae

353 2262 590 2310 pertinebant
628 2262 677 2299 ad
707 2262 879 2299 divinum
917 2264 1080 2300 cultum:
1111 2270 1147 2299 et
1174 2263 1227 2299 sic
1261 2263 1414 2312 quando

354 2315 597 2362 accedebant,
621 2328 708 2352 cum
738 2315 873 2351 maiori
902 2316 1114 2353 reverentia
1144 2323 1180 2352 et
1206 2316 1415 2353 humilitate

355 2368 491 2405 mentis
506 2369 751 2405 accedebant.
764 2389 788 2396 -
800 2369 892 2405 Erat
908 2376 1034 2405 autem
1050 2369 1087 2405 in
1103 2368 1333 2417 quibusdam
1347 2370 1416 2406 ho-

355 2433 440 2457 rum
460 2422 553 2458 ratio
574 2421 738 2458 litteralis
767 2429 807 2458 ut
830 2422 1005 2458 homines
1030 2434 1109 2458 non
1129 2421 1417 2460 reformidarent

355 2474 535 2511 accedere
565 2476 613 2512 ad
648 2474 819 2511 divinum
858 2475 1022 2521 cultum,
1052 2475 1159 2524 quasi
1189 2475 1416 2523 refugientes

355 2527 588 2564 consortium
621 2528 861 2576 leprosorum
892 2535 927 2564 et
950 2527 1130 2564 similium
1155 2527 1414 2576 infirmorum,

354 2591 518 2628 quorum
548 2581 705 2617 morbus
747 2580 1012 2617 abominabilis
1041 2588 1121 2617 erat
1150 2588 1187 2617 et
1224 2581 1415 2629 contagio-

354 2645 428 2669 sus.
446 2654 469 2661 -
486 2635 527 2670 In
547 2634 779 2682 quibusdam
801 2633 913 2670 etiam
934 2634 1029 2670 ratio
1051 2641 1129 2670 erat
1148 2633 1196 2670 ad
1216 2633 1416 2672 vitandum

353 2685 585 2723 idololatriae
615 2687 779 2723 cultum:
809 2686 900 2734 quia
928 2686 1082 2734 gentiles
1107 2686 1145 2723 in
1166 2686 1237 2723 ritu
1261 2699 1418 2724 suorum

354 2739 626 2776 sacrificiorum
651 2740 853 2776 utebantur
881 2740 1112 2788 quandoque
1133 2741 1304 2777 humano
1333 2753 1417 2777 san·

354 2792 464 2838 guine
495 2800 530 2829 et
559 2792 717 2829 semine.
739 2813 762 2820 -
784 2793 932 2830 Omnes
953 2801 1080 2831 autem
1109 2792 1330 2830 huiusmodi
1349 2793 1418 2830 im-

356 2845 562 2882 munditiae
597 2846 815 2894 corporales
843 2846 1142 2894 purificabantur
1171 2846 1233 2882 vel
1260 2858 1330 2894 per
1357 2858 1417 2883 so-

355 2898 431 2934 lam
452 2898 710 2947 aspersionem
731 2910 870 2946 aquae:
900 2900 962 2936 vel
982 2908 1080 2946 quae
1106 2898 1271 2935 maiores
1300 2906 1417 2946 erant,

355 2962 422 2997 per
450 2951 603 2999 aliquod
621 2949 855 3001 {sacrificium
876 2952 923 2989 ad
945 2951 1175 2999 expiandum
1200 2959 1416 3000 peccatum,

357 3015 400 3039 ex
428 3016 506 3050 quo
534 3005 626 3041 tales
654 3004 891 3041 infirmitates
921 3004 1199 3052 contingebant.

409 3057 520 3093 Ratio
557 3065 684 3094 autern
718 3057 885 3105 figuralis
923 3058 1060 3094 harum
1089 3057 1418 3095 immunditiarum

356 3108 423 3144 fuit
442 3110 530 3156 quia
548 3122 617 3157 per
636 3110 854 3155 huiusmodi
875 3110 1078 3147 exteriores
1097 3110 1356 3148 immunditias
1375 3111 1419 3147 fi-

357 3162 586 3207 gurabantur
615 3163 764 3200 diversa
783 3171 951 3211 peecata.
973 3164 1077 3200 Nam
1098 3163 1335 3200 immunditia
1359 3175 1419 3200 ca-

358 3213 504 3250 daveris
524 3215 797 3264 cuiuscumque
818 3216 1002 3263 significat
1029 3216 1311 3254 immunditiam
1330 3228 1419 3265 pec-

359 3266 447 3311 cati,
479 3268 581 3314 quod
612 3276 666 3304 est
694 3280 797 3305 mors
821 3269 985 3306 animae.
1017 3269 1261 3306 Immunditia
1289 3276 1419 3307 autem

358 3318 483 3368 leprae
512 3319 694 3366 significat
722 3321 1001 3358 immunditiam
1036 3321 1248 3358 haereticae
1284 3322 1419 3359 doctri-

412 3424 436 3455 0)
456 3427 558 3448 contra.
577 3437 594 3442 -
612 3424 683 3449 circa
703 3425 745 3450 Pa.

412 3459 440 3491 r.)
459 3459 520 3484 cito.
539 3472 556 3477 -
576 3459 636 3483 Om.
657 3460 700 3485 Pa.

1070 121 1335 168 QUAEsrlo
1366 121 1447 168 cn,
1477 122 1773 159 ARTICuLUs
1801 123 1836 158 v

1480 211 1575 236 nae:
1605 207 1686 236 tum
1715 200 1805 248 quia
1824 201 2012 239 haeretica
2032 203 2202 242 doctrina
2222 207 2442 254 contagiosa
2471 214 2536 253 est,

1480 252 1575 298 sicut
1595 261 1630 289 et
1649 254 1771 302 lepra;
1792 260 1874 290 tum
1895 253 2008 291 etiam
2028 255 2117 303 quia
2136 258 2238 294 nulla
2257 259 2349 296 falsa
2369 259 2538 296 doctrina
2559 265 2561 267 ’

1480 313 1535 342 est
1554 318 1652 354 quae
1672 318 1762 343 vera
1782 306 1882 343 falsis
1911 308 2227 356 non—admisceat,
2248 311 2344 348 sicut
2367 313 2480 349 etiam
2501 313 2537 349 in

1478 359 1678 406 superficie
1708 359 1876 407 corporis
1901 360 2039 408 leprosi
2060 369 2217 409 apparet
2244 364 2434 410 quaedam
2464 365 2536 402 dis-

1478 411 1606 448 tinctio
1637 412 1876 460 quarundam
1905 413 2141 450 macularum
2169 413 2217 450 ab
2246 415 2318 452 alia
2345 417 2466 454 carne'
2481 418 2535 454 in-

1476 471 1590 511 tegra.
1622 466 1694 501 Per
1721 465 1999 502 immunditiam
2029 477 2122 502 vero
2153 466 2321 503 mulieris
2349 470 2535 516 sanguini-

1477 517 1590 564 fluae,
1611 517 1828 565 designatur
1855 518 2097 555 immunditia
2116 518 2361 566 idololatriae,
2382 529 2537 570 propter

1477 569 1757 607 immolatitium
1796 583 1985 608 cruorem.
2014 572 2088 608 Per
2123 572 2406 610 immunditiam
2441 585 2536 611 vero

1476 622 1547 659 viri
1576 623 1792 670 seminiflui,
1819 624 2037 672 designatur
2063 624 2303 661 immunditia
2327 637 2451 662 vanae
2481 627 2535 663 lo-

1478 675 1656 712 cutionis:
1687 687 1734 712 eo
1763 676 1868 724 quod
1895 689 2020 714 semen
2050 683 2103 714 est
2128 678 2283 714 verbum
2312 679 2386 714 Dei
2403 678 2434 715 *.
2463 679 2537 716 Per

1476 728 1757 765 immunditiam
1786 740 1880 765 vero
1910 729 2046 777 coitus,
2076 737 2113 766 et
2140 730 2307 767 mulieris
2335 731 2534 779 parientis,

1477 781 1692 828 designatur
1720 781 1960 819 immunditia
1978 783 2122 831 peccati
2150 783 2350 831 originalis.
2373 784 2446 820 Per
2465 784 2534 821 im-

1475 834 1702 870 munditiam
1722 846 1815 870 vero
1845 835 2012 871 mulieris
2031 844 2298 884 menstruatae,
2320 836 2536 884 designatur

1475 887 1715 923 immunditia
1743 886 1879 923 mentis
1897 899 1966 935 per
1982 889 2198 937 voluptates
2219 890 2418 926 emollitae.
2446 890 2535 927 Uni-

1474 940 1668 976 versaliter
1699 951 1793 975 vero
1833 951 1903 987 per
1935 939 2217 978 immunditiam
2251 950 2446 979 contactus
2481 943 2535 980 rei

1474 992 1696 1029 immundae
1733 992 1949 1039 designatur
1984 992 2223 1032 immunditia
2257 1007 2464 1032 consensus
2496 996 2534 1032 in

1473 1053 1672 1093 peccatum
1693 1045 1860 1090 alterius;
1887 1046 2100 1082 secundum
2115 1046 2207 1084 illud
2224 1049 2255 1084 ΙΙ
2270 1049 2321 1085 ad
2339 1049 2426 1085 Cor.
2441 1060 2477 1085 vx
2492 1048 2532 1085 *z

1472 1098 1585 1134 Exite
1612 1099 1657 1134 de
1685 1098 1805 1134 medio
1830 1109 1962 1134 eorum
1986 1104 2023 1134 et
2046 1101 2286 1146 separamini,
2310 1107 2346 1137 et
2373 1102 2534 1138 immun-

1473 1151 1563 1187 dum
1591 1163 1638 1187 ne
1664 1151 1866 1200 tetigeritis.
2363 1186 2369 1195 ,

1526 1203 1758 1240 Huiusmodi
1785 1211 1912 1240 autem
1947 1202 2188 1240 immunditia
2215 1208 2408 1242 contactus
2438 1207 2533 1244 deri-

1472 1258 1634 1294 vabatur
1663 1257 1775 1293 etiam
1804 1256 1853 1293 ad
1874 1268 1933 1293 res
1951 1256 2199 1293 inanimatas:
2229 1257 2414 1307 quidquid
2433 1259 2534 1296 enim

1473 1322 1716 1358 quocumque
1745 1309 1864 1346 modo
1893 1310 2070 1357 tangebat
2096 1309 2340 1358 immundus,
2369 1310 2534 1348 immun-

1473 1363 1566 1400 dum
1595 1371 1685 1399 erat.
1722 1364 1764 1399 In
1793 1375 1870 1411 quo
1899 1363 1957 1399 lex
1985 1362 2194 1399 attenuavit
2229 1363 2537 1412 superstitionem·

1471 1416 1678 1463 gentilium,
1699 1415 1764 1463 qui
1780 1427 1859 1452 non
1875 1416 2000 1452 solum
2020 1427 2089 1464 per
2108 1423 2324 1453 contactum
2344 1416 2535 1454 immundi

1473 1469 1648 1506 dicebant
1682 1468 1962 1506 immunditiam
1997 1468 2190 1516 contrahi,
2219 1469 2287 1506 sed
2321 1470 2435 1506 etiam
2466 1481 2536 1518 per

1472 1522 1763 1558 collocutionem
1777 1529 1842 1558 aut
1855 1533 1925 1569 per
1942 1529 2156 1570 aspectum:
2173 1529 2214 1558 ut
2228 1522 2353 1559 Rabbi
2377 1523 2535 1571 Moyses

1472 1574 1560 1612 dicit
1578 1575 1597 1596 '³‘
1627 1574 1672 1612 de
1701 1574 1859 1611 muliere
1889 1581 2132 1611 menstruata.
2153 1595 2177 1613 -.
2201 1575 2276 1611 Per
2303 1575 2378 1612 hoc
2405 1583 2533 1613 autem

1471 1627 1628 1675 mystice
1658 1627 1939 1674 significabatur
1961 1627 1999 1664 id
2028 1628 2132 1675 quod
2162 1627 2296 1664 dicitur
2314 1629 2402 1676 Sap.
2417 1629 2532 1666 xtv*:

1470 1680 1647 1717 Similiter
1665 1681 1749 1717 odio
1776 1686 1865 1716 sunt
1888 1681 1971 1716 Deo
1995 1680 2131 1728 impius
2159 1686 2195 1716 et
2219 1681 2389 1729 impietas
2415 1682 2505 1718 eius.

1525 1734 1616 1770 Erat
1644 1741 1770 1770 autern
1801 1741 1836 1770 et
1869 1733 2110 1770 immunditia
2142 1733 2332 1782 quaedam
2365 1733 2534 1783 ipsarum

1471 1798 1597 1823 rerum
1627 1786 1920 1823 inanimatarum
1940 1786 2153 1823 secundum
2174 1798 2230 1823 se:
2252 1786 2347 1823 sicut
2365 1795 2446 1824 erat
2463 1787 2538 1824 im*

1471 1839 1656 1876 munditia
1680 1840 1806 1887 leprae
1828 1839 1866 1875 in
1891 1838 2010 1876 domo
2036 1847 2072 1876 et
2095 1839 2133 1876 in
2152 1839 2400 1877 vestimentis.
2429 1839 2536 1877 Sicut

1471 1892 1574 1929 enim
1603 1893 1761 1928 morbus
1785 1892 1912 1940 leprae
1931 1891 2067 1929 accidit
2094 1892 2132 1929 in
2160 1892 2381 1930 hominibus
2401 1905 2447 1929 ex
2463 1893 2534 1930 hu—

1471 1958 1579 1982 more
1610 1953 1787 1994 corrupto
1817 1945 2088 1994 putrefaciente
2117 1957 2270 1982 carnem
2301 1953 2338 1982 et
2364 1957 2535 1983 corrum-

1470 2006 1596 2047 pente,
1621 1998 1670 2034 ita
1700 1998 1814 2034 etiam
1834 2005 1989 2047 propter
2008 1997 2175 2047 aliquam
2197 1999 2481 2047 corruptionem
2499 2006 2537 2036 et

1471 2063 1667 2088 excessum
1687 2051 1920 2088 humiditatis
1939 2051 2002 2088 vel
2029 2051 2212 2098 siccitatis,
2242 2051 2285 2088 fit
2303 2051 2537 2100 quandoque

1470 2104 1595 2152 aliqua
1625 2104 1792 2140 corrosio
1822 2104 1860 2140 in
1887 2103 2075 2152 lapidibus
2104 2104 2255 2152 domus,
2275 2105 2338 2142 vel
2363 2104 2478 2142 etiam
2495 2104 2537 2142 in

1469 2157 1708 2195 vestimento.
1741 2158 1790 2193 Et
1817 2156 1904 2194 ideo
1933 2158 2032 2194 hanc
2061 2157 2345 2206 corruptionem
2369 2158 2538 2199 vocabat

1469 2211 1529 2246 lex
1556 2211 1721 2258 lepram,
1752 2222 1798 2246 ex
1826 2222 1902 2259 qua
1931 2210 2071 2247 domus
2098 2211 2161 2248 vel
2189 2210 2307 2248 vestis
2334 2211 2538 2248 immunda

1468 2262 1706 2300 iudicaretur.
1724 2264 1827 2299 Tum
1847 2263 1935 2312 quia
1950 2263 2076 2300 omnis
2096 2263 2288 2312 corruptio
2303 2265 2351 2302 ad
2370 2264 2536 2301 immun-

1470 2315 1600 2353 ditiam
1620 2316 1844 2364 pertinebat,
1868 2323 1910 2352 ut
1930 2316 2073 2353 dictum
2094 2323 2165 2353 est..
2181 2317 2286 2353 Tum
2311 2317 2426 2354 etiam
2447 2316 2536 2366 quia

1470 2376 1600 2406 contra
1628 2375 1641 2389 ⁰
1675 2368 1894 2406 huiusmodi
1927 2369 2211 2417 corruptionem
2251 2369 2406 2417 gentiles
2441 2369 2537 2406 deos

1471 2423 1632 2459 Penates
1653 2422 1845 2458 colebant:
1867 2429 1903 2458 et
1922 2421 2010 2458 ideo
2030 2422 2088 2458 lex
2102 2422 2295 2471 praecepit
2312 2421 2535 2459 huiusmodi

1471 2475 1622 2520 domus,
1652 2475 1691 2511 in
1719 2475 1858 2523 quibus
1887 2475 1998 2512 fuerit
2025 2474 2108 2512 talis
2136 2475 2327 2523 corruptio
2355 2487 2536 2523 perseve-

1471 2540 1568 2574 rans,
1591 2528 1742 2574 destrui,
1764 2535 1801 2565 et
1814 2535 1940 2565 vestes
1961 2528 2146 2575 comburi,
2163 2529 2211 2566 ad
2225 2528 2433 2565 tollendam
2452 2527 2535 2565 ido-

1471 2580 1638 2617 lolatriae
1671 2581 1926 2618 occasionem.
1955 2601 1979 2608 -
2008 2582 2101 2618 Erat
2132 2581 2246 2618 etiam
2276 2589 2313 2617 et
2341 2582 2532 2629 quaedam

1472 2633 1711 2670 immunditia
1730 2646 1927 2680 vasorum,
1959 2634 2007 2670 de
2026 2645 2103 2682 qua
2123 2622 2258 2671 dicitur
2274 2634 2395 2671 Num.
2416 2645 2478 2670 xxx
2494 2633 2532 2670 *ε

1479 2688 1552 2724 Vas
1585 2687 1686 2734 quod
1717 2699 1791 2724 non
1823 2687 1995 2724 hahuerit
2027 2687 2291 2735 cooperculum
2325 2693 2360 2723 et
2394 2687 2532 2737 ligatu·

1473 2751 1557 2776 ram
1581 2740 1750 2787 desuper,
1776 2740 2011 2777 immundum
2031 2740 2111 2776 erit.
2134 2739 2252 2776 Cuius
2271 2739 2534 2777 immunditiae

1474 2805 1587 2829 causa
1618 2800 1671 2829 est
1700 2792 1788 2841 quia
1811 2793 1849 2829 in
1868 2792 1956 2830 talia
1983 2805 2077 2830 vasa
2106 2793 2154 2830 de
2181 2792 2280 2830 facili
2304 2800 2452 2841 poterat
2470 2792 2535 2830 ali-

1473 2845 1565 2894 quid
1593 2845 1838 2882 immundum
1868 2846 2016 2892 cadere,
2046 2846 2149 2883 unde
2173 2853 2350 2895 poterant
2368 2846 2535 2883 immun·

1473 2898 1564 2935 dari.
1586 2899 1678 2935 Erat
1702 2898 1814 2934 etiam
1833 2899 1909 2935 hoc
1928 2906 2177 2947 praeceptum
2198 2899 2247 2936 ad
2267 2899 2534 2936 declinandam

1472 2950 1742 2988 idololatriam:
1782 2951 1986 2988 credebant
2020 2951 2121 2989 enim
2158 2951 2378 2989 idololatrae
2410 2951 2533 3001 quod,

1473 3004 1503 3040 si
1538 3016 1667 3040 mures
1705 3011 1770 3040 aut
1801 3004 1983 3050 lacertae,
2021 3005 2083 3042 vel
2117 3004 2257 3053 aliquid
2291 3004 2532 3052 huiusmodi,

1474 3068 1571 3105 quae
1600 3056 1852 3093 immolabant
1879 3057 2003 3104 idolis,
2035 3057 2107 3095 cito
2127 3063 2146 3079 π
2170 3058 2349 3095 caderent
2375 3058 2534 3095 invasa

1473 3110 1535 3147 vel
1563 3110 1600 3146 in
1630 3121 1766 3158 aquas,
1801 3110 1906 3158 quod
1935 3118 2060 3148 essent
2092 3110 2160 3148 diis
2193 3110 2367 3159 gratiosa.
2395 3110 2533 3148 Adhuc

1475 3162 1588 3199 etiam
1617 3162 1764 3210 aliquae
1794 3163 2038 3200 mulierculae
2065 3175 2159 3201 vasa
2187 3163 2377 3201 dimittunt
2412 3162 2534 3200 diseo-

1474 3224 1606 3264 operta
1621 3215 1658 3252 in
1672 3216 1900 3265 obsequium
1917 3223 2191 3254 nocturnorum
2207 3216 2421 3263 numinum,
2433 3225 2532 3264 quae

1474 3270 1584 3306 lanas
1603 3274 1616 3297 ‘²
1644 3277 1797 3306 vocant.

1528 3322 1675 3358 Harum
1708 3329 1836 3358 autem
1870 3322 2196 3359 immunditiarum
2231 3321 2326 3358 ratio
2355 3327 2411 3356 est
2437 3319 2532 3367 figu-

1528 3428 1554 3462 ρ)
1577 3429 1664 3453 lanas.
1683 3441 1702 3446 —
1722 3435 1803 3452 ranas
1822 3426 2096 3459 ABCDEFGIKLpH;
2116 3434 2147 3451 an
2166 3433 2214 3458 pro
2234 3424 2360 3449 Dianas?

2564 689 2572 697 ·
2588 687 2643 709 Luc.
2659 694 2709 716 cap.
2726 695 2774 716 vm,

2563 720 2623 736 vers.
2638 720 2660 735 n.

2563 1058 2570 1065 ”
2586 1056 2654 1078 Vero.
2669 1062 2698 1084 ¹7.

2562 1637 2571 1644 ·
2578 1635 2646 1657 Doct-
2717 1636 2763 1658 Iex.

2561 1665 2621 1689 part.
2629 1661 2670 1690 m,
2677 1653 2772 1684 car-vus
2782 1682 2789 1689 ,

2559 1696 2572 1708 ’
2585 1695 2654 1718 Vm.
2669 1703 2694 1724 9.

2562 2640 2572 2650 ·
2587 2639 2654 2662 Ven.
2671 2645 2700 2669 ¹5·
