2840 4010
97 1497 104 1504 ·
120 1495 186 1516 Vcrs.
204 1501 226 1522 19
241 1500 292 1521 sqq.

97 1926 103 1933 “
126 1924 191 1945 Vers.
212 1930 232 1952 ¹3
253 1924 292 1950 (cf.

95 1957 155 1971 vers.
172 1957 190 1977 1,
205 1954 234 1977 4).

95 2401 103 2411 “
120 2400 185 2421 Vers.
200 2405 233 2428 ²3·

95 2506 104 2516 '¹
112 2505 212 2526 Interlin.
219 2509 240 2526 et
247 2505 303 2526 Ord.

96 2532 155 2558 Aug.

94 2666 101 2673 ·
118 2664 163 2690 Qu.
175 2670 249 2690 Lxxiv,
262 2667 302 2685 art.

93 2982 100 2988 '
117 2979 182 3001 Vers.
198 2981 228 3001 18.

91 3192 99 3199 ·
116 3190 181 3212 Vers.
200 3196 219 3218 3.

92 3244 100 3251 ·
121 3242 179 3273 Cap.
198 3249 250 3268 xuv,
273 3244 300 3265 al.

92 3275 179 3295 xvn;1n
189 3273 233 3291 vet.
240 3277 302 3291 xxxi.

337 202 382 236 14
1002 189 1265 236 QUAESTIO
1296 189 1452 233 LXXII,
1482 188 1775 224 ARTICULUS
1806 191 1837 225 Il

333 269 416 299 rium
439 269 601 300 voluntate
625 270 790 311 peccantis,
808 269 942 299 inferens
964 268 1051 308 quod
1075 265 1217 306 specifice
1242 264 1390 304 distingui
1445 265 1709 304 distinguerentur
1721 267 1898 296 secundum
1910 268 2121 300 obiecta.Hoc
2133 270 2217 300 enim
2229 277 2382 311 repugnat
2393 270 2503 301 nunc*

334 313 425 343 debet
449 314 624 343 secundum
649 313 833 343 differentias
857 311 1025 342 voluntarii
1050 319 1105 349 per
1128 319 1169 344 se,
1192 315 1222 339 et
1245 318 1310 338 non
1335 318 1390 337 vo·
1445 308 1543 344 dietis,
1566 308 1681 339 scilicet
1700 309 1788 349 quod
1805 309 1829 339 si
1853 310 2117 350 distinguerentur
2141 315 2317 344 secundum
2341 315 2502 355 oppositas

334 357 459 387 luntarii
483 367 539 396 per
562 357 718 393 accidens;
744 363 789 387 est
812 365 977 396 processus
1002 354 1142 393 optimus
1167 362 1183 381 a
1206 352 1392 391 simpliciter
1444 353 1583 388 virtutes,
1602 362 1666 382 non
1686 359 1793 392 posset
1816 351 2097 386 haberi'distinctio
2122 357 2265 396 specifica
2289 365 2501 398 peccatorum,

334 401 374 430 ad
404 401 607 440 simpliciter,
633 407 663 431 et
686 410 751 430 non
776 410 792 429 a
815 398 986 430 secundum
1016 397 1092 436 quid
1122 396 1161 425 ad
1193 396 1389 435 simpliciter.
1445 397 1499 426 sed
1522 396 1623 427 multa
1647 403 1773 436 peccata
1797 397 1941 428 distincta
1965 398 2068 437 specie
2087 407 2190 431 essent
2213 401 2354 431 eiusdem
2379 402 2501 442 speciei.

334 445 458 475 Fuisset
480 451 587 475 autem
611 455 629 474 a
650 444 822 474 secundum
847 442 922 482 quid
945 441 983 471 ad
1006 440 1202 480 simpliciter,
1227 440 1328 470 immo
1353 440 1391 469 ab
1498 441 1548 470 Ad
1565 441 1626 470 hoc
1643 440 1755 471 dicitur
1770 441 1859 480 quod
1879 441 2012 471 intentio
2032 443 2180 473 Auctoris
2199 451 2245 475 est
2265 445 2353 485 quod
2369 446 2402 476 in
2418 445 2503 476 idem

334 488 492 518 accidente
517 488 555 518 ad
578 487 800 522 substantiam,
828 495 955 525 arguere
979 485 1017 513 ab
1040 483 1284 514 inordinatione.
1302 484 1391 521 Quo·
1445 484 1558 514 rediret
1580 485 1687 524 quoad
1710 485 1781 521 hoc,
1799 485 1887 525 quod
1912 485 2176 524 distinguerentur
2195 497 2250 526 per
2274 489 2405 526 obiecta,
2428 490 2503 530 quia

334 532 421 562 niam
436 532 489 561 illa
513 538 558 561 est
572 538 737 571 peccatum
761 530 951 568 inquantum
967 527 1159 558 voluntaria:
1182 534 1212 558 et
1235 527 1310 568 quia
1325 537 1391 558 non
1445 528 1575 558 virtutes
1595 528 1832 568 distinguuntur
1848 539 1903 568 per
1919 529 2049 559 obiecta.
2075 529 2136 559 Sed
2156 539 2221 560 non
2240 531 2272 560 in
2288 531 2372 562 idem
2391 533 2504 564 rediret

335 582 380 606 est
403 575 578 606 voluntaria
594 575 653 604 nisi
677 584 732 613 per
756 573 907 608 accidens,
925 582 990 602 non
1010 578 1056 602 est
1079 578 1243 612 peccatum
1260 572 1318 605 nisi
1337 581 1392 611 per
1445 572 1552 612 quoad
1576 572 1650 608 hoc,
1675 573 1763 612 quod
1786 573 1974 603 haberentur
1995 573 2170 603 distinctiva
2192 570 2320 614 propria
2342 586 2443 617 usque
2464 577 2503 606 ad

335 619 493 655 accidens;
519 628 574 658 per
602 624 708 647 actum
732 616 848 646 scilicet
876 615 1078 652 contrarium,
1103 625 1201 656 quem
1225 615 1392 646 comitatur
1445 615 1563 655 species
1587 616 1825 655 specialissimas
1841 617 1991 647 vitiorum
2015 624 2046 647 et
2068 624 2279 657 peccatorum.
2305 618 2391 650 Sicut
2410 620 2504 650 etiarn

334 670 370 693 ut
393 669 439 692 est
461 673 479 692 a
502 668 659 701 peccante.
677 661 717 690 Et
741 670 777 690 ex
792 660 840 690 his
863 666 948 700 patet
971 660 1059 700 quod
1080 659 1105 689 si
1125 660 1219 690 etiam
1242 660 1391 699 procede·
1445 669 1511 689 non
1527 659 1641 689 rediret
1656 659 1688 689 in
1708 660 1793 690 idem
1809 661 1916 701 quoad
1936 661 2006 697 hoc,
2024 662 2112 701 quod
2128 661 2278 692 haberent
2293 662 2419 703 proprie
2434 673 2503 703 spe-

336 713 420 736 retur
435 716 452 735 a
469 705 571 745 specie
594 704 776 734 intentionis
793 704 949 744 peccantis
966 704 1005 734 ad
1025 703 1161 744 speciem
1177 704 1305 743 peccati,
1325 713 1391 732 non
1446 703 1521 732 cies:
1543 712 1617 732 nam
1641 703 1830 742 privationes
1855 704 2015 744 specificae
2041 715 2106 735 non
2130 712 2203 736 sunt
2226 706 2352 746 proprie
2375 707 2502 746 species,

335 756 414 779 esset
438 757 538 778 error:
565 748 718 788 quoniam
742 748 875 778 intentio
899 748 1065 788 peccantis,
1090 754 1125 777 ut
1148 747 1208 783 sic,
1227 753 1392 786 peccatum
1446 746 1499 776 sed
1523 746 1713 785 privationes
1737 748 1921 786 specierum.
1947 749 2038 779 Unde
2062 749 2140 779 nihil
2163 750 2289 780 obstant
2312 751 2405 780 verba
2428 751 2504 781 haec

335 800 388 828 est,
407 799 437 822 et
452 792 628 823 inordinata
644 792 797 822 contrarie
822 799 852 823 et
866 792 1025 832 privative,
1043 792 1123 821 sicut
1139 798 1239 821 cetera
1254 797 1390 830 peccata.
1446 789 1592 820 Auctoris
1617 790 1868 821 determinationi
1892 792 1999 823 factae.

390 837 441 867 1V.
469 836 503 866 In
531 836 644 866 eodem
678 836 781 877 primo
820 837 952 867 articulo
987 834 1392 876 septuagesimaesecundae
1501 834 1542 863 Et
1565 844 1600 863 ex
1630 834 1692 864 hoc
1721 834 1851 865 articulo
1875 843 1951 866 nota
1980 837 2122 876 regulam
2148 838 2237 877 quod
2261 837 2292 867 id
2316 839 2404 878 quod
2429 847 2506 868 con-

334 880 537 920 quaestionis,
554 880 587 910 in
607 880 813 920 responsione
837 881 875 910 ad
899 880 1084 915 secundum,
1102 879 1235 909 dubium
1259 877 1394 908 occurrit
1447 877 1541 908 currit
1561 887 1615 917 per
1638 877 1799 914 accidens,
1825 880 1969 918 quamvis
1993 881 2177 917 necessario,
2203 892 2268 912 non
2293 882 2345 912 dat
2369 882 2505 922 speciem

334 934 370 954 ex
394 934 431 954 eo
456 924 545 964 quod
567 927 688 955 Auctor
712 924 786 954 dicit
811 924 899 964 quod
923 924 947 953 si
979 930 1104 963 peccata
1130 922 1394 961 distinguerentur
1447 928 1586 961 peccato.
1605 921 1654 952 Sic
1679 922 1763 951 enim
1788 923 1944 953 concurrit
1966 923 2157 955 inordinatio
2182 932 2212 956 et
2235 926 2365 963 aversio,
2390 933 2504 962 reatUS,

334 968 510 998 secundum
530 968 692 1008 oppositas
715 968 854 1003 virtutes,
870 968 902 998 in
926 968 1011 997 idem
1028 966 1149 1002 rediret,
1167 966 1283 996 scilicet
1305 965 1393 1006 quod
1448 972 1478 995 et
1501 965 1657 1006 quidquid
1681 972 1727 995 est
1751 966 1907 996 eiusmodi
1930 965 1956 997 *.

1099 1093 1414 1151 Aartcutus
1444 1109 1742 1151 SECUNDUS

541 1191 695 1221 UTRUM
721 1189 1058 1220 CONVENIENTER
1082 1188 1438 1219 DISTINGUANTUR
1460 1188 1662 1219 PECCATA
1685 1189 1953 1219 SPIRITUALIA
1977 1192 2004 1219 A
2029 1189 2296 1223 CARNALIBUS

675 1260 705 1284 ΙΙ·
726 1259 777 1289 ΙΙ“,
797 1267 841 1290 qu.
861 1266 946 1287 cxvm,
966 1263 1013 1283 art.
1033 1257 1062 1288 6;
1083 1259 1091 1282 I
1114 1259 1182 1287 Cor„
1202 1265 1257 1290 cap.
1276 1266 1310 1288 vx,
1330 1259 1387 1282 lect.
1406 1266 1448 1288 111;
1468 1259 1496 1288 11,
1516 1266 1572 1291 cap.
1591 1266 1634 1287 vn,
1654 1260 1711 1283 lect.
1730 1267 1750 1290 1;
1769 1259 1812 1283 Ad
1833 1260 1931 1289 Galat„
1951 1267 2006 1292 cap.
2026 1268 2049 1290 v,
2069 1261 2127 1285 lect.
2146 1268 2170 1284 v.

388 1353 427 1370 x-»
447 1352 522 1408 taff(
545 1348 567 1372 D
583 1347 772 1372 SECUNDUM
788 1347 840 1371 sm
856 1345 1094 1371 moenum-ua.
1111 1333 1269 1370 Videtur
1288 1334 1393 1381 quod
1502 1335 1726 1371 RESPONDEO
1755 1346 1937 1371 DICENDUM
1967 1336 2083 1383 quod,
2110 1336 2204 1372 sicut
2230 1337 2372 1374 dictum
2401 1347 2456 1376 est
2473 1339 2505 1387 ³⁸,

400 1386 409 1395 ‘
471 1388 518 1427 '³70
546 1387 856 1425 inconvenienter
868 1387 1140 1434 distinguantur
1151 1394 1306 1435 peccata
1320 1387 1393 1435 spi·
1447 1387 1806 1436 peccatarecipiunt
1834 1388 2002 1436 speciem
2027 1401 2072 1425 ex
2102 1389 2269 1426 obiectis.
2292 1390 2419 1428 Omne
2439 1404 2504 1429 au·

380 1423 463 1486 “svs
480 1426 690 1478 'fritualia
718 1453 739 1476 a
769 1440 992 1477 carnalibus.
1023 1440 1122 1477 Dicit
1159 1439 1261 1476 enim
1290 1441 1393 1488 Apo·
1447 1447 1525 1476 tem
1545 1448 1744 1488 peccatum
1774 1440 1939 1477 consistit
1958 1441 1996 1477 in
2025 1442 2192 1490 appetitu
2217 1443 2374 1480 alicuius
2403 1456 2506 1480 com·

350 1445 685 1541 mstoluffi
719 1494 770 1530 ad
809 1493 932 1530 Galat.
954 1505 977 1529 v
999 1494 1038 1529 *ε
1068 1493 1276 1541 Manifesta
1309 1499 1397 1530 sunt
1448 1493 1638 1529 mutabilis
1659 1493 1748 1530 boni
1782 1494 1886 1541 quod
1915 1493 2124 1531 inordinate
2145 1495 2351 1544 appetitur:
2382 1503 2419 1532 et
2436 1509 2506 1545 per

335 1559 449 1595 opera
478 1548 619 1593 carnis,
650 1558 747 1595 quae
772 1552 859 1583 sunt
873 1546 1105 1594 fornicatio,
1137 1546 1391 1592 immunditia,
1449 1557 1684 1594 consequens
1717 1546 1753 1582 in
1784 1558 1828 1582 eo
1858 1546 1934 1582 iam
1963 1547 2093 1583 habito
2131 1547 2342 1586 inordinate
2372 1549 2505 1598 aliquis

335 1600 583 1648 impudicitia,
619 1600 790 1645 luxuria,
826 1599 1011 1636 idolorum
1047 1600 1223 1645 servitus,
1257 1600 1392 1647 venefi-
1449 1598 1664 1635 delectatur.
1687 1599 1736 1636 Ut
1764 1607 1889 1635 autem
1916 1611 1960 1636 ex
1990 1600 2247 1648 superioribus
2265 1601 2285 1623 *
2302 1609 2417 1651 patet,
2439 1602 2506 1640 du—

335 1653 404 1698 cia,
427 1660 515 1689 ete:
542 1665 586 1689 ex
607 1665 684 1700 quo
704 1652 855 1689 videtur
874 1652 979 1700 quod
999 1652 1128 1689 omnia
1147 1660 1391 1700 peccatorum
1447 1652 1534 1700 plex
1555 1659 1609 1688 est
1629 1651 1837 1688 delectatio.
1869 1653 1953 1689 Una
1982 1653 2136 1701 quidem
2157 1653 2329 1692 animalis
2349 1660 2378 1701 α,
2408 1668 2505 1704 quae

334 1718 472 1753 genera
510 1713 596 1742 sunt
629 1718 747 1754 opera
776 1705 908 1742 carnis.
940 1705 1015 1741 Sed
1044 1713 1198 1753 peccata
1232 1705 1394 1743 carnalia
1449 1712 1736 1741 consummatur
1764 1704 1802 1741 in
1830 1706 1910 1741 sola
1939 1706 2243 1754 apprehensione
2267 1707 2424 1745 alicuius
2452 1709 2504 1745 rei

336 1759 509 1796 dicuntur
524 1771 640 1807 opera
661 1758 793 1795 carnis.
811 1759 912 1806 Ergo
933 1770 1012 1794 non
1032 1766 1116 1794 sunt
1133 1758 1393 1806 distinguenda
1448 1757 1497 1793 ad
1524 1765 1657 1794 votum
1680 1758 1850 1794 habitae:
1882 1765 1917 1794 et
1945 1759 2040 1795 haec
2067 1759 2179 1796 etiam
2207 1767 2332 1808 potest
2351 1761 2422 1797 dici
2442 1762 2507 1798 de-

333 1819 490 1860 peccata
519 1811 680 1848 carnalia
709 1824 730 1848 a
759 1810 1022 1859 spiritualibus.
1448 1810 1596 1847 lectatio
1634 1810 1853 1859 spiritualis:
1884 1811 1979 1848 sicut
2016 1824 2103 1848 cum
2139 1812 2272 1861 aliquis
2301 1813 2507 1851 delectatur

390 1877 424 1901 2.
460 1865 697 1911 PRAETEREA,
732 1864 965 1912 quicumque
998 1871 1146 1913 peccat,
1182 1864 1393 1902 secundum
1447 1862 1486 1899 in
1505 1863 1616 1900 laude
1636 1864 1816 1911 humana,
1836 1865 1898 1900 vel
1918 1864 1956 1900 in
1976 1864 2101 1914 aliquo
2122 1863 2137 1894 β
2164 1865 2395 1903 huiusmodi.
2421 1867 2506 1904 Alia

336 1929 490 1954 carnem
515 1918 696 1964 ambulat,
718 1917 929 1954 secundum
959 1917 1048 1953 illud
1076 1919 1187 1954 Rom.
1208 1930 1269 1954 vm
1288 1918 1323 1954 *ε
1354 1919 1396 1954 Si
1447 1928 1540 1952 vero
1562 1916 1756 1953 delectatio
1783 1925 1838 1953 est
1858 1917 2074 1966 corporalis,
2095 1918 2176 1955 sive
2195 1919 2385 1967 naturalis,
2407 1932 2505 1968 quae

333 1971 536 2008 secundum
566 1982 718 2007 carnem
747 1970 927 2015 vixeritis,
949 1971 1182 2015 moriemini,·
1209 1971 1243 2007 si
1268 1977 1392 2007 autem
1448 1969 1485 2005 in
1520 1969 1603 2018 ipso
1637 1977 1736 2006 tactu
1775 1970 1961 2018 corporali
1996 1970 2208 2019 perficitur:
2247 1984 2345 2020 quae
2381 1979 2506 2021 potest

333 2024 463 2075 spiritu
480 2025 592 2071 facta
630 2023 756 2059 carnis
784 2023 1116 2070 mortificaveritis,
1145 2024 1283 2060 vivetis.
1316 2024 1393 2061 Sed
1449 2021 1562 2059 etiam
1591 2022 1663 2059 dici
1693 2023 1888 2059 delectatio
1919 2024 2087 2060 carnalis.
2119 2023 2179 2060 Sic
2207 2024 2317 2072 igitur
2339 2025 2400 2062 illa
2418 2038 2506 2074 pee-

333 2077 463 2114 vivere
492 2077 554 2113 vel
583 2076 778 2113 ambulare
807 2076 1018 2113 secundum
1049 2089 1217 2123 carnem,
1244 2077 1394 2114 videtur
1448 2082 1529 2111 cata
1558 2077 1655 2123 quae
1683 2076 1930 2124 perficiuntur
1957 2076 1995 2113 in
2024 2077 2269 2114 delectatione
2305 2077 2504 2127 spirituali,

332 2130 519 2179 pertinere
535 2129 583 2166 ad
599 2129 784 2166 rationem
799 2129 944 2177 peccati
960 2129 1128 2166 earnalis.
1145 2130 1247 2177 Ergo
1264 2130 1393 2167 omnia
1447 2136 1632 2165 vocantur
1650 2137 1804 2177 peccata
1825 2129 2045 2178 spiritualia:
2075 2130 2135 2167 illa
2153 2142 2247 2167 vero
2268 2143 2365 2179 quae
2394 2131 2507 2180 perfi-

333 2190 488 2231 peccata
508 2189 594 2219 sunt
614 2181 786 2218 carnalia.
804 2182 895 2218 Non
917 2194 1004 2229 ergo
1021 2190 1107 2219 sunt
1132 2182 1392 2231 distinguenda
1448 2181 1595 2218 ciuntur
1614 2181 1651 2218 in
1681 2181 1927 2219 delectatione
1958 2182 2107 2230 carnali,
2135 2190 2322 2220 vocantur
2349 2179 2505 2232 peccata

332 2243 488 2285 peccata
517 2235 679 2272 carnalia
708 2247 729 2271 a
758 2234 1022 2283 spiritualibus.
1447 2234 1627 2279 carnalia;
1658 2235 1752 2271 sicut
1785 2236 1892 2282 gula,
1923 2247 2019 2283 quae
2040 2235 2244 2284 ,perficitur
2279 2236 2318 2272 in
2347 2236 2505 2273 delecta-

389 2290 422 2325 3.
445 2290 677 2335 PRAETEREA,
699 2287 871 2336 superior
898 2300 986 2336 pars
1015 2288 1181 2335 animae,
1210 2301 1307 2336 quae
1337 2297 1392 2326 est
1446 2287 1547 2324 tione
1574 2287 1758 2334 ciborum,
1790 2295 1826 2324 et
1853 2288 2010 2335 luxuria,
2041 2300 2137 2337 quae
2165 2288 2356 2337 perficitur
2383 2289 2421 2325 in
2441 2289 2505 2326 de-

334 2354 442 2378 mens
465 2342 526 2378 vel
547 2341 652 2388 ratio,
675 2340 824 2390 spiritus
853 2341 1085 2378 nominatur:
1116 2342 1326 2378 secundum
1351 2342 1391 2378 il-
1445 2340 1644 2377 lectatione
1667 2353 1934 2378 venereorum.
1966 2341 2076 2378 Unde
2105 2349 2141 2378 et
2169 2342 2375 2390 Apostolus
2405 2342 2503 2389 dicit,

333 2395 396 2432 lud
424 2395 557 2442 Ephes.
588 2406 623 2431 1v
645 2395 683 2430 *ε
713 2395 968 2431 Renovamini
999 2394 1129 2442 spiritu
1163 2395 1293 2431 mentis
1329 2407 1389 2432 ve·
1446 2394 1476 2429 ΙΙ
1497 2393 1549 2430 ad
1571 2394 1656 2430 Cor.
1677 2393 1782 2430 V11*:
1811 2394 2069 2431 Emundemus
2098 2406 2165 2431 nos
2188 2395 2236 2432 ab
2255 2395 2360 2431 omni
2387 2395 2505 2443 inqui-

331 2454 451 2492 strae,
479 2447 544 2484 ubi
580 2447 730 2495 spiritus
765 2459 835 2495 pro
873 2447 1019 2484 ratione
1054 2447 1227 2495 ponitur,
1262 2455 1304 2484 ut
1339 2447 1390 2485 ibi
1445 2452 1619 2483 namento
1644 2447 1768 2483 carnis
1796 2453 1831 2482 et
1855 2448 2017 2494 spiritus.

333 2501 470 2538 Glossa
486 2501 504 2521 ²³²
534 2500 631 2537 dicit.
663 2500 738 2536 Sed
767 2512 882 2536 omne
902 2507 1100 2548 peccatum
1130 2501 1234 2549 quod
1259 2513 1390 2538 secun·
1437 2516 1441 2520 ·
1497 2502 1556 2536 AD
1585 2511 1720 2536 PRIMUM
1745 2511 1842 2536 ERGO
1862 2512 2045 2537 D1CENDUM
2065 2500 2182 2548 quod,
2205 2500 2300 2536 sicut
2328 2501 2464 2538 Glossa
2483 2501 2503 2523 *

333 2553 426 2590 dum
448 2565 599 2589 carnem
620 2552 875 2600 committitur,
897 2565 918 2589 a
947 2553 1089 2590 ratione
1112 2553 1303 2591 derivatur
1322 2566 1391 2603 per
1444 2552 1585 2589 ibidem
1616 2552 1715 2599 dicit,
1746 2552 1805 2589 illa
1825 2553 1916 2590 vitia
1936 2553 2110 2589 dicuntur
2135 2565 2252 2601 opera
2273 2554 2406 2601 carnis,
2427 2566 2502 2591 non

334 2618 581 2643 consensum:
612 2605 700 2654 quia
729 2605 932 2654 superioris
962 2606 1115 2643 rationis
1144 2614 1199 2643 est
1232 2619 1389 2644 consen-
1444 2606 1531 2653 quia
1552 2606 1588 2642 in
1608 2606 1794 2653 voluptate
1813 2606 1938 2642 carnis
1951 2606 2216 2654 perficiantur:
2235 2607 2301 2642 sed
2326 2618 2417 2643 caro
2440 2619 2500 2644 su-

331 2659 399 2696 tire
428 2659 466 2696 in
487 2666 611 2695 actum
640 2659 796 2707 peccati,
818 2666 858 2695 ut
878 2659 972 2696 infra
991 2659 1011 2680 ²¹⁶
1031 2659 1184 2696 dicetur.
1205 2661 1307 2707 Ergo
1328 2673 1389 2697 ea·
1444 2659 1558 2694 mitur
1577 2659 1629 2695 ibi
1643 2670 1717 2706 pro
1737 2659 1898 2704 homine,
1919 2659 1983 2707 qui
2009 2659 2098 2694 dum
2116 2659 2320 2696 secundum
2338 2671 2379 2696 se
2401 2660 2501 2706 vivit,

332 2712 420 2749 dem
441 2711 595 2760 peccata
611 2719 697 2748 sunt
717 2711 879 2748 carnalia
899 2719 934 2748 et
954 2712 1168 2760 spiritualia.
1186 2713 1277 2750 Non
1299 2725 1388 2760 ergo
1442 2712 1644 2748 secundum
1666 2723 1818 2748 carnem
1846 2712 1972 2748 vivere
1990 2711 2141 2756 elicitum
2168 2719 2209 2748 ut
2236 2712 2349 2748 etiam
2373 2714 2501 2760 Augu-

332 2772 418 2801 sunt
445 2765 706 2812 distinguenda
736 2764 783 2801 ad
811 2765 988 2801 invicem.
1444 2764 1561 2801 stinus
1587 2764 1684 2811 dicit,
1708 2765 1796 2801 XIV
1815 2765 1860 2801 de
1883 2765 1961 2801 Civ.
1982 2765 2057 2801 Dei
2071 2763 2103 2800 ²¹⁶.
2134 2765 2183 2800 Et
2201 2764 2312 2801 huius
2332 2765 2426 2802 ratio
2447 2773 2502 2802 est

384 2830 420 2864 4.
443 2819 675 2863 PRAETEREA,
697 2817 726 2853 si
747 2817 871 2865 aliqua
899 2825 1054 2865 peccata
1074 2817 1285 2866 specialiter
1304 2826 1389 2855 sunt
1445 2829 1488 2854 ex
1517 2818 1603 2864 hoc,
1634 2818 1738 2865 quod
1768 2817 1891 2854 omnis
1920 2817 2070 2855 rationis
2108 2818 2298 2854 humanae
2334 2818 2501 2855 defectus

333 2871 505 2918 carnalia,
522 2872 596 2907 hoc
624 2870 819 2919 potissime
854 2870 1134 2918 intelligendum
1163 2871 1312 2908 videtur
1341 2872 1388 2908 de
1444 2882 1488 2906 ex
1517 2882 1630 2906 sensu
1660 2870 1796 2906 carnali
1825 2870 1950 2919 aliquo
1980 2869 2099 2906 modo
2128 2870 2272 2907 initium
2302 2871 2427 2908 habet.

330 2923 399 2960 illis
419 2923 582 2972 peccatis
602 2923 738 2972 quibus
758 2923 889 2970 aliquis
905 2923 942 2960 in
958 2935 1096 2971 corpus
1112 2936 1223 2960 suum
1243 2932 1386 2973 peccat.
1496 2924 1544 2963 Et
1563 2935 1630 2971 per
1648 2923 1721 2959 hoc
1742 2922 1854 2960 etiam
1874 2930 1975 2972 patet
1995 2922 2191 2972 responsio
2212 2923 2259 2960 ad
2275 2925 2499 2961 secundum.

332 2976 409 3013 Sed
437 2977 532 3014 sicut
559 2977 767 3024 Apostolus
795 2975 896 3022 dicit,
928 2977 940 3011 I
969 2977 1021 3012 ad
1053 2977 1138 3013 Cor.
1159 2976 1248 3024 V1*,
1278 2989 1389 3014 omne
1495 2978 1554 3012 AD
1583 2987 1741 3012 TERTIUM
1771 2988 1953 3013 DICENDUM
1981 2976 2086 3024 quod
2115 2976 2152 3012 in
2189 2977 2352 3024 peccatis
2387 2976 2500 3013 etiam

323 3035 520 3076 peccatum
549 3029 808 3078 quodcumque
815 3029 957 3076 fecerit
981 3030 1105 3074 homo,
1126 3035 1234 3066 extra
1254 3042 1389 3078 corpus
1443 3028 1654 3065 carnalibus
1671 3036 1725 3065 est
1744 3028 1875 3076 aliquis
1891 3036 1995 3065 actus
2015 3029 2225 3077 spiritualis,
2242 3028 2381 3066 scilicet
2396 3037 2500 3066 actus

330 3088 400 3118 est:
428 3083 492 3130 qui
514 3088 638 3119 autem
656 3082 888 3130 fornicatur,
911 3082 947 3118 in
968 3093 1103 3129 corpus
1120 3094 1229 3118 suum
1243 3089 1386 3130 peccat.
1442 3081 1613 3118 rationis:
1643 3081 1710 3118 sed
1729 3081 1816 3118 finis
1841 3082 1980 3118 horum
2009 3088 2264 3130 peccatorum,
2287 3095 2309 3119 a
2338 3095 2414 3132 quo
2436 3084 2498 3120 de-

331 3135 431 3181 Ergo
453 3136 531 3172 sola
551 3134 748 3172 fornicatio
769 3139 867 3171 esset
884 3142 1084 3182 peecatum
1106 3135 1273 3171 carnale:
1300 3147 1386 3171 cum
1442 3134 1697 3181 nominantur,
1719 3141 1774 3171 est
1802 3134 1998 3171 delectatio
2029 3134 2160 3171 carnis.

330 3194 458 3223 tamen
484 3189 700 3236 Apostolus,
721 3188 772 3225 ad
788 3189 923 3236 Ephes.
943 3199 967 3223 v
985 3187 1016 3235 ³⁸,
1047 3187 1160 3224 etiam
1191 3187 1386 3225 avaritiam
1494 3188 1552 3223 AD
1582 3198 1753 3229 QUARTUM
1782 3198 1965 3224 mOENDUM
1994 3188 2109 3236 quod,
2131 3187 2224 3224 sicut
2244 3188 2380 3225 Glossa
2394 3187 2414 3208 *
2431 3186 2498 3223 ibi-

332 3239 542 3276 carnalibus
570 3241 731 3288 peccatis
761 3248 994 3278 annumeret.
1442 3240 1530 3277 dem
1546 3239 1644 3286 dicit,
1660 3239 1867 3287 specialiter
1886 3241 1922 3276 in
1938 3241 2202 3287 fornicationis
2215 3245 2368 3288 peccato
2386 3239 2500 3276 servit

385 3293 458 3328 SED
475 3304 618 3328 CONTRA
633 3306 697 3329 EST
713 3295 815 3342 quod
832 3293 1049 3342 Gregorius,
1066 3294 1191 3330 XXXI
1207 3293 1384 3340 Moral.*,
1441 3293 1569 3329 anima
1589 3293 1750 3340 corpori,
1771 3293 1954 3330 intantum
1975 3299 2015 3329 ut
2032 3294 2123 3330 nihil
2145 3293 2249 3330 aliud
2265 3293 2302 3328 in
2322 3292 2400 3340 ipso
2419 3303 2498 3328 mo-

331 3344 537 3391 dicitquod
552 3351 686 3392 septem
708 3347 922 3394 capitalium
937 3347 1111 3383 vitiorum
1128 3346 1290 3395 quinque
1303 3352 1390 3383 sunt
1441 3351 1564 3382 mento
1592 3346 1760 3395 cogitare
1784 3347 1927 3382 homini
1954 3346 2063 3383 liceat
2079 3346 2109 3382 ²¹⁸.
2139 3344 2346 3382 Delectatio
2370 3352 2496 3381 autem

328 3397 548 3445 spiritualia,
578 3403 613 3433 et
638 3398 710 3433 duo
739 3400 920 3436 carnalia.
1441 3398 1561 3446 gulae,
1579 3399 1645 3435 etsi
1661 3398 1705 3435 sit
1726 3399 1893 3446 carnalis,
1912 3411 1989 3436 non
2004 3399 2052 3435 ita
2067 3398 2245 3435 absorbet
2265 3397 2495 3435 rationem.-

384 3507 410 3538 α)
430 3506 562 3531 animalis.
579 3519 598 3525 ·-
615 3514 632 3530 a
652 3510 750 3530 natura
769 3507 819 3531 EF.
1414 3502 1417 3540 Ι
1495 3508 1520 3540 β)
1541 3509 1565 3532 in
1586 3508 1684 3540 aliquo.
1702 3522 1719 3527 --
1738 3508 1827 3540 aliqua
1846 3514 1875 3531 re
1894 3507 1944 3531 EF.

2528 275 2539 285 ⁴
2552 274 2624 295 Num.
2639 279 2664 295 ιι.

2533 950 2596 972 *Sia
2603 967 2608 972 .
2616 966 2622 972 .
2631 950 2748 973 eiusmodi

2534 983 2581 999 om.
2597 977 2623 999 P.

2533 1347 2542 1356 '¹
2557 1347 2609 1369 Art.
2623 1347 2731 1374 praeced.

2533 1610 2542 1621 ⁸
2559 1610 2607 1638 Qu.
2621 1617 2687 1638 xxxx,
2701 1614 2746 1633 art.

2531 2406 2542 2417 ⁶
2557 2405 2622 2428 Vere.
2638 2412 2655 2429 ι.

2529 2512 2538 2521 ·
2555 2511 2611 2533 Ord.

2529 2776 2538 2785 ·
2553 2774 2611 2802 cap.
2625 2780 2651 2802 n,
2667 2780 2703 2796 ni.

2525 3198 2533 3206 ”
2550 3198 2606 3220 Ord.

2525 3354 2534 3362 ·
2549 3352 2579 3374 D·
2592 3358 2639 3381 357,
2653 3357 2702 3380 372-
