2840 4010
96 1915 106 1925 ⁴
122 1914 187 1936 Vers.
203 1914 234 1935 18.

98 1969 105 1976 ·
119 1967 184 1988 Vers.
200 1974 219 1995 5.

98 2126 163 2148 'Lib.
174 2125 214 2152 1V,
224 2132 274 2153 cap.
283 2132 306 2147 11.

98 2340 107 2347 ·
123 2336 189 2360 Vers.
200 2344 236 2366 3⁰·

101 2546 109 2553 ·
123 2544 191 2566 Vers.
206 2551 212 2566 1
232 2561 237 2565 .

101 3132 109 3139 ”
126 3129 193 3150 Vers.
206 3136 243 3156 44.

1030 155 1295 202 QUAESTIO
1326 155 1446 203 CV11,
1475 153 1771 191 ARTICULUS
1800 155 1813 189 I

771 337 1183 432 QUAEsT-Io
1223 350 2065 433 CENTESMASEPTIMA

670 482 753 523 DE
789 481 1273 525 COMPARATIONE
1305 481 1480 526 LEGIS
1513 481 1728 522 NOVAE
1761 481 1847 522 AD
1882 479 2200 526 VETEREM⁴

1114 597 1148 622 IN
1178 597 1352 628 QUATUOR
1378 597 1580 623 ARTICULOS
1608 597 1724 622 DIVISA

335 710 523 792 Diuum:
548 699 867 737 considerandum
884 706 946 736 'est
971 699 1017 737 de
1040 698 1330 748 comparatione
1336 699 1395 741 ,Ie—

105 763 201 811 ¹'Cfiqu-
212 768 255 788 cvi,
267 762 305 783 In-

416 765 472 800 gis
500 765 625 790 novae
654 753 703 790 ad
731 753 854 800 le'gem
882 759 1056 807 veterem
1073 752 1104 789 ³¹⁸.

333 806 383 842 Et
411 805 509 842 circa
537 806 611 842 hoc
638 813 873 854 quaeruntur
898 803 1072 853 quatuor.

387 858 534 895 Primo:
555 866 681 896 utrum
702 859 770 899 16)(
781 870 884 896 nova
901 858 956 896 sit
967 857 1038 895 alia
1057 858 1115 894 lex
1131 858 1248 905 alege
1263 856 1394 894 veteri.·

1503 683 1703 736 Secundo:
1732 704 1859 734 utrum
1887 699 1946 735 lex
1974 709 2077 734 nova
2104 696 2260 745 impleat
2286 703 2470 735 veterem.¹

1503 751 1656 788 Tertio:
1684 757 1812 787 utrum
1840 750 1900 787 lex
1928 761 2031 787 nova
2060 750 2294 787 contineatur
2321 749 2367 789 in
2378 749 2510 789 vetem

1504 805 1668 850 Quarto:
1699 814 1797 851 quae
1825 802 1872 840 sit
1898 803 2062 851 gravior,
2091 810 2220 840 utrum
2248 803 2307 840 lex
2326 812 2430 841 nova
2448 803 2511 866 vel

1556 864 1678 893 vetus.

1127 949 1460 1017 AR‘Ticutus
1491 972 1695 1016 nunus
1737 1022 1740 1023 γ

924 1055 1079 1107 UTRUM
1104 1076 1188 1106 LEX
1210 1075 1332 1106 NOVA
1356 1075 1422 1105 SIT
1445 1075 1545 1105 ALIA
1570 1077 1599 1104 A
1623 1073 1734 1104 LEGE
1758 1073 1918 1104 VETERI

1039 1165 1129 1196 Supra,
1149 1171 1193 1195 qu.
1212 1170 1268 1192 κει,
1288 1168 1334 1187 art.
1355 1162 1384 1195 5;
1403 1163 1447 1188 Ad
1468 1164 1567 1193 Galat„
1588 1171 1643 1195 cap.
1663 1171 1683 1193 ι,
1704 1163 1760 1187 lect.
1779 1170 1807 1187 11.

476 1300 621 1415 ''f-que
651 1367 752 1404 enim
779 1368 838 1403 lex
868 1366 978 1403 datur
996 1366 1115 1403 fidem
1135 1366 1207 1403 Dei
1226 1366 1396 1403 habenti—

448 1383 638 1457 ἑ’·Χ;1)ι]5
668 1420 758 1470 quia
784 1420 864 1456 sine
880 1420 963 1468 fide
991 1419 1214 1467 impossibile
1239 1425 1293 1456 est
1312 1420 1396 1468 pla-

334 1485 418 1509 cere
432 1474 526 1522 Deo,
542 1481 582 1510 ut
602 1474 737 1511 dicitur
750 1474 850 1517 Heb.
866 1485 900 1509 xi
915 1472 947 1510 ²¹².
969 1473 1046 1509 Sed
1067 1473 1202 1509 eadem
1222 1473 1319 1509 fides
1340 1481 1395 1510 est

334 1515 576 1574 antiquonum
607 1534 643 1563 et
669 1527 958 1572 modernorum,
979 1533 1020 1562 ut
1040 1525 1174 1567 dicitur
1201 1525 1239 1562 in
1260 1526 1396 1563 Glossa

247 1592 307 1639 -uu
335 1580 467 1616 Matth.
488 1580 597 1617 XX1*.
627 1581 728 1628 Ergo
759 1579 872 1616 etiam
902 1587 957 1615 est
986 1579 1121 1615 eadem
1150 1579 1221 1615 lex.

300 1661 306 1666 .
389 1644 423 1669 2.
445 1634 678 1679 PRAETEREA,
698 1632 931 1680 Augustinus
961 1631 1058 1678 dicit,
1080 1632 1117 1668 in
1137 1631 1232 1668 libro
1256 1632 1396 1669 Contra

333 1686 589 1722 Adamantum
616 1687 787 1722 Manich.
809 1685 934 1733 discip.
955 1685 985 1731 ³¹⁶,
1016 1685 1121 1732 quod
1142 1685 1264 1721 brevis
1291 1685 1396 1734 diffe-

334 1739 453 1774 rentia
488 1740 602 1788 Legis
630 1744 666 1775 et
690 1738 893 1788 Evangelii
909 1744 962 1774 est
984 1739 1096 1774 timor
1114 1743 1149 1774 et
1175 1750 1296 1774 amor.
1318 1738 1396 1775 Sed

334 1791 546 1828 secundum
584 1793 679 1828 haec
714 1792 790 1828 duo
833 1803 935 1827 nova
967 1792 1025 1827 lex
1065 1799 1100 1827 et
1128 1799 1237 1827 vetus
1272 1791 1396 1828 diver-

335 1844 473 1881 sificari
510 1857 588 1881 non
623 1853 796 1894 possunt:
828 1844 916 1893 quia
946 1844 1060 1880 etiam
1090 1844 1127 1880 in
1156 1844 1276 1880 veteri
1311 1845 1392 1892 lege

333 1906 600 1947 proponuntur
614 1905 815 1947 praecepta
831 1897 1006 1943 caritatis3
1022 1898 1113 1934 Lev.
1129 1909 1188 1933 ΧΗ(
1198 1897 1235 1933 *ε
1251 1897 1397 1947 Diliges

327 1951 550 1999 proximum
571 1957 694 1995 tuum;
720 1959 756 1987 et
775 1952 884 1987 Deut.
904 1962 940 1987 vl
957 1952 993 1986 *ε
1023 1950 1169 1999 Diliges
1188 1951 1394 1987 Dominum

334 2006 458 2041 Deum
487 2010 602 2040 tuum.
633 2025 655 2032 -
688 2004 866 2041 Similiter
894 2003 1007 2040 etiam
1038 2003 1285 2040 diversificari
1316 2016 1396 2042 non

334 2064 494 2106 possunt
521 2069 590 2105 per
617 2058 729 2094 aliam
751 2056 1001 2094 differentiam
1024 2068 1138 2104 quam
1162 2056 1395 2104 Augustinus

335 2110 509 2158 assignat,
554 2111 693 2147 Contra
727 2112 909 2146 Faustum
928 2110 968 2156 ⁹²⁶,
1008 2110 1111 2158 quod
1146 2116 1250 2146 vetus
1289 2116 1395 2149 testa—

334 2169 499 2200 mentum
528 2164 657 2200 habuit
687 2164 876 2211 promissa
906 2163 1145 2211 temporalia,
1175 2174 1319 2200 novum
1343 2169 1436 2209 tei-9
1459 2173 1483 2186 ⁹

334 2222 558 2253 stamentum
587 2217 698 2253 habet
718 2217 907 2264 promissa
935 2216 1143 2264 spiritualia
1166 2221 1203 2252 et
1227 2214 1415 2266 aeterna?

337 2269 436 2316 Quia
457 2269 568 2306 etiam
594 2270 632 2306 in
657 2281 760 2306 novo
790 2268 1016 2306 testamento
1045 2268 1317 2318 promittuntur
1331 2265 1396 2308 ali-

336 2335 412 2371 qua
423 2323 611 2371 promissa
624 2322 865 2371 temporalia3
879 2324 1089 2359 secundum
1105 2322 1196 2359 illud
1208 2322 1394 2371 Marem&

335 2376 502 2423 Accipiet
520 2381 536 2396 α
565 2377 698 2412 centies
725 2381 868 2412 tantum
897 2376 933 2412 in
963 2382 1128 2424 tempore
1154 2377 1236 2421 hoc,
1266 2375 1396 2414 domos

336 2435 372 2465 et
375 2430 536 2476 fratres,
557 2436 625 2466 etc.
656 2430 705 2465 Et
732 2429 770 2465 in
793 2429 912 2465 veteri
931 2436 1157 2465 testamento
1191 2429 1396 2477 speraban-
1415 2470 1417 2474 .

336 2490 396 2518 tur
414 2482 601 2530 promissa
621 2481 824 2530 spiritualia
840 2489 876 2518 et
891 2489 1058 2527 aeterna3
1076 2483 1286 2519 secundum
1305 2480 1395 2520 illud

336 2535 387 2571 ad
412 2536 510 2572 Heb.
532 2547 566 2571 xl
586 2535 620 2571 *ε
651 2536 767 2572 Nunc
794 2541 918 2571 autem
938 2536 1130 2572 meliorem
1143 2535 1311 2584 patriam
1330 2547 1394 2584 ap-

330 2594 471 2637 petunt,
501 2588 593 2624 idest
618 2588 830 2634 caelestem,
861 2589 966 2636 quod
994 2588 1130 2626 dicitur
1158 2589 1205 2625 de
1234 2588 1396 2636 antiquis

337 2641 521 2678 Patribus.
557 2642 658 2689 Ergo
690 2641 841 2678 videtur
875 2642 978 2690 quod
1013 2654 1115 2678 nova
1152 2643 1210 2678 lex
1244 2654 1322 2679 non
1351 2642 1396 2679 sit

336 2694 407 2731 alia
436 2707 458 2731 a
484 2695 612 2731 veteri.

392 2749 425 2784 3.
461 2748 698 2794 PRAETEREA,
736 2748 943 2795 Apostolus
980 2747 1131 2784 videtur
1169 2747 1394 2795 distinguere

335 2808 538 2848 utramque
567 2802 702 2848 legem,
732 2801 783 2837 ad
809 2802 920 2837 Rom.
943 2813 976 2837 111
997 2800 1036 2847 ²⁸⁶,
1066 2809 1235 2837 veterem
1270 2801 1393 2848 legem

337 2855 530 2902 appellans
549 2854 888 2903 legemfactorum,
911 2854 1032 2901 legem
1053 2866 1147 2890 vero
1169 2865 1312 2890 novam
1330 2865 1394 2901 ap-

336 2907 481 2955 pellans
500 2907 621 2956 legem
626 2907 732 2954 fidei.
765 2907 841 2943 Sed
861 2907 919 2943 lex
939 2914 1048 2943 vetus
1069 2907 1135 2943 fuit
1155 2907 1268 2943 etiam
1288 2906 1393 2951 fidei;

337 2960 547 2997 secundum
572 2960 663 2996 illud
682 2960 781 2996 Heb.
803 2972 837 2996 xi
859 2961 896 2995 *z
931 2960 1067 2996 Omnes
1085 2960 1290 2996 testimonio
1302 2959 1398 3008 fidei

330 3013 483 3060 probati
507 3019 610 3058 sunt,
641 3013 745 3061 quod
774 3012 862 3049 dicit
891 3013 938 3049 de
975 3012 1148 3049 Patribus
1177 3012 1315 3049 veteris
1343 3020 1395 3049 te-

338 3066 523 3102 stamenti.
555 3066 732 3102 Similiter
760 3065 873 3102 etiam
901 3066 959 3101 lex
988 3078 1090 3102 nova
1111 3073 1166 3102 est
1194 3067 1250 3102 lex
1280 3065 1395 3102 facto-

338 3131 438 3154 rum:
469 3118 602 3155 dieitur
631 3119 731 3155 enim
753 3120 886 3155 Matth.
907 3130 931 3154 v
949 3118 984 3154 *z
1014 3119 1229 3167 Benefacite
1250 3118 1307 3155 his
1333 3119 1399 3167 qui

339 3172 495 3207 oderunt
520 3183 607 3216 vos,·
636 3179 671 3208 et
696 3173 787 3208 Luc.
809 3184 880 3208 xxu
899 3171 935 3207 *ε
964 3172 1054 3208 Hoc
1076 3172 1192 3218 facite
1215 3172 1251 3208 in
1272 3183 1396 3208 meam

339 3227 740 3261 commemorationem.
772 3225 874 3272 Ergo
903 3225 962 3260 lex
991 3237 1092 3261 nova
1112 3237 1190 3261 non
1211 3232 1266 3261 est
1285 3224 1355 3261 alia
1375 3237 1397 3260 a

338 3277 419 3324 lege
447 3277 576 3313 veteri.

394 3330 468 3365 SED
493 3341 636 3365 CONTRA
657 3342 721 3366 EST
742 3330 844 3377 quod
870 3330 1075 3377 Apostolus
1106 3330 1204 3377 dicit,
1225 3331 1276 3367 ad
1295 3331 1395 3366 Heb.
1452 3341 1678 3378 puerorum,
1712 3336 1754 3364 ut
1781 3329 1989 3377 Apostolus
2019 3328 2118 3375 dicit,
2147 3327 2199 3364 ad
2228 3325 2310 3363 Gal.
2333 3337 2367 3361 111
2386 3324 2426 3360 *ε
2455 3325 2514 3360 16)(
2542 3332 2550 3342 ·
2589 3336 2626 3352 ers

394 3443 420 3477 αι)
440 3443 565 3474 Accipiet.
583 3456 602 3462 -
620 3443 755 3473 Achpiens
775 3443 802 3471 F,
821 3443 939 3474 Accipies
959 3443 990 3472 G,
1012 3444 1064 3473 Qui
1083 3451 1133 3468 non
1153 3444 1267 3475 accipiat
1288 3445 1329 3472 sB.
1349 3446 1398 3468 Ac-

337 3479 440 3511 cipietis
459 3478 543 3503 ceteri.

1449 1259 1554 1296 vi1*:
1588 1261 1624 1296 T
1620 1259 1784 1296 ranslato
1816 1259 2044 1304 sacerdotio,
2074 1271 2220 1296 necesse
2256 1266 2310 1296 est
2345 1266 2385 1297 ut
2418 1261 2512 1310 legis
2538 1271 2549 1282 ⁴

1449 1313 1642 1350 translatio
1660 1313 1746 1359 fiat.
1778 1311 1855 1348 Sed
1883 1311 1985 1348 aliud
2010 1319 2065 1348 est
2088 1312 2344 1350 sacerdotium
2363 1313 2457 1351 novi
2476 1321 2512 1350 et

1449 1366 1587 1402 veteris
1610 1364 1834 1411 testamentI,
1859 1371 1901 1400 ut
1923 1364 2066 1402 ibidem
2082 1364 2102 1387 *
2120 1366 2328 1414 Apostolus
2357 1367 2508 1415 probat.

1450 1420 1553 1466 Ergo
1583 1426 1637 1455 est
1666 1417 1778 1454 etiam
1808 1417 1879 1453 alia
1907 1418 1978 1454 lex.

1504 1473 1728 1508 RESPONDEO
1747 1482 1932 1519 memnon
1951 1470 2067 1519 quod,
2089 1471 2183 1507 sicut
2202 1483 2316 1520 supra
2329 1472 2349 1493 ³¹⁶
2368 1472 2511 1509 dictum
2539 1481 2548 1490 ·

1451 1532 1516 1572 est,
1539 1525 1663 1561 omnis
1691 1525 1750 1560 16)(
1779 1523 1926 1560 ordinat
1946 1524 2277 1562 conversationem
2297 1525 2510 1563 humanam

1449 1577 1488 1614 in
1516 1578 1647 1614 ordine
1677 1577 1726 1613 ad
1755 1576 1921 1624 aliquem
1941 1577 2072 1614 finem.
2103 1578 2164 1615 Ea
2184 1585 2312 1615 autem
2334 1590 2431 1627 quae
2453 1591 2512 1616 or—

1451 1630 1627 1667 dinantur
1655 1630 1702 1666 ad
1727 1629 1858 1676 finem,
1881 1630 2093 1667 secundum
2123 1630 2308 1667 rationem
2338 1631 2424 1668 finis
2444 1631 2511 1669 du-

1449 1684 1593 1731 pliciter
1620 1683 1865 1720 diversificari
1885 1691 2055 1731 possunt.
2086 1683 2172 1720 Uno
2193 1683 2326 1731 modo,
2341 1684 2432 1732 quia
2451 1697 2511 1722 or-

1451 1736 1627 1773 dinantur
1655 1737 1703 1772 ad
1732 1736 1902 1773 diversos
1921 1737 2038 1773 fines:
2070 1743 2106 1772 et
2124 1736 2220 1773 haec
2239 1744 2295 1773 est
2313 1736 2512 1774 diversitas

1450 1790 1601 1838 speciei,
1621 1789 1785 1826 maxime
1814 1790 1844 1825 si
1864 1789 1910 1826 sit
1927 1789 2014 1827 finis
2033 1789 2242 1837 proximus.
2271 1789 2510 1836 Aliormodo,

1449 1843 1661 1880 secundum
1676 1842 2000 1891 propinquitatem
2016 1842 2064 1880 ad
2079 1842 2198 1879 finem
2213 1842 2276 1879 vel
2295 1842 2510 1880 distantiam

1450 1897 1497 1933 ab
1522 1896 1616 1944 ipso.
1644 1896 1747 1932 Sicut
1770 1903 1873 1944 patet
1897 1897 2001 1944 quod
2026 1902 2152 1932 motus
2177 1895 2356 1932 differunt
2383 1896 2508 1944 specie

1449 1949 1659 1986 secundum
1681 1949 1786 1996 quod
1807 1949 2027 1986 ordinantur
2047 1948 2096 1984 ad
2116 1948 2288 1985 diversos
2307 1950 2509 1987 terminos:

1448 2002 1659 2040 secundum
1685 2014 1776 2038 vero
1798 2002 1904 2050 quod
1923 2013 2000 2038 una
2019 2013 2106 2049 pars
2131 2009 2258 2038 motus
2279 2009 2334 2038 est
2356 2001 2511 2051 propin-

1448 2056 1559 2106 quior
1595 2055 1757 2092 termino
1787 2067 1904 2103 quam
1941 2055 2034 2101 alia,
2069 2054 2273 2092 attenditur
2300 2054 2511 2092 differentia

1447 2109 1486 2158 in
1515 2117 1622 2146 motu
1650 2109 1862 2145 secundum
1891 2108 2103 2157 perfeetum
2125 2115 2161 2144 et
2178 2108 2455 2156 imperfectum.

1501 2162 1564 2200 Sic
1580 2174 1669 2209 ergo
1685 2162 1782 2198 duae
1803 2162 1904 2207 leges
1925 2160 2099 2208 distingui
2119 2168 2279 2209 possunt
2299 2161 2506 2210 dupliciter.

1438 2211 1535 2255 ‘Uno
1564 2215 1700 2261 modo,
1722 2214 1830 2263 quasi
1855 2214 2014 2251 omnino
2035 2213 2225 2261 diversae,
2250 2221 2382 2263 utpote
2410 2214 2510 2252 ordi-

1447 2275 1558 2307 natae
1587 2268 1635 2305 ad
1664 2267 1836 2305 diversos
1864 2268 1981 2304 fines:
2011 2267 2107 2303 sicut
2134 2267 2194 2304 lex
2224 2267 2382 2304 civitatis
2410 2278 2508 2316 quae

1449 2328 1548 2359 esset
1566 2321 1737 2358 ordinata
1758 2321 1806 2357 ad
1825 2321 1900 2357 hoc
1919 2320 2025 2368 quod
2050 2321 2216 2368 populus
2237 2320 2506 2366 dominaretur,

1449 2382 1546 2412 esset
1560 2374 1686 2422 specie
1701 2374 1878 2411 differens
1894 2374 1942 2410 ab
1957 2373 2018 2409 illa
2037 2374 2119 2421 lege
2133 2385 2232 2422 quae
2249 2380 2347 2410 esset
2367 2373 2415 2410 ad
2435 2373 2508 2410 hoc

1448 2426 1621 2466 ordinata
1641 2428 1746 2476 quod
1769 2427 1970 2475 optimates
1990 2425 2147 2462 civitatis
2171 2425 2468 2463 dominarentur.
2483 2446 2508 2453 -

1447 2481 1533 2518 Alio
1554 2481 1672 2517 modo
1688 2481 1787 2517 duae
1806 2481 1906 2528 leges
1926 2478 2100 2526 distingui
2119 2485 2278 2527 possunt
2296 2479 2508 2516 secundum

1448 2534 1553 2583 quod
1573 2546 1648 2570 una
1667 2533 1916 2582 propinquius
1935 2531 2084 2568 ordinat
2103 2532 2151 2569 ad
2170 2533 2307 2578 finem,
2329 2532 2399 2568 alia
2417 2543 2508 2568 vero

1449 2587 1642 2624 remotius.
1674 2588 1769 2623 Puta
1798 2586 1836 2622 in
1862 2598 1938 2622 una
1967 2593 2003 2621 et
2031 2585 2167 2622 eadem
2201 2585 2347 2622 civitate
2377 2584 2510 2622 dicitur

1449 2640 1519 2677 alia
1548 2641 1606 2676 lex
1626 2652 1723 2688 quae
1750 2639 1958 2688 imponitur
1975 2637 2064 2674 viris
2084 2638 2271 2686 perfectis,
2293 2637 2357 2686 qui
2385 2637 2509 2685 statim
2535 2675 2541 2682 Χ

1448 2701 1609 2742 possunt
1628 2692 1763 2740 exequi
1783 2705 1828 2728 ea
1848 2704 1947 2739 quae
1962 2691 2149 2739 pertinent
2169 2691 2217 2728 ad
2237 2691 2385 2728 bonum
2406 2702 2510 2727 corn-

1449 2758 1581 2790 mune;
1614 2754 1649 2782 et
1676 2745 1747 2782 alia
1775 2743 1863 2781 lexss
1893 2745 1940 2782 de
1970 2743 2166 2792 disciplina
2193 2756 2415 2793 puerorum,
2445 2743 2511 2792 qui

1450 2806 1536 2836 sunt
1551 2798 1757 2835 instruendi
1774 2798 1931 2846 qualiter
1945 2797 2196 2846 postmodum
2211 2809 2329 2846 opera
2338 2797 2510 2834 virorum

1451 2859 1696 2901 exequantur.

1503 2905 1719 2942 Dicendum
1750 2912 1804 2940 est
1833 2916 1922 2951 ergo
1957 2903 2061 2952 quod
2099 2904 2311 2940 secundum
2342 2902 2510 2951 primum

1450 2958 1623 3004 modum,
1645 2958 1703 2994 lex
1724 2969 1825 2994 nova
1845 2969 1924 2994 non
1945 2964 2000 2993 est
2019 2956 2092 2992 alia
2111 2968 2133 2992 a
2151 2957 2233 3004 lege
2252 2956 2394 2992 veteri:
2423 2954 2512 3004 quia

1449 3011 1643 3059 utriusque
1673 3018 1728 3047 est
1755 3022 1855 3046 unus
1882 3009 1980 3056 finis,
2002 3009 2142 3046 scilicet
2165 3016 2206 3045 ut
2223 3009 2401 3046 homines
2424 3008 2512 3045 sub-

1451 3064 1587 3102 dantur
1606 3065 1712 3109 De0;
1743 3071 1797 3099 est
1825 3070 1952 3100 autem
1978 3074 2078 3099 unus
2102 3063 2207 3099 Deus
2227 3068 2262 3098 et
2282 3061 2373 3099 novi
2393 3069 2430 3098 et
2447 3072 2513 3098 ve-

1450 3118 1538 3154 teris
1563 3116 1788 3163 testamenti,
1809 3117 2022 3154 secundum
2046 3115 2136 3153 illud
2154 3116 2266 3152 Rom.
2292 3114 2378 3152 111*:
2411 3115 2514 3152 Unus
2540 3121 2549 3130 ·
2587 3126 2622 3141 ⁶³
2659 3125 2673 3140 0

1451 3172 1554 3208 Deus
1581 3176 1636 3206 est
1660 3170 1725 3218 qui
1751 3170 1923 3217 iustificat
1950 3169 2270 3206 circumcisionem
2299 3180 2350 3205 ex
2365 3167 2459 3215 fide,
2479 3171 2516 3202 et

1448 3223 1685 3272 praeputium
1708 3234 1780 3270 per
1797 3223 1930 3270 fidem.
1951 3243 1975 3250 —
1995 3223 2080 3259 Alio
2102 3221 2234 3269 modo,
2255 3222 2314 3257 lex
2333 3231 2435 3257 nova
2460 3225 2515 3255 est

1453 3276 1523 3313 alia
1543 3289 1564 3312 a
1583 3275 1714 3313 veteri.
1746 3275 1846 3322 Quia
1865 3276 1923 3312 lex
1937 3283 2049 3312 vetus
2070 3282 2125 3311 est
2143 3273 2251 3323 quasi
2269 3273 2513 3322 paedagogus

1508 3443 1533 3475 β)
1553 3444 1606 3467 lex.
1621 3457 1639 3462 -
1657 3447 1695 3467 est
1715 3443 1784 3466 addit
1803 3443 1834 3472 K,
1853 3442 1935 3466 datur
1954 3441 2050 3465 addunt
2070 3440 2115 3464 Pa.

2565 1271 2631 1293 vers.
2646 1277 2676 1294 12.

2540 1377 2549 1386 '
2563 1376 2606 1398 Per
2619 1379 2661 1398 tot.
2677 1382 2730 1404 cap.

2560 1480 2609 1509 Qu.
2622 1485 2660 1508 xc,
2674 1483 2717 1502 nrt.
2727 1486 2753 1506 κ

2539 1512 2578 1535 qu.
2592 1510 2640 1534 xci,
2654 1510 2698 1528 art.
2712 1513 2737 1534 4.
