2840 4010
1010 186 1276 231 QUAESTIO
1306 185 1443 233 CXIII,
1472 187 1767 225 ARTICULUS
1795 189 1830 227 X

333 264 422 305 quod
436 273 502 293 non
519 270 565 293 est
587 263 689 294 simile
709 264 747 294 de
770 263 1001 295 illuminatione
1020 264 1104 295 caeci
1124 271 1154 295 et
1176 263 1395 294 iustificatione

333 307 434 347 impii.
459 307 623 344 Quoniam
647 318 789 347 expresse
812 310 934 339 Auctor
952 309 985 339 in
1002 309 1042 338 111
1063 308 1185 339 Contra
1205 307 1310 345 Gent„
1326 318 1393 347 cap.

333 361 413 388 cut,
431 351 505 382 dicit
527 353 617 402 quod
639 349 819 389 iustificatio
846 352 937 394 impii
961 359 1008 383 est
1030 362 1126 394 supra
1146 351 1180 382 id
1201 351 1291 392 quod
1314 352 1394 382 ordo

332 404 439 425 rerum
463 395 569 436 exigit;
595 403 625 427 et
647 395 733 433 ideo,
754 395 837 427 sieut
857 396 947 427 Deus
967 405 1035 427 non
1056 405 1169 426 omnes
1190 403 1301 426 caecos
1323 395 1393 425 illu-

333 438 442 476 minat,
459 439 501 470 ita
525 450 591 470 non
611 437 752 483 [omnes]
775 440 892 480 impios
914 432 1070 470 iustificat.
1087 439 1147 469 Hic
1163 445 1279 474 autem,
1304 449 1394 478 argu-

334 490 443 514 mento
463 484 613 520 secundo,
639 484 727 525 quod
746 485 808 514 hoc
823 484 934 523 tangit,
957 483 1026 514 vult
1049 483 1225 513 secundum
1249 482 1394 513 ordinem

334 537 440 558 rerum
462 528 566 568 ipsam
593 527 849 558 iustificationem
875 527 957 564 fieri3
980 533 1011 557 et
1037 533 1203 566 propterea
1232 536 1299 556 non
1327 536 1392 556 esse

334 571 533 603 miraculum.
557 574 624 602 Aut
646 581 720 611 ergo
742 572 804 608 hic,
829 578 884 602 aut
904 570 958 606 ibi,
982 580 1000 600 a
1015 580 1090 600 vero
1115 570 1258 600 declinat.

389 615 442 647 lv.
459 617 510 647 Ad
526 615 715 646 evidentiam
730 615 857 651 horum,
874 614 1037 644 sciendum
1050 621 1096 644 est
1108 614 1206 655 quod,
1220 623 1294 644 cum
1306 623 1393 644 com-

334 669 432 690 mune
455 660 495 691 sit
517 659 606 690 omni
621 659 743 690 formae
766 669 832 690 non
854 658 968 688 habere
989 658 1154 688 materiam
1177 668 1214 688 ex
1236 668 1300 698 qua
1319 667 1394 688 con-

334 710 410 740 stat,
438 713 514 735 cum
538 704 587 735 de
598 701 742 744 potentia
770 702 904 733 naturali
926 703 968 733 ad
994 701 1141 733 formam
1150 700 1306 743 quaestio
1330 709 1392 738 est,

334 757 399 778 non
423 747 482 778 nisi
506 748 544 778 de
567 747 696 778 materia
719 747 752 777 in
775 757 848 787 qua,
869 753 915 777 est
938 756 1051 777 sermo.
1068 747 1190 785 Verum
1206 726 1392 777 huiusmodi

333 792 463 823 materia
478 791 512 823 in
526 802 603 835 qua
600 790 775 839 ,dupliciter
784 797 893 831 potest
908 800 941 821 se
957 790 996 821 ad
1011 790 1154 822 formam
1162 783 1286 824 habere.
1310 790 1392 820 Nam

337 835 542 886 quandoque
554 841 614 875 est
623 845 690 865 non
713 834 849 876 solum'
841 845 874 864 ιιι
898 845 962 876 qua
977 833 1012 865 fit
1028 841 1059 865 et
1073 840 1118 865 est
1141 833 1252 870 forma,
1277 834 1332 863 sed
1348 841 1394 865 est

333 880 465 910 materia
485 886 522 911 ex
537 874 614 919 ¹qua
624 878 768 909 educitur
788 878 900 909 forma.
925 879 966 909 Et
987 885 1063 909 tunc
1079 885 1125 909 est
1140 877 1279 918 potentia
1302 884 1392 908 natu-

335 923 407 954 ralis
429 923 468 954 ad
490 923 638 959 formam,
664 929 776 962 utpote
801 932 839 953 ex
866 932 923 953 sua
944 922 1086 963 potentia
1109 921 1315 952 educendam.

389 967 592 1008 Quandoque
611 973 718 998 autem
741 973 788 997 est
811 967 916 997 solum
932 967 1062 998 materia
1084 966 1116 998 in
1137 975 1203 1007 qua
1225 964 1260 996 fit
1283 971 1315 996 et
1336 972 1392 1002 est

333 1021 400 1042 non
422 1018 529 1042 autem
553 1021 590 1041 ex
621 1021 685 1051 qua
705 1011 860 1042 educitur.
882 1011 924 1042 Et
946 1011 1008 1046 hoc
1030 1010 1134 1041 adhuc
1156 1009 1310 1050 contingit
1333 1009 1391 1039 du-

332 1054 465 1106 pliciter.
481 1055 556 1087 Uno
574 1055 685 1091 modo,
709 1055 752 1086 sic
769 1056 868 1095 quod,
891 1055 964 1086 licet
985 1054 1089 1106 forma
1107 1063 1173 1087 non
1187 1053 1339 1085 educatur
1355 1054 1393 1084 de

331 1098 475 1139 potentia
490 1098 648 1135 materiae,
664 1098 830 1139 dispositio
846 1106 951 1130 tamen
966 1097 1094 1139 propria
1108 1098 1149 1130 ad
1163 1097 1300 1128 formam
1317 1098 1392 1128 edu-

332 1143 413 1174 citur
435 1143 474 1174 de
497 1143 638 1184 potentia
656 1143 803 1174 materiae
826 1153 882 1184 per
905 1143 1045 1174 naturale
1064 1151 1169 1183 agens.
1185 1135 1227 1172 Et
1247 1148 1324 1172 tunc
1347 1149 1393 1172 est

333 1176 428 1218 etiam
443 1187 586 1228 potentia
601 1187 750 1218 naturalis
763 1188 802 1218 ad
818 1187 964 1218 formam.
980 1187 1022 1218 Et
1032 1187 1094 1217 hoc
1106 1186 1219 1217 modo
1217 1191 1264 1216 est
1277 1185 1311 1216 in
1327 1195 1393 1217 cor-

333 1241 412 1279 pore
435 1231 584 1272 organico
607 1231 749 1272 potentia
772 1231 921 1262 naturalis
940 1232 980 1262 ad
999 1230 1138 1261 animam
1159 1229 1390 1262 intellectivam

380 1274 462 1306 Alio
478 1276 588 1312 modo,
604 1276 648 1306 sic
669 1276 758 1316 quod
780 1275 909 1316 propria
931 1275 1098 1316 dispositio
1114 1274 1265 1306 educatur
1280 1274 1319 1304 de
1334 1285 1391 1314 po-

333 1319 431 1350 tentia
453 1319 594 1356 subiecti,
617 1320 673 1350 sed
688 1330 754 1350 non
775 1330 830 1360 per
845 1329 940 1359 agens
962 1319 1112 1355 naturale,
1137 1318 1314 1355 claudendo
1333 1320 1391 1349 sub

334 1363 468 1395 naturali
483 1370 595 1404 agente
609 1370 716 1394 toturn
732 1364 877 1394 ordinem
892 1371 1031 1394 naturae.
1048 1363 1090 1394 Et
1103 1357 1179 1394 tune
1184 1359 1241 1394 eet
1251 1363 1393 1402 potentia

333 1407 578 1448 quodammodo
611 1407 777 1444 naturalis,
805 1414 836 1438 et
865 1408 1107 1448 quodammodo
1136 1416 1204 1441 non
1232 1407 1392 1439 naturalis.

333 1451 499 1489 Quoniam
521 1461 559 1482 ex
581 1461 620 1482 eo
643 1452 733 1492 quod
760 1451 855 1482 etiam
871 1451 998 1492 propria
1017 1450 1183 1492 dispositio
1195 1451 1242 1481 'ad
1256 1450 1394 1482 formam

333 1495 453 1527 excedit
472 1495 653 1527 facultatem
675 1495 824 1526 naturalis
844 1495 955 1526 motivi
975 1495 1044 1526 talis
1063 1495 1233 1539 potentiae,
1252 1496 1394 1536 sequitur

332 1539 422 1581 quod
444 1539 586 1580 potentia
604 1540 644 1570 ad
659 1540 755 1570 talem
770 1539 908 1570 formam
931 1540 971 1570 sit
989 1550 1084 1580 supra
1106 1539 1280 1580 potentiam
1304 1546 1393 1570 natu-

332 1583 433 1616 talem
453 1583 556 1614 iuius:
581 1594 618 1614 ex
632 1594 671 1614 eo
686 1590 794 1614 autem
809 1584 899 1625 quod
914 1583 966 1614 illa
983 1584 1163 1625 dispositio
1169 1583 1332 1616 educibilis
1349 1591 1395 1615 est

333 1622 382 1658 de
387 1627 531 1669 potentia
549 1628 690 1669 propria,
708 1628 869 1670 quandam
892 1627 1124 1660 naturalitatem
1142 1619 1245 1659 Habet.

389 1671 429 1703 V.
446 1671 489 1705 Et
509 1672 573 1703 hoc
589 1672 695 1703 modo
717 1672 860 1713 potentia
882 1672 1005 1703 annuae
1027 1673 1067 1703 ad
1089 1671 1222 1713 gratiam
1244 1678 1291 1703 est
1312 1682 1394 1713 quo-

333 1716 509 1747 dammodo
532 1716 702 1753 naturalis,
722 1726 782 1757 pro
809 1723 930 1758 quanto
954 1722 1043 1747 actus
1067 1716 1157 1747 liberi
1188 1715 1305 1747 arbitrii
1328 1726 1394 1757 quo

332 1766 543 1801 praeparatur
563 1761 605 1792 ad
627 1761 777 1801 gratiam,
802 1760 946 1792 educitur
968 1761 1007 1792 de
1030 1760 1172 1812 potentia
1200 1760 1335 1791 naturali
1356 1761 1393 1791 Ii-

332 1803 399 1835 beri
417 1804 544 1847 arbitrii
567 1804 626 1845 Est
647 1811 755 1836 autem
785 1804 1047 1846 supernaturalis,
1070 1814 1130 1846 pro
1161 1811 1282 1846 quanto
1306 1811 1393 1835 actus

331 1838 406 1887 ille,
419 1854 456 1886 ut
477 1846 646 1890 dispositio
668 1849 709 1879 ad
731 1848 874 1889 gratiam,
895 1859 913 1879 a
928 1849 996 1880 sola
1013 1848 1148 1890 gratuita
1170 1848 1229 1880 Dei
1251 1849 1394 1880 motione

333 1899 400 1925 esse
423 1897 540 1933 p‘otest;
557 1899 591 1923 et
611 1892 715 1923 forma
737 1892 815 1935 ipsa,
840 1892 958 1924 scilicet
979 1893 1087 1933 gratia,
1113 1892 1253 1934 supremi
1276 1893 1394 1923 ordinis

333 1938 516 1977 &pauper
537 1942 644 1968 totum
667 1943 796 1968 naturae
820 1937 982 1975 ordinem,
1012 1943 1048 1968 ut
1071 1937 1103 1968 in
1127 1937 1325 1979 praecedenti
1349 1947 1394 1967 ar-

2430 189 2503 234 343

1448 264 1563 301 ticulo,
1592 266 1632 295 ad
1657 276 1692 302 2,
1720 266 1825 297 habes.
1853 267 1894 297 Et
1924 266 1998 309 quia
2027 266 2169 297 medium
2197 275 2281 297 nunc
2311 267 2391 303 hoc,
2420 277 2505 298 nunc

1448 309 1527 339 illud
1550 310 1653 340 induit
1680 316 1872 346 extremum;
1897 310 1969 340 ideo
1993 310 2134 350 potentia
2165 310 2287 340 animae
2311 311 2350 341 ad
2373 311 2505 351 gratiam

1448 354 1642 394 quandoque
1665 354 1824 391 naturalis,
1847 355 2042 395 quandoque
2064 365 2130 386 non
2153 355 2321 391 naturalis,
2351 355 2404 385 sed
2428 356 2504 386 obe-

1448 395 1603 429 dientialis
1626 404 1683 428 aut
1695 399 1939 438 supernaturalis
1954 405 2096 430 vocatur.
2112 397 2300 449 Simpliciter
2316 406 2422 429 autem
2438 409 2504 430 non

1449 447 1494 470 est
1517 441 1682 471 naturalis:
1699 442 1853 481 quoniam
1872 443 1911 472 ad
1934 453 1982 472 res
1997 453 2135 483 supremi
2159 442 2278 473 ordinis
2294 449 2350 473 est.
2375 443 2434 473 Sed
2452 443 2504 473 de-

1446 483 1511 515 ficit
1533 494 1551 514 a
1574 485 1694 515 ratione
1718 485 1860 516 miraculi
1883 485 2078 523 iustificatio,
2105 493 2234 527 propter
2256 486 2335 517 illud
2358 487 2504 517 naturali-

1448 528 1517 558 tatis
1537 529 1626 568 quod
1642 536 1688 559 est
1702 529 1735 559 in
1759 529 1874 566 anima,
1895 530 2061 570 praecipue
2085 541 2103 560 a
2122 530 2274 570 theologo
2294 530 2502 567 considerata;

1447 572 1512 612 qui,
1533 572 1687 612 quoniam
1701 573 1788 603 Deus
1804 574 1842 603 ab
1861 573 1950 604 initio
1974 574 2109 605 instituit
2123 581 2296 605 creaturam
2319 575 2505 605 rationalem

1447 615 1486 645 ad
1500 616 1586 646 hunc
1601 626 1787 656 supremum
1799 618 1942 647 ordinem
1958 618 2139 648 elevandam
2151 628 2207 658 per
2221 628 2278 649 sua
2290 618 2382 649 etiarn
2398 629 2503 658 opera,

1446 659 1518 689 ideo
1543 667 1578 691 ut
1602 661 1742 690 naturale
1765 661 1826 691 hoc
1849 661 1974 701 accipit;
1998 663 2087 702 quod
2110 672 2175 692 non
2198 663 2351 702 acciperet
2369 662 2392 692 si
2417 663 2504 693 Deus

1448 703 1554 734 solum
1582 704 1756 735 naturalem
1787 705 1931 736 ordinem
1959 715 2066 736 rerum
2089 713 2220 736 creasset
2248 716 2283 736 ac
2310 707 2504 739 instituisset.

1447 747 1488 777 Et
1511 757 1567 787 per
1590 748 1650 778 hoc
1674 754 1759 788 patet
1781 749 1946 788 responsio
1969 750 2009 779 ad
2032 750 2172 790 primum
2196 750 2329 780 dubium
2343 751 2370 781 *.

1502 791 1556 821 VI.
1584 792 1634 821 Ad
1657 792 1833 822 secundum
1855 792 1874 810 '¹‘
1903 792 2015 823 dicitur
2039 794 2126 834 quod
2157 794 2236 824 inter
2260 801 2424 825 mortuum
2448 804 2504 825 seu

1448 844 1578 865 caecum
1601 842 1632 865 et
1654 835 1790 876 impium
1813 835 1874 866 hoc
1896 836 2036 873 interest,
2060 837 2149 877 quod
2170 837 2203 867 in
2226 838 2327 878 impio
2351 844 2397 868 est
2418 839 2505 869 velut

1447 879 1589 918 potentia
1612 887 1766 918 occupata
1789 880 1847 910 sub
1870 879 1968 910 altero
1992 881 2162 917 contrario,
2188 881 2269 911 sicut
2291 888 2403 921 potens
2426 883 2504 912 cale-

1446 921 1513 952 fieri
1540 930 1611 953 actu
1635 922 1785 962 frigidum
1809 923 1957 953 existens:
1988 924 2020 954 in
2045 931 2173 955 mortuo
2204 932 2310 955 autem
2335 932 2389 956 aut
2411 936 2504 956 caeco

1447 975 1513 996 non
1537 973 1583 997 est
1605 966 1747 1006 potenu‘a
1770 967 1828 997 sub
1845 967 1942 997 altero
1966 968 2132 1004 contrario,
2150 969 2205 998 sed
2220 969 2352 999 omnino
2376 979 2442 1000 non
2459 977 2505 1000 est

1447 1010 1604 1049 potentia,
1630 1010 1704 1050 quia
1728 1011 1766 1040 de
1799 1010 1974 1050 privatione
1998 1012 2037 1041 ad
2059 1012 2203 1042 habitum
2233 1022 2298 1042 non
2321 1019 2367 1043 est
2389 1023 2504 1052 regres-

1447 1063 1500 1084 sus
1521 1054 1581 1085 nisi
1601 1064 1658 1094 per
1680 1054 1908 1085 resolutionem
1928 1055 1968 1084 ad
1991 1055 2141 1096 primurn.
2158 1056 2250 1087 Unde
2273 1056 2407 1087 obiectio
2427 1057 2506 1087 nihil

1447 1098 1564 1128 obstat:
1582 1098 1657 1138 quia
1674 1098 1712 1128 de
1730 1098 1872 1138 potentia
1886 1098 2067 1140 propinqua
2091 1106 2137 1130 est
2160 1109 2273 1135 sermo,
2291 1100 2435 1140 quamvis
2451 1110 2505 1131 oc-

1447 1148 1574 1182 cupata;
1597 1152 1663 1172 non
1687 1142 1726 1172 de
1749 1142 1890 1183 potentia
1918 1150 2042 1174 remota
2064 1153 2121 1184 per
2142 1143 2371 1174 resolutionem
2394 1144 2434 1174 ad
2456 1145 2505 1175 ul-

1445 1193 1571 1217 nmum.

1501 1231 1568 1261 VII.
1585 1230 1636 1260 Ad
1659 1230 1787 1261 tertium
1810 1230 1942 1260 demum
1962 1231 2096 1262 dubium
2110 1231 2128 1250 *
2145 1231 2259 1262 dicitur
2277 1232 2367 1273 quod
2389 1232 2506 1272 duplex
2531 1239 2541 1248 ·

1447 1274 1526 1304 ordo
1546 1281 1592 1305 est
1606 1274 1657 1304 hic
1676 1274 1935 1305 considerandus:
1952 1275 2069 1306 scilicet
2083 1275 2162 1306 ordo
2177 1276 2364 1306 meritorum
2380 1283 2504 1307 nostro-

1445 1328 1518 1349 rum
1541 1319 1717 1349 secundum
1738 1318 1900 1355 iustitiam,
1917 1325 1948 1349 et
1970 1319 2049 1349 ordo
2074 1320 2231 1350 causandi.
2255 1320 2287 1350 Si
2311 1320 2504 1351 attendimus

1447 1363 1486 1392 ad
1509 1362 1654 1393 ordinem
1677 1362 1822 1399 iustitiae,
1839 1362 1882 1393 sic
1905 1369 2026 1403 praeter
2049 1373 2154 1393 rerum
2170 1364 2315 1394 ordinem
2337 1363 2372 1395 fit
2394 1363 2505 1395 iustifi-

1447 1406 1528 1437 catio
1555 1406 1662 1447 impii:
1690 1406 1850 1437 intantum
1878 1413 1914 1437 ut
1940 1407 1974 1436 in
2003 1407 2200 1447 praecedenti
2229 1408 2361 1439 articulo
2385 1408 2505 1439 dictum

1447 1450 1486 1481 sit
1508 1451 1598 1491 quod
1620 1451 1693 1491 plus
1716 1450 1835 1481 excedit
1858 1450 1981 1481 donum
2004 1451 2120 1491 gratiae
2147 1452 2425 1502 proportionaliter
2446 1452 2505 1482 im-

1447 1495 1548 1535 pium,
1565 1505 1663 1535 quam
1679 1495 1801 1525 donum
1817 1494 1958 1534 gloriae
1949 1503 2080 1526 lustum.
2099 1495 2163 1526 Et
2155 1503 2240 1527 iuxta
2256 1496 2341 1526 hunc
2360 1496 2506 1526 ordinem

1447 1542 1568 1569 Auctor
1590 1538 1734 1579 loquitur
1755 1539 1788 1568 in
1795 1534 1884 1569 libro
1903 1539 2025 1570 Contra
2043 1539 2147 1577 Gent„
2171 1540 2204 1570 in
2227 1540 2300 1571 loco
2325 1540 2469 1580 allegato.
2483 1558 2504 1563 —

1447 1583 1479 1614 Si
1496 1590 1603 1614 autem
1619 1582 1833 1614 consideretur
1848 1583 1928 1613 ordo
1944 1583 2092 1614 causandi
2115 1583 2371 1615 iustificationem
2392 1584 2505 1624 ipsam,

1447 1627 1506 1664 sic,
1531 1634 1567 1658 ut
1581 1627 1614 1657 in
1633 1627 1734 1658 littera
1757 1627 1879 1664 dicitur,
1901 1628 2094 1668 quandoque
2117 1627 2152 1659 fit
2174 1628 2352 1659 secundum
2374 1638 2508 1659 consue-

1446 1679 1517 1702 tum
1540 1681 1670 1702 cursum
1692 1671 1841 1702 causandi
1864 1671 1976 1711 ipsam,
1999 1672 2193 1713 quandoque
2215 1682 2310 1712 supra
2332 1672 2450 1713 ipsum.
2466 1672 2508 1703 Et

1446 1716 1534 1746 iuxta
1555 1716 1642 1746 hunc
1664 1715 1809 1746 ordinem
1832 1715 1958 1746 Iocutus
1982 1723 2028 1746 est
2049 1715 2100 1746 hic
2122 1719 2253 1747 Auctor.
2270 1716 2312 1747 Et
2333 1716 2409 1757 quia
2426 1716 2507 1747 ratio

1447 1759 1590 1790 miraculi
1612 1759 1782 1790 attenditur
1804 1759 1890 1790 iuxta
1913 1770 2170 1800 superexcessum
2197 1760 2317 1791 ordinis
2339 1760 2507 1799 causandi,

1449 1811 1479 1835 et
1501 1814 1567 1834 non
1589 1803 1677 1835 iuxta
1699 1813 1957 1844 superexcessum
1980 1803 2099 1834 ordinis
2122 1803 2258 1835 iustitiae
2279 1811 2418 1841 tantum3
2434 1804 2507 1835 ideo

1448 1848 1498 1879 hic
1527 1855 1658 1889 negatur
1687 1858 1754 1878 esse
1783 1848 1973 1878 miraculum
2003 1847 2258 1879 iustificationem
2287 1848 2395 1888 impii,
2419 1849 2509 1890 quod

1448 1899 1554 1923 tamen
1578 1892 1760 1923 conceditur
1783 1893 1822 1922 de
1843 1892 2077 1923 illuminatione
2108 1892 2209 1930 caeci,
2233 1892 2308 1934 quia
2332 1893 2411 1923 ordo
2435 1903 2508 1924 cau—

1450 1936 1538 1967 sandi
1560 1936 1604 1967 ibi
1627 1943 1778 1968 mutatur.

2531 749 2540 758 ·
2556 747 2592 769 Cf.
2605 753 2670 769 num.
2684 754 2701 770 1.

2530 801 2540 812 ’
2554 799 2590 821 Cf.
2604 806 2667 821 num.
2682 805 2708 821 n.

2557 1237 2592 1259 ef.
2607 1243 2670 1260 num.
2684 1244 2719 1259 111.
