2840 4010
73 362 81 371 ·
89 361 170 382 Averr.
177 357 208 380 111
214 356 243 378 de
249 356 280 377 A-

72 387 143 412 nima,
154 386 278 407 comment.

72 418 140 435 xvni.

73 779 85 791 '
100 778 148 806 Qu.
162 783 228 803 uui,
243 781 285 798 art.

5 803 11 834 1
74 811 96 833 2,
109 804 138 826 nd
151 810 172 826 2.

36 1090 90 1111 Μ·
99 1090 129 1115 n.
141 1091 194 1121 με.

30 1121 45 1133 ,,

176 1148 186 1156 .

77 1243 190 1286 ahuaz&
198 1256 218 1276 Α
229 1256 235 1275 l
255 1256 268 1274 ἰ-,
279 1258 283 1261 ’

49 3285 61 3341 ’ἶ
85 3302 96 3312 ”
108 3301 176 3324 Ven-
191 3308 221 3329 ¹7·

985 161 1250 208 QUAEST10
1279 161 1419 207 LXXI,
1447 160 1742 197 ARTlcULUs
1769 160 1805 196 v
2455 169 2477 204 7

305 242 419 281 lentia
447 240 638 279 exterioris
667 239 868 277 moventis.
900 239 977 277 Sed
995 240 1146 277 habitus
1173 240 1212 276 in
1241 239 1366 276 anima

306 306 386 333 non
414 306 460 332 ex
488 293 709 332 necessitate
742 292 915 341 producit
944 305 1052 329 suam
1082 292 1364 341 operationem,

308 347 376 385 sed
403 348 524 385 homo
553 347 666 383 utitur
693 358 736 383 eo
765 358 850 382 cum
878 346 1037 382 voluerit
1054 345 1084 381 ²⁸.
1115 344 1226 382 Unde
1255 344 1365 380 simul

308 400 439 438 habitu
458 399 673 438 inhomine
697 399 890 445 existente,
910 405 1035 446 potest
1053 409 1132 434 non
1151 396 1205 433 uti
1223 395 1365 442 habitu,

309 460 375 494 aut
393 464 503 501 agere
524 452 752 489 contrarium
777 459 916 488 actum.
932 451 982 487 Et
1008 449 1062 486 sic
1080 456 1206 497 potest
1222 449 1367 485 habens

307 506 489 555 ,virtutem
517 505 725 554 procedere
753 505 803 541 ad
830 511 956 540 actum
984 501 1140 550 peccati.

363 560 480 596 Actus
508 566 636 595 autem
663 556 820 606 peccati,
839 555 870 591 si
899 560 1141 601 comparetur
1168 553 1217 589 ad
1245 552 1367 600 ipsam

310 611 490 648 virtutem
523 618 636 659 prout
668 617 723 647 est
753 606 903 645 habitus
932 605 1108 654 quidam,
1138 617 1217 642 non
1245 612 1368 653 potest

311 665 433 713 ipsam
455 660 763 712 corrumpereri
781 659 827 696 sit
843 671 943 695 unus
962 665 1125 695 tantum:
1155 658 1249 695 sicut
1269 657 1369 694 enim

312 730 391 755 non
409 723 608 765 generatur
632 712 782 751 habitus
809 723 877 760 per
904 723 1026 748 unum
1055 718 1194 757 actum,
1221 710 1272 747 ita
1299 722 1370 747 nec

312 782 381 819 per
398 781 519 807 unum
546 774 673 807 actum
702 763 965 812 corrumpitur,
986 771 1027 800 ut
1046 776 1160 812 supra
1177 763 1197 785 ’¹‘
1227 762 1369 800 dictum

314 830 380 860 est.
410 821 487 860 Sed
513 819 544 857 si
572 825 814 866 comparetur
842 823 946 853 actus
973 816 1118 865 peccati
1146 815 1195 853 ad
1215 827 1369 852 causam

311 875 505 919 vir-mmm,
526 871 579 909 sic
595 869 776 919 possibile
801 877 856 906 est
876 869 979 918 quod
1008 881 1076 918 per
1102 880 1222 906 unum
1243 875 1369 904 actum

310 924 456 975 peccati
484 923 630 972 aliquae
658 923 814 960 virtutes
835 929 1133 971 corrumpantur.
1164 920 1371 967 Quodlibet

312 977 412 1014 enim
431 984 632 1025 peccatum
651 976 811 1013 mortale
832 975 1078 1012 contrariatur
1098 973 1250 1020 caritati,
1271 985 1370 1022 quae

312 1037 369 1068 est
387 1029 492 1069 radix
512 1028 687 1066 omnium
705 1028 888 1065 virtutum
908 1028 1128 1074 infusarum,
1145 1026 1369 1074 inquantum

313 1082 582 1123 suntvirtutes
601 1081 637 1118 *ι
668 1089 703 1118 et
730 1081 817 1118 ideo
846 1093 915 1130 per
931 1092 1053 1118 unum
1073 1087 1199 1116 actum
1224 1078 1370 1127 peccati

313 1134 494 1182 mortalis,
515 1135 666 1172 exclusa
695 1134 858 1181 caritate,
878 1132 1126 1170 excluduntur
1149 1144 1219 1180 per
1238 1144 1370 1168 conse-

312 1196 434 1236 quens
471 1199 606 1224 omnes
633 1187 789 1224 virtutes
816 1187 982 1233 infusae,
1011 1192 1195 1234 quantum
1225 1184 1275 1221 ad
1297 1185 1371 1220 hoc

304 1240 571 1296 fflpss“.-sunt
597 1240 764 1277 virtutes.
786 1240 835 1277 Et
852 1240 927 1276 hoc
955 1238 1039 1276 dico
1068 1245 1224 1287 propter
1251 1237 1369 1274 fidem

296 1295 351 1332 'et
367 1302 489 1342 spem,
511 1305 672 1342 quarum
687 1292 841 1331 habitus
861 1298 1057 1334 remanent
1084 1290 1264 1327 informes
1283 1297 1370 1338 post

310 1353 511 1396 peccatum
539 1346 711 1393 mortale,
741 1352 778 1381 et
805 1345 859 1382 sic
886 1357 964 1382 non
991 1350 1078 1381 sunt
1104 1342 1271 1380 virtutes.
1294 1342 1370 1380 Sed

310 1406 511 1448 peecatum
529 1398 691 1445 veniale,
717 1397 823 1445 quod
851 1410 929 1435 non
957 1396 1204 1435 contrariatur
1232 1395 1372 1432 caritati

1420 251 1490 275 nec
1517 238 1681 275 excludit
1707 238 1852 287 ipsam,
1880 250 1949 286 per
1977 238 2215 286 consequens
2251 237 2364 274 etiam
2398 247 2477 273 non

1421 291 1582 328 excludit
1617 290 1708 328 alias
1739 290 1909 328 virtutes.
1938 290 2103 327 Virtutes
2139 302 2233 327 vero
2271 289 2476 337 acquisitae

1421 356 1500 380 non
1517 345 1698 381 tolluntur
1714 356 1783 392 per
1800 355 1921 380 unum
1949 350 2075 380 aetum
2095 343 2368 391 cuiuscumque
2387 354 2475 391 pec-

1421 396 1504 432 cati.

1475 448 1537 484 Sic
1564 449 1673 495 igitur
1700 456 1900 497 peccatum
1927 449 2085 485 mortale
2114 460 2192 485 non
2220 455 2344 496 potest
2367 447 2476 484 simul

1423 512 1504 536 esse
1534 513 1621 536 cum
1649 501 1850 538 virtutibus
1877 501 2029 538 infusis:
2058 508 2183 550 potest
2209 508 2338 537 tamen
2365 500 2477 537 simul

1423 564 1505 588 esse
1526 565 1614 588 cum
1633 553 1830 591 virtutibus
1850 553 2048 603 acquisitis.
2074 555 2279 591 Peccatum
2298 565 2392 590 vero
2411 565 2478 590 ve-

1423 604 1520 641 niale
1547 612 1671 652 potest
1699 606 1811 642 simul
1839 619 1922 643 esse
1950 614 2092 644 etcum
2111 606 2312 644 virtutibus
2331 605 2475 653 infusis,

1423 665 1460 693 et
1488 669 1576 693 cum
1605 657 1806 704 acquisitis.

1476 711 1535 746 An
1563 721 1699 746 Paulum
1727 722 1824 747 ERGO
1853 723 2035 748 mcuNDuM
2055 711 2160 759 quod
2178 718 2379 760 peccatum
2399 723 2478 748 non

1424 762 1670 799 contrariatur
1695 762 1822 799 virtuti
1850 763 2060 800 secundum
2088 776 2140 810 se,
2170 764 2238 801 sed
2266 763 2476 801 secundum

1424 827 1536 851 suurn
1566 822 1704 852 actum.
1731 815 1779 852 Et
1802 815 1889 852 ideo
1909 823 2107 864 peccatum
2127 828 2205 853 non
2223 823 2347 865 potest
2366 816 2479 853 simul

1425 880 1506 904 esse
1536 880 1624 904 curn
1653 875 1738 904 actu
1756 867 1917 905 virtutis:
1947 875 2070 916 potest
2097 875 2225 905 tamen
2254 869 2365 906 simul
2395 880 2477 906 esse

1424 932 1513 957 cum
1540 920 1683 957 habitu.

1475 974 1535 1010 AD
1551 985 1740 1010 SECUNDUM
1755 985 1937 1010 DICENDUM
1957 973 2063 1021 quod
2081 973 2215 1010 vitium
2232 973 2370 1010 directe
2391 985 2479 1010 con-

1423 1026 1596 1063 trariatur
1622 1025 1760 1072 virtuti,
1786 1025 1880 1062 sicut
1903 1034 1938 1063 et
1956 1033 2155 1074 peccatum
2179 1026 2278 1062 actui
2295 1026 2479 1063 virtuoso.

1424 1079 1473 1115 Et
1498 1078 1587 1115 ideo
1605 1078 1739 1115 vitium
1768 1079 1931 1116 excludit
1957 1078 2144 1126 virtutem,
2170 1078 2264 1115 sicut
2281 1085 2479 1127 peccatum

1425 1131 1585 1168 excludit
1612 1138 1739 1168 actum
1766 1131 1924 1168 virtutis.

1476 1185 1535 1220 AD
1562 1195 1722 1221 TER‘rluM
1754 1195 1938 1221 DlCENDUM
1970 1184 2074 1232 quod
2101 1183 2257 1221 virtutes
2294 1184 2481 1220 naturales

1424 1244 1540 1284 agunt
1575 1248 1621 1273 ex
1658 1236 1899 1273 necessitate:
1930 1244 1966 1273 et
2000 1237 2100 1284 ideo,
2131 1236 2274 1284 integra
2302 1236 2481 1273 existente

1424 1289 1573 1336 virtute,
1603 1301 1800 1338 nunquam
1827 1297 2027 1338 peccatum
2055 1297 2179 1338 potest
2206 1289 2244 1326 in
2272 1296 2358 1326 actu
2376 1289 2482 1325 inve-

1425 1342 1506 1379 niri.
1537 1342 1614 1378 Sed
1631 1342 1786 1379 virtutes
1812 1342 1961 1379 animae
1982 1354 2059 1379 non
2079 1343 2294 1390 producunt
2313 1348 2418 1378 actus
2438 1353 2483 1378 ex

1426 1395 1666 1431 necessitate:
1695 1394 1798 1431 unde
1826 1407 1905 1431 non
1933 1402 1988 1431 est
2016 1394 2144 1431 similis
2171 1394 2278 1432 ratio.

365 1511 393 1544 α)
413 1515 541 1544 quantum
560 1511 598 1535 ad
616 1511 664 1536 hoc
691 1512 770 1544 quod.
789 1525 808 1530 -
827 1511 984 1543 inquantum
1005 1511 1057 1541 Pa;
1075 1513 1250 1543 quantum...
1265 1510 1377 1534 virtutes
1395 1517 1450 1534 om.
1469 1510 1500 1536 Κ.

984 1589 1316 1622 Commentaria.
1339 1588 1590 1621 Cardinalis
1611 1587 1812 1620 Caietam

313 1679 365 1745 ΙΝ
386 1669 519 1701 articulo
542 1676 666 1710 quarto,
682 1669 715 1699 in
734 1669 940 1709 responsione
964 1669 1004 1700 ad
1027 1668 1217 1704 seeundum,
1246 1668 1372 1699 adverte
1396 1665 1399 1692 ¹
1425 1667 1527 1698 bilitas
1551 1668 1617 1697 no'n
1647 1667 1808 1706 consurgit
1831 1676 1868 1696 ex
1899 1666 2012 1697 maiori
2040 1666 2090 1696 vel
2121 1666 2237 1696 minori
2267 1667 2405 1697 bonitate
2434 1667 2484 1697 vel

215 1730 226 1749 ι,
255 1727 283 1754 »j
342 1714 442 1755 quod,
459 1719 649 1754 argumento
672 1714 861 1744 consistente
879 1713 912 1744 in
935 1713 1006 1753 hoe,
1023 1713 1113 1754 quod
1135 1712 1161 1742 si
1182 1712 1280 1742 virtus
1304 1721 1371 1742 non

218 1756 222 1769 ¹
241 1756 243 1763 '
277 1759 286 1769 ²
313 1755 614 1798 est'compossibitis
642 1757 759 1790 minori
782 1758 886 1794 malo,
910 1764 988 1798 puta
1009 1756 1100 1792 vitio,
1126 1766 1200 1796 ergo
1224 1766 1282 1786 nec
1302 1766 1369 1786 rna-

311 1800 381 1838 iori‚
398 1806 476 1842 puta
499 1801 591 1838 actui,
612 1807 688 1832 etc.:
711 1802 880 1842 respondet
903 1803 1024 1832 Auctor
1051 1801 1139 1841 quod
1162 1799 1370 1840 incompossi-

1424 1711 1552 1747 malitia,
1570 1711 1625 1742 sed
1648 1720 1684 1742 ex
1708 1711 1824 1742 directa
1846 1711 2064 1752 oppositione;
2088 1710 2187 1750 magis
2215 1717 2322 1741 autem
2345 1710 2482 1750 opponi-

1424 1762 1474 1786 tur
1496 1755 1610 1785 vitium
1632 1755 1739 1786 virtuti
1762 1765 1859 1795 quam
1883 1761 2061 1795 peceatum;
2087 1761 2116 1785 et
2140 1754 2222 1791 ideo,
2240 1762 2298 1785 etc.

1376 1893 1534 1900 ΜΝ

317 1947 369 2021 ’ᾆξ’
957 2023 963 2032 „
1041 2013 1043 2017 f
1098 1969 1415 2013 Armenius
1446 1969 1710 2021 QUINTUS*

830 2071 986 2106 UTRUM
1011 2063 1054 2102 ῘΝ
1077 2070 1297 2108 QUOLIBET
1321 2071 1523 2103 PECCATO
1549 2071 1614 2102 SIT
1637 2071 1808 2108 ALIQUIS
1830 2070 1973 2102 ACTUS

1008 2150 1029 2174 11
1047 2150 1131 2179 Senta,
1151 2150 1210 2175 dist.
1229 2157 1301 2180 xxxV,
1320 2155 1368 2176 art.
1390 2150 1416 2180 3;
1437 2150 1478 2174 De
1497 2149 1578 2179 Malo,
1599 2157 1644 2182 qu.
1663 2157 1690 2180 11,
1708 2152 1757 2175 art.
1779 2157 1800 2175 1.

345 2250 361 2299 ,³³
434 2255 506 2296 ⁸²²4<
529 2250 552 2275 n
573 2249 735 2281 QUINTUM
754 2250 807 2275 sm
827 2249 1066 2278 PROCEDITUR.
1096 2237 1254 2274 Videtur
1273 2238 1378 2285 quod

320 2289 322 2291 ’
358 2268 502 2349 Ξθῗιῖὖ
531 2291 568 2327 in
607 2290 775 2338 quolibet
811 2298 969 2339 peccato
1007 2290 1053 2326 sit
1090 2290 1223 2338 aliquis
1261 2298 1377 2327 actus.

336 2343 374 2388 Ϋ
398 2357 458 2397 3⁷³
478 2347 501 2382 '6
533 2344 638 2380 Sicut
657 2344 759 2380 enim
781 2343 957 2380 meritum
977 2351 1219 2391 comparatur
1239 2343 1286 2380 ad
1307 2343 1380 2380 vir-

354 2370 474 2423 <³⁴⁴5
490 2387 662 2443 tutem,
692 2396 742 2432 ita
769 2403 971 2444 peccatum
999 2396 1046 2433 ad
1065 2396 1199 2432 vitium
1224 2408 1380 2445 compa-

317 2458 431 2488 ratur.
454 2450 531 2487 Sed
551 2449 728 2486 meritum
744 2461 822 2485 non
842 2456 967 2497 potest
986 2461 1069 2485 esse
1089 2450 1233 2498 absque
1254 2449 1379 2498 aliquo

319 2511 416 2540 actu.
447 2504 549 2550 Ergo
578 2515 649 2539 nec
677 2509 878 2551 peccatum
906 2508 1031 2550 potest
1051 2514 1134 2539 esse
1153 2503 1298 2550 absque
1317 2502 1381 2539 ali-

321 2568 397 2605 quo
427 2563 524 2593 actu.

375 2621 410 2646 2.
431 2606 664 2655 pne-mam,
685 2607 916 2655 Augustinus
942 2605 1040 2655 dicit,
1060 2607 1098 2644 in
1116 2607 1212 2645 libro
1233 2608 1279 2644 de
1297 2608 1379 2644 Lib.

279 2677 294 2690 ·‚
320 2661 457 2709 Arb.*,
474 2661 580 2710 quod
595 2673 706 2698 omne
714 2666 911 2709 peccatum
930 2660 1024 2697 adeo
1043 2666 1097 2697 est
1113 2661 1379 2708 voluntarium,

288 2730 296 2742 ‚
321 2714 423 2763 quod
446 2715 480 2750 si
506 2726 581 2750 non
613 2714 661 2750 sit
685 2713 962 2758 voluntarium,
991 2725 1066 2750 non
1095 2719 1148 2750 est
1169 2719 1379 2762 peccatum.

323 2766 401 2803 Sed
429 2778 507 2803 non
533 2773 659 2814 potest
686 2777 769 2802 esse
789 2766 930 2814 aliquid
948 2766 1205 2803 voluntarium
1226 2767 1295 2804 nisi
1314 2779 1383 2815 per

323 2825 450 2857 actum
485 2819 701 2858 voluntatis.
736 2819 839 2867 Ergo
878 2831 994 2856 omne
1030 2827 1231 2869 peccatum
1268 2821 1384 2857 habet

322 2871 490 2920 aliquem
519 2878 682 2916 actum„

334 2921 335 2924 '
378 2922 412 2962 3.
442 2925 675 2972 PRAETEREA,
705 2926 735 2963 si
754 2932 955 2975 peccatum
976 2932 1074 2961 esset
1091 2926 1235 2975 absque
1256 2926 1382 2975 aliquo

322 2984 670 3025 actu‚„sequeretur
691 2979 799 3028 quod
828 2990 874 3015 ex
901 2978 976 3014 hoc
1002 2976 1086 3026 ipso
1115 2979 1221 3028 quod
1253 2979 1383 3027 aliquis

323 3037 445 3067 cessat
472 3030 520 3067 ab
540 3037 627 3067 actu
646 3027 786 3080 debito,
806 3037 992 3080 peccaret.
1025 3031 1103 3068 Sed
1123 3031 1306 3069 continue
1320 3031 1384 3068 ali-

323 3081 407 3131 quis
436 3089 558 3119 cessat
583 3082 631 3120 ab
661 3090 746 3121 actu
774 3084 915 3132 debito,
943 3083 1005 3120 ille
1033 3084 1173 3121 scilieet
1201 3084 1266 3134 qui
1289 3097 1384 3122 nun-

323 3146 440 3183 quam
469 3142 596 3172 actum
625 3134 1012 3186 debitumoperatur.
1042 3138 1144 3186 Ergo
1165 3145 1386 3186 sequeretur

323 3187 428 3236 quod
462 3187 639 3224 continue
671 3196 866 3237 peccaret:
895 3187 1002 3238 quod
1034 3198 1090 3227 est
1116 3190 1264 3227 falsum.
1294 3191 1386 3227 Non

324 3251 414 3288 ergo
445 3247 500 3277 est
527 3240 681 3289 aliquod
708 3248 908 3290 peccatum
936 3243 1081 3292 absque
1109 3250 1206 3280 actu.

378 3293 452 3330 SED
481 3304 627 3330 CONTRA
649 3305 716 3331 Es‘r
743 3294 859 3343 quod,
885 3293 1218 3332 diciturlac.1v*:
1247 3296 1386 3333 Scienti

324 3345 463 3383 bonum
485 3347 623 3395 facere
643 3351 660 3367 ‘²
679 3353 715 3383 et
741 3359 815 3384 non
838 3347 1006 3394 facienti,
1021 3352 1219 3396 peccatum
1237 3353 1292 3384 est
1317 3348 1380 3384 illi.

378 3477 406 3513 α)
419 3479 523 3513 facere.
541 3493 559 3498 -
576 3479 638 3505 Om.
657 3480 768 3505 codices.

1434 2238 1509 2274 Sed
1524 2249 1602 2274 non
1622 2237 1744 2273 facere
1760 2249 1839 2274 non
1853 2237 2031 2285 importat
2045 2237 2211 2286 aliquem
2226 2244 2364 2274 actum.
2386 2239 2487 2286 Ergo

1433 2297 1630 2339 peccatum
1658 2297 1782 2338 potest
1811 2301 1891 2326 esse
1920 2290 2062 2339 absque
2092 2297 2188 2326 actu.

1487 2344 1711 2379 RESPONDEO
1740 2354 1923 2380 DtCENDUM
1952 2343 2056 2391 quod
2075 2342 2245 2397 quaestio
2266 2343 2335 2380 ista
2353 2343 2490 2392 princi-

1434 2396 1566 2444 paliter
1593 2403 1771 2433 movetur
1798 2403 1952 2444 propter
1979 2403 2178 2444 peccatum
2199 2396 2422 2443 omissionis,
2444 2397 2490 2433 de

1434 2461 1511 2497 quo
1541 2449 1654 2497 aliqui
1683 2448 1938 2485 diversimode
1959 2448 2170 2496 opinantur.
2202 2448 2369 2495 Quidam
2390 2449 2491 2486 enirn

1435 2502 1564 2539 dicunt
1591 2501 1696 2550 quod
1723 2502 1760 2538 in
1788 2501 1894 2538 omni
1922 2509 2078 2550 peccato
2108 2501 2324 2538 omissionis
2354 2510 2408 2538 est
2427 2502 2490 2538 ali-

1435 2555 1518 2603 quis
1539 2562 1643 2591 actus
1670 2555 1733 2591 vel
1760 2554 1914 2591 interior
1940 2555 2001 2591 vel
2030 2554 2202 2591 exterior.
2233 2555 2390 2591 Interior
2413 2555 2491 2603 qui-

1436 2609 1537 2655 dem,
1558 2607 1652 2644 sicut
1680 2619 1768 2644 curn
1793 2606 1926 2656 aliquis
1944 2607 2026 2644 vult
2044 2619 2122 2644 non
2150 2607 2203 2644 ire
2228 2608 2276 2644 ad
2297 2608 2492 2644 ecclesiam

1435 2660 1588 2709 quando
1621 2660 1673 2696 ire
1706 2667 1864 2697 tenetur.
1900 2660 2073 2696 Exterior
2106 2667 2253 2707 autem,
2284 2660 2378 2696 sicut
2405 2673 2492 2696 cum

1436 2713 1568 2762 aliquis
1606 2713 1666 2750 illa
1697 2714 1792 2750 hora
1829 2725 1904 2762 qua
1933 2713 1981 2750 ad
2014 2713 2212 2749 ecclesiam
2245 2713 2298 2749 ire
2326 2721 2490 2760 tenetur,

1435 2768 1497 2804 vel
1532 2766 1645 2803 etiarn
1684 2773 1791 2813 ante,
1826 2773 1987 2814 occupat
2022 2778 2062 2802 se
2097 2766 2232 2802 talibus
2275 2766 2411 2814 quibus
2443 2766 2491 2802 ab

1437 2820 1564 2857 eundo
1593 2819 1642 2855 ad
1672 2818 1870 2856 ecclesiam
1898 2818 2110 2867 impeditur.
2141 2819 2188 2855 Et
2213 2819 2288 2855 hoc
2307 2818 2493 2866 quodam-

1438 2873 1556 2909 modo
1584 2872 1734 2909 videtur
1762 2871 1800 2909 in
1827 2871 1995 2920 primum
2025 2871 2165 2909 redire:
2194 2871 2258 2919 qui
2288 2870 2389 2908 enim
2413 2871 2495 2909 vult

1438 2925 1579 2974 aliquid
1608 2937 1696 2962 cum
1725 2937 1802 2973 quo
1831 2924 1933 2962 aliud
1956 2924 2067 2962 simul
2092 2936 2172 2960 esse
2192 2936 2271 2960 non
2289 2931 2424 2972 potest,
2446 2936 2492 2961 ex

1439 2978 1686 3027 consequenti
1707 2978 1790 3015 vult
1816 2978 1880 3014 illo
1910 2989 2058 3022 carere;
2087 2977 2156 3014 nisi
2184 2977 2278 3013 forte
2306 2989 2384 3014 non
2404 2988 2497 3026 *per-

1437 3031 1580 3081 pendat
1602 3031 1706 3080 quod
1729 3043 1797 3079 per
1824 3031 1898 3068 hoc
1917 3030 2022 3079 quod
2039 3030 2120 3067 vult
2138 3030 2273 3078 facere,
2292 3029 2497 3079 impeditur

1439 3085 1486 3121 ab
1517 3097 1562 3120 eo
1592 3083 1698 3132 quod
1730 3084 1852 3120 facere
1884 3091 2048 3128 tenetur;
2079 3082 2117 3118 in
2144 3094 2221 3130 quo
2251 3094 2341 3119 casu
2367 3090 2498 3131 posset

1438 3150 1507 3187 per
1535 3136 1799 3184 negligentiam
1829 3136 2022 3184 culpabilis
2050 3134 2217 3172 iudicari.
2247 3155 2272 3162 -
2300 3134 2373 3172 Alii
2400 3148 2495 3173 vero

1440 3190 1570 3227 dicunt
1588 3190 1692 3238 quod
1711 3189 1750 3226 in
1769 3195 1926 3236 peccato
1947 3187 2163 3225 omissionis
2191 3199 2270 3226 non
2297 3188 2498 3236 requiritur

1441 3243 1572 3291 aliquis
1600 3249 1726 3279 actus:
1755 3241 1881 3289 ipsum
1910 3240 2011 3277 enirn
2040 3253 2118 3278 non
2146 3241 2269 3278 facere
2289 3241 2394 3289 quod
2414 3241 2497 3290 quis

1440 3296 1563 3332 facere
1590 3301 1749 3341 tenetur,
1777 3301 1978 3342 peccatum
2006 3301 2072 3330 est.

1492 3348 1659 3395 Utraque
1688 3354 1816 3384 autem
1845 3346 1974 3395 opinio
2003 3346 2214 3384 secundum
2243 3346 2383 3396 aliquid
2401 3347 2500 3386 veri-
