2840 4010
92 702 102 711 ·
116 701 182 723 Vers.
197 707 233 728 24.

86 1187 100 1199 ⁴·
113 1185 183 1209 Vm.
195 1191 218 1208 ².

946 160 1210 206 QUAESTIO
1241 163 1466 209 LXXXVII,
1495 163 1788 200 ARTICULUS
1818 162 1868 199 lv

2422 163 2490 199 125

1103 295 1416 338 ARTICULUS
1447 297 1715 346 QUARTUS

603 389 757 422 UTRUM
780 389 982 422 PEccAro
1006 389 1238 420 DEBEATUR
1260 388 1404 419 POENA
1429 390 1616 422 INFINITA
1639 392 1872 423 SECUNDUM
1897 390 2214 430 QUANrirATEM

919 468 939 492 Il
959 467 1041 495 Sem„
1058 467 1115 491 dist.
1133 473 1192 496 xm,
1212 474 1256 498 qu.
1270 473 1286 496 1,
1307 470 1353 491 nrt.
1374 466 1396 495 5,
1416 467 1446 491 ad
1467 474 1495 497 2;
1516 468 1556 497 IV,
1577 469 1634 495 dist.
1654 477 1718 500 va1,
1738 478 1783 503 qu.
1801 477 1818 501 ι,
1837 475 1884 495 art.
1905 470 1927 495 3.

361 562 422 601 >se-32
464 568 516 605 κς(
539 557 562 583 1>
582 557 753 588 QUARTUM
773 557 826 582 stc
844 554 1081 582 Pnocenrrun.
1102 544 1260 581 Videtur
1278 544 1383 593 quod

357 587 509 657 §.7¹2⁴
539 605 695 647 peccato
725 598 906 646 debeatur
931 608 1057 647 poena
1085 596 1229 634 infinita
1249 608 1383 633 secun-

346 652 391 707 ῃ
487 648 632 690 (dum
661 650 918 699 quantitatem.
943 649 1089 687 Dicitur
1118 649 1218 686 enim
1247 651 1381 687 Ierem.

329 718 332 722 ·
385 694 481 731 (ΦΨ)
500 703 563 740 *ex
581 698 622 740 *ξ
651 700 806 750 Corripe
834 715 904 748 me,
928 703 1108 748 Domine,
1137 708 1380 741 veruntamen

329 756 366 792 in
382 755 529 800 iudicio,
544 761 580 792 et
592 767 665 792 non
681 755 719 792 in
728 756 870 803 furore
883 761 962 792 tuo.-
984 768 1030 792 ne
1038 756 1145 804 sorte
1158 756 1210 792 ad
1226 754 1382 792 nihilum

329 808 480 857 redigas
498 817 568 844 me.
599 809 658 844 Ira
676 815 802 844 autem
831 809 893 844 vel
912 809 1017 845 furor
1035 808 1107 845 Dei
1125 805 1382 856 metaphorice

329 860 514 908 significat
529 859 734 897 vindictam
756 860 905 897 divinae
925 861 1100 898 iustitiae:
1120 859 1235 908 redigi
1253 867 1380 896 autem

327 912 367 949 in
395 911 553 950 nihilum
583 919 638 950 est
664 925 790 961 poena
817 913 976 960 infinita,
1006 914 1102 951 sicut
1129 919 1164 950 et
1193 925 1237 951 ex
1265 911 1380 950 nihilo

329 963 469 1012 aliquid
501 965 625 1012 facere
654 973 709 1002 est
735 965 880 1003 virtutis
907 966 1086 1005 infinitae.
1116 966 1229 1013 Ergo·
1247 977 1380 1004 secun-

328 1017 421 1055 dum
439 1017 645 1055 vindictam
666 1018 847 1065 divinam,
866 1027 1065 1067 peccatum
1084 1018 1238 1068 punitur
1254 1024 1380 1066 poena

325 1070 470 1107 infinita
498 1072 710 1108 secundum
738 1072 997 1119 quantitatem.
1162 1088 1164 1093 r

356 1142 359 1143 ν
380 1123 669 1171 2.-PRAETEREA,
687 1124 880 1173 quantitati
896 1125 1029 1173 culpae
1044 1119 1248 1173 respondet
1262 1133 1380 1173 quan-

325 1173 408 1213 titas
422 1186 589 1225 poenae;
610 1177 821 1214 secundum
838 1177 926 1214 illud
942 1178 1143 1214 Deuteron.
1158 1175 1284 1214 xxv'*:
1302 1177 1379 1213 Pro

298 1237 301 1239 ·
314 1241 505 1281 fletuum
519 1230 664 1277 peccati
681 1231 751 1266 erit
764 1235 799 1266 et
810 1230 1018 1280 plagarum
1038 1229 1180 1266 modus.
1202 1225 1278 1265 Sed
1292 1241 1379 1277 pec-

326 1289 451 1318 catum
472 1282 577 1331 quod
597 1290 727 1319 contra
746 1284 873 1319 Deum
894 1281 1149 1329 committitur,
1180 1289 1234 1319 est
1257 1281 1380 1318 infini-

324 1341 423 1371 tum:
459 1342 562 1372 tanto
593 1335 693 1372 enim
722 1335 872 1383 gravius
902 1343 957 1372 est
988 1342 1211 1383 peccatum,
1233 1342 1376 1382 quanto

325 1387 448 1424 maior
476 1395 532 1424 est
562 1400 726 1436 persona
761 1396 891 1424 contra
919 1399 1035 1436 quam
1067 1395 1256 1436 peccatur,
1286 1383 1380 1424 sicut

324 1440 476 1488 gravius
503 1447 702 1488 peccatum
728 1447 783 1477 est
810 1448 1005 1489 percutere
1027 1438 1237 1490 'principem
1263 1451 1379 1488 quam

323 1500 522 1542 percutere
547 1493 747 1530 hominem
766 1493 976 1541 privatum;
995 1493 1068 1532 Dei
1090 1500 1216 1530 autem
1236 1493 1378 1540 magni-

323 1545 416 1583 tudo
437 1552 492 1582 est
510 1545 667 1583 infinita.
698 1547 799 1593 Ergo
820 1558 946 1595 poena
969 1546 1114 1583 infinita
1133 1545 1291 1583 debetur
1308 1558 1378 1595 pro

321 1605 481 1647 peccato
509 1598 615 1647 quod
643 1606 772 1635 contra
798 1600 924 1636 Deum
951 1598 1204 1637 committitur.

379 1650 412 1687 3.
434 1650 666 1698 PRAETEREA,
697 1651 892 1700 dupliciter
921 1659 976 1689 est
1003 1649 1142 1700 aliquid
1169 1650 1376 1692 infinitum:

324 1703 520 1749 duratione
541 1702 690 1750 scilicet,
713 1711 748 1740 et
768 1704 984 1753 quantitate.
1007 1704 1083 1743 Sed
1107 1702 1303 1743 duratione
1325 1712 1380 1742 est

322 1768 450 1806 poena
477 1754 634 1794 infinita.
663 1757 766 1805 Ergo
796 1759 833 1794 e't
861 1757 1079 1806 quantitate.

377 1807 457 1846 SED.
481 1820 626 1846 CONTRA
653 1821 718 1846 EST
747 1809 835 1859 quia
864 1810 1074 1848 secundum
1102 1810 1177 1849 hoc
1205 1808 1377 1847 omnium

323 1861 542 1899 mortalium
575 1869 820 1911 peccatorum
848 1875 995 1911 poenae
1024 1863 1148 1901 essent
1179 1863 1374 1911 aequales:

322 1925 402 1951 non
432 1914 533 1951 enim
562 1921 618 1951 est
644 1914 833 1952 infinitum
862 1915 1009 1954 infinito
1037 1914 1169 1954 maius.

376 1966 600 2004 REsponnEo
627 1980 810 2005 DICENDUM
838 1969 943 2016 quod
970 1981 1095 2018 poena
1113 1967 1376 2018 proportiona-

321 2024 381 2057 tur
394 2027 568 2068 peccam.
590 2021 631 2057 In
649 2029 807 2069 peccato
831 2028 957 2059 autem
984 2022 1060 2060 duo
1081 2029 1177 2060 sunt.
1199 2021 1376 2068 Quorum

322 2081 443 2118 unum
471 2081 527 2110 est
554 2073 703 2116 aversio
724 2074 771 2110 ab
800 2073 1098 2112 incommutabili
1125 2074 1243 2122 bon0,
1273 2074 1376 2123 quod

1438 553 1491 581 est
1519 546 1725 584 infinitum:
1755 549 1856 584 unde
1885 560 1930 585 ex
1966 549 2037 585 hac
2064 556 2169 597 parte
2204 556 2403 598 peccatum
2431 557 2487 586 est

1436 597 1635 635 infinitum.
1666 600 1778 637 Aliud
1807 601 1909 649 quod
1931 608 1985 637 est
2011 601 2049 638 in
2068 608 2236 650 peccato,
2267 609 2322 638 est
2345 601 2487 639 inordi-

1436 658 1522 686 nata
1542 652 1739 688 conversio
1762 653 1808 689 ad
1829 653 2096 691 commutabile
2111 655 2270 691 bonum·
2287 654 2335 691 Et
2352 666 2395 690 ex
2413 654 2486 691 hac

1436 710 1539 749 parte
1567 711 1764 751 peccatum
1793 712 1848 741 est
1865 705 2029 742 finitum:
2058 714 2138 743 tum
2157 706 2246 755 quia
2268 704 2392 755 ipsum
2417 706 2485 744 bo·

1436 767 1526 791 num
1565 756 1833 793 commutabile
1875 765 1929 794 est
1963 759 2129 805 finitum;
2162 767 2242 795 tum
2281 760 2368 808 quia
2404 759 2486 808 ipsa

1436 809 1635 844 conversio
1656 816 1711 845 est
1729 809 1844 854 finita,
1866 821 1942 846 non
1971 811 2072 847 enim
2101 819 2259 859 possunt
2278 824 2359 848 esse
2379 819 2483 850 actus

1436 868 1625 896 creaturae
1653 861 1797 898 infiniti.
1829 862 1885 898 Ex
1912 870 2015 910 parte
2044 863 2151 910 igitur
2179 864 2396 911 aversionis,
2427 876 2483 901 re-

1435 913 1596 960 spondet
1624 922 1780 961 peccato
1814 926 1938 962 poena
1972 915 2119 962 damni,
2149 928 2246 964 quae
2284 917 2394 953 etiam
2429 925 2484 954 est

1434 964 1594 1002 infinita:
1612 973 1666 1002 est
1682 966 1779 1002 enim
1801 966 1951 1003 amissio
1972 967 2105 1004 infiniti
2125 968 2227 1015 boni,
2248 969 2384 1006 scilicet
2398 970 2481 1007 Dei.

1435 1018 1498 1053 Ex.
1511 1025 1615 1065 parte
1643 1026 1770 1055 autern
1788 1018 2019 1056 inordinatae
2039 1021 2306 1068 conversionis,
2327 1034 2482 1070 respon·

1435 1070 1497 1106 det
1525 1070 1559 1106 ei
1586 1081 1711 1118 poena
1739 1083 1881 1118 sensus,
1913 1084 2010 1119 quae
2039 1073 2150 1110 etiam
2181 1081 2235 1110 est
2260 1074 2375 1111 finita.

1486 1125 1544 1159 An
1574 1135 1708 1160 PmMUM
1734 1136 1830 1161 ERGO
1850 1137 2031 1162 nlcENDUM
2057 1125 2159 1173 quod
2189 1126 2346 1163 omnino
2365 1126 2480 1175 redigi

1434 1174 1470 1212 in
1490 1175 1648 1212 nihilum
1670 1188 1757 1213 eum
1777 1177 1840 1226 qui
1859 1185 2001 1226 peccat,
2031 1190 2109 1215 non
2138 1179 2315 1215 convenit
2334 1179 2482 1216 divinae

1434 1226 1610 1264 iustitiae:
1641 1229 1728 1277 quia
1752 1238 1933 1278 repugnat
1951 1231 2185 1279 perpetuitati
2204 1243 2363 1280 poenae,
2384 1245 2481 1281 quae

1434 1288 1488 1317 est
1516 1281 1724 1318 secundum
1754 1282 1921 1319 divinam
1951 1283 2138 1330 iustitiam,
2158 1291 2198 1320 ut
2218 1284 2359 1321 dictum
2380 1293 2434 1321 est
2448 1286 2478 1322 ³¹².

1434 1334 1508 1370 Sed
1529 1333 1565 1370 in
1595 1334 1750 1371 nihilum
1779 1335 1894 1382 redigi
1915 1336 2045 1372 dicitur
2063 1336 2127 1383 qui
2147 1336 2394 1384 spiritualibus
2414 1338 2481 1375 bo-

1434 1385 1490 1422 nis
1517 1385 1702 1434 privatur3
1732 1388 1941 1424 secundum
1962 1388 2050 1425 illud
2071 1390 2083 1424 I
2109 1389 2194 1425 Cor.
2215 1389 2325 1425 XI11*:
2348 1391 2389 1426 Si
2406 1403 2479 1427 non

1432 1438 1598 1475 habuero
1626 1440 1835 1486 caritatem,
1866 1441 1958 1477 nihil
1983 1452 2076 1477 sum.

1485 1493 1543 1528 AD
1571 1503 1760 1529 SECUNDUM
1788 1504 1970 1530 DICENDUM
1999 1493 2102 1541 quod
2123 1493 2215 1530 ratio
2234 1493 2294 1530 illa
2313 1495 2482 1542 procedit

1435 1544 1480 1580 de
1508 1552 1663 1593 peccato
1694 1555 1742 1581 ex'
1766 1553 1870 1593 parte
1899 1546 2125 1583 aversionis:
2156 1546 2207 1582 sic
2236 1546 2336 1583 enim
2361 1548 2478 1584 homo

1434 1605 1562 1634 contra
1590 1598 1716 1635 Deum
1746 1605 1887 1646 peccat.
2272 1601 2276 1603 ’

1484 1651 1542 1686 AD
1562 1662 1719 1687 TERTlUM
1739 1662 1921 1688 DICENDUM
1945 1651 2048 1699 quod
2078 1650 2223 1687 duratio
2250 1664 2406 1700 poenae>
2426 1665 2482 1689 re—

1433 1703 1593 1751 spondet
1622 1703 1809 1740 durationi
1837 1703 1984 1752 culpae,
2015 1716 2092 1740 non
2121 1704 2273 1752 quidem
2305 1716 2348 1741 ex
2376 1713 2480 1753 parte

1433 1763 1547 1802 actus,
1578 1756 1644 1793 sed
1665 1768 1707 1792 ex
1726 1764 1832 1805 parte
1861 1756 2043 1802 maculae,
2073 1768 2148 1804 qua
2177 1757 2332 1794 durante
2353 1766 2481 1794 manet

1433 1816 1555 1845 reatus
1569 1821 1730 1857 poenae.
1743 1809 1820 1847 Sed
1835 1808 2016 1846 acerbitas
2027 1821 2174 1857 poenae
2186 1809 2389 1858 respondet
2402 1823 2482 1858 gra-

1430 1861 1534 1898 vitati
1563 1862 1707 1911 culpae.
1738 1862 1860 1911 Culpa
1883 1869 2010 1899 autem
2029 1874 2126 1911 quae
2148 1869 2202 1898 est
2219 1862 2479 1911 irreparabilis,

1432 1915 1479 1951 de
1499 1927 1538 1950 se
1558 1915 1672 1951 habet
1691 1915 1795 1963 quod
1814 1922 1997 1964 perpetuo
2019 1915 2142 1952 duret:
2165 1922 2200 1951 et
2218 1914 2303 1952 ideo
2325 1915 2482 1952 debetur

1433 1967 1465 2003 ei
1483 1979 1609 2016 poena
1637 1975 1799 2004 aeterna.
1825 1965 1915 2004 Non
1934 1975 2061 2004 autem
2082 1980 2126 2004 ex
2145 1975 2249 2015 parte
2269 1968 2483 2005 conversio-

1432 2020 1487 2056 nis
1515 2021 1628 2057 habet
1654 2018 1893 2057 infinitatem:
1924 2028 1959 2057 et
1986 2020 2071 2057 ideo
2098 2032 2175 2057 non
2204 2019 2361 2057 debetur
2385 2021 2417 2057 ei
2438 2033 2482 2058 ex

1430 2074 1502 2110 hac
1520 2080 1623 2121 parte
1651 2086 1777 2122 poena
1808 2073 1952 2110 infinita
1985 2073 2194 2110 secundum
2227 2073 2481 2122 quantitatem.

997 2163 1326 2198 Commentaria
1350 2164 1597 2198 Garamans
1619 2165 1816 2198 Caietani

395 2255 482 2278 Misso
505 2244 596 2275 tertio
620 2244 761 2281 articulo,
781 2244 813 2276 in
830 2255 961 2286 corpore
984 2245 1096 2285 quarti,
1121 2251 1151 2276 et
1173 2245 1379 2286 responsione

324 2255 436 2320 Oa‘d
459 2288 651 2324 secundum,
677 2288 811 2319 dubium
835 2289 968 2320 occurrit
991 2289 1029 2319 de
1054 2289 1256 2319 conclusione
1281 2296 1310 2320 et
1333 2299 1378 2319 ra—

322 2328 408 2364 tione
432 2342 511 2368 una,
535 2329 652 2363 scilicet
675 2332 764 2372 quod
787 2340 916 2373 peccato
940 2342 1006 2363 non
1029 2333 1160 2364 debetur
1182 2340 1285 2373 poena
1309 2332 1379 2363 infi-

322 2377 388 2408 nita
409 2375 572 2412 intensive,
597 2376 671 2416 quia
695 2377 858 2407 conversio
882 2377 1000 2417 peccati
1024 2384 1069 2408 est
1092 2377 1131 2407 ad
1154 2377 1379 2408 cemmutabile

322 2422 454 2456 bonum,
472 2427 503 2451 et
518 2430 554 2450 ex
569 2420 626 2450 hac
646 2427 731 2459 parte
747 2431 813 2451 non
830 2428 875 2451 est
891 2428 998 2452 contra
1015 2421 1129 2452 Deum.
1146 2421 1275 2452 Falsum
1295 2421 1380 2451 enim

322 2472 369 2496 est
391 2465 479 2506 quod
502 2471 669 2504 peccatum
700 2474 736 2494 ex
758 2471 845 2504 parte
874 2465 1086 2495 conversionis
1116 2475 1182 2496 non
1210 2465 1249 2496 sit
1272 2472 1379 2496 contra

321 2508 444 2540 Deum:
460 2507 541 2550 ‘quia
557 2518 593 2538 ex
613 2515 700 2548 parte
725 2508 938 2540 conversionis
957 2509 1086 2550 aliquod
1105 2516 1268 2550 peccatum
1286 2509 1380 2541 habet

322 2552 429 2583 Deum
452 2561 510 2592 pro
534 2552 668 2588 obiecto,
695 2559 730 2582 ut
749 2560 833 2592 patet
857 2553 894 2583 de
918 2552 993 2583 odio
1017 2550 1084 2584 Dei.
1101 2552 1142 2583 Et
1160 2563 1196 2590 ex
1211 2553 1272 2592 hoac
1295 2560 1380 2593 patet

323 2595 416 2627 etiam
445 2596 534 2636 quod
561 2605 626 2626 non
654 2596 866 2627 universaliter
893 2603 940 2627 est
966 2606 1076 2627 verum
1103 2597 1192 2638 quod
1217 2597 1379 2630 conversio

322 2640 356 2671 in
379 2639 469 2670 omni
491 2647 620 2679 peccato
644 2640 683 2670 sit
706 2641 744 2670 ad
764 2640 989 2671 commutabile
1013 2641 1150 2671 bonum:
1175 2648 1221 2672 est
1243 2641 1327 2671 enim
1347 2641 1378 2671 in

323 2683 508 2717 huiusmodi
535 2684 669 2724 peccatis
702 2685 866 2715 conversio
898 2685 937 2714 ad
966 2684 1225 2716 incommutabile
1257 2686 1380 2716 bonum

323 2727 509 2764 nolendum,
533 2728 724 2768 negandum,
741 2736 810 2765 ete„
827 2735 863 2760 ut
881 2729 1046 2769 proprium
1070 2729 1228 2760 obiectum
1252 2730 1379 2770 peccati.

323 2770 366 2802 Et
387 2770 606 2803 confirmatur:
628 2771 703 2812 quia
724 2771 791 2811 ipse
814 2774 936 2803 Auctor
958 2773 1101 2813 superius
1123 2772 1156 2803 in
1180 2783 1234 2814 qu.
1255 2784 1338 2804 Lxxn
1353 2774 1379 2810 *‚

325 2824 467 2856 expresse
486 2814 561 2845 dixit
581 2815 670 2856 quod
694 2814 804 2846 divisio
825 2816 943 2857 peccati
966 2824 1073 2847 contra
1096 2817 1218 2854 Deum,
1240 2817 1380 2858 seipsum

325 2865 355 2890 et
377 2858 569 2898 proximum,
595 2865 640 2890 est
656 2858 767 2889 divisio
788 2870 884 2900 penes
908 2860 1038 2897 obiecta,
1058 2861 1142 2891 unde
1162 2867 1287 2901 peccata
1312 2870 1379 2902 spe-

325 2901 495 2933 cificantur.
511 2902 552 2932 Et
575 2903 716 2944 sequitur
739 2903 832 2934 etiam
849 2914 885 2934 ex
903 2904 974 2941 hoc,
991 2911 1027 2935 ut
1047 2905 1161 2936 talibus
1177 2905 1312 2945 peccatis
1328 2906 1379 2935 de-

325 2947 435 2977 beatur
457 2945 579 2976 infinita
602 2956 704 2986 poena
727 2947 889 2978 intensive.

368 2991 417 3031 ΙΙΙ.
441 2990 492 3020 Ad
515 2990 576 3020 hoc
600 2990 712 3021 dicitur
734 2992 832 3032 quod,
857 2992 931 3033 quia
952 2992 1148 3033 impossibile
1173 3001 1218 3025 est
1240 2993 1379 3034 aliquem

324 3034 438 3064 habere
467 3034 562 3064 simul
589 3035 694 3075 plures
722 3036 851 3067 ultimos
879 3035 974 3072 fines,
998 3044 1033 3067 ut
1055 3036 1088 3069 in
1112 3037 1266 3077 principio
1290 3038 1380 3068 istius

325 3078 428 3118 operis
451 3075 467 3092 '¹
491 3077 678 3117 habuimus,
704 3086 733 3110 et
761 3089 886 3110 necesse
909 3086 955 3110 est
978 3088 1160 3122 peccantem
1183 3081 1296 3112 habere
1325 3081 1380 3111 ali-

324 3132 422 3163 quem
446 3122 596 3152 ultimum
622 3121 734 3159 finem:
763 3130 889 3164 oportet
915 3131 952 3154 ut
978 3124 1097 3155 aversio
1126 3135 1143 3155 a
1168 3125 1237 3155 Deo
1266 3125 1379 3156 ultimo

324 3165 403 3202 fine,
428 3166 466 3196 sit
490 3176 563 3196 cum
587 3167 790 3197 conversione
814 3168 853 3197 ad
876 3167 973 3198 alium
998 3169 1147 3199 ultimum
1170 3169 1283 3205 finem,
1313 3169 1378 3210 qui,

325 3219 399 3240 curn
422 3219 488 3240 non
504 3210 543 3240 sit
558 3210 653 3246 Deus,
679 3211 905 3242 commutabile
927 3213 1049 3245 bonum
1070 3219 1211 3245 vocatur.
1236 3212 1276 3244 Et
1300 3222 1379 3254 quo-

324 3254 411 3284 niam
441 3254 572 3285 ultimus
595 3253 665 3285 finis
693 3254 726 3285 iu
750 3255 915 3297 omnibus,
943 3263 1009 3287 tam
1035 3258 1258 3297 prosequendo
1283 3267 1379 3298 quam
1405 3278 1407 3297 ὲ

324 3297 486 3338 fugiendo,
511 3298 682 3339 appetitur,
707 3305 738 3329 et
760 3306 807 3330 est
829 3299 968 3339 primum
992 3301 1167 3340 appetitum
1191 3301 1377 3336 formaliter,
1405 3303 1407 3328 1'

324 3341 469 3382 quamvis
493 3347 736 3383 consequenter;
762 3353 958 3383 consequens
977 3351 1023 3375 est
1046 3345 1128 3375 utin
1145 3345 1233 3375 omni
1250 3351 1378 3386 peccato
1405 3343 1406 3383 i

1405 3391 1406 3425 ξ
1433 3387 1516 3416 enim
1534 3386 1692 3416 obiectum
1713 3392 1758 3415 est
1773 3385 1892 3414 malum
1909 3385 1956 3414 vel
1977 3394 2128 3424 apparens
2145 3385 2279 3419 malum,
2301 3383 2380 3414 sicut
2397 3393 2483 3414 amo-

1405 3440 1406 3450 *
1433 3431 1472 3460 ris
1492 3431 1613 3459 bonum
1636 3430 1685 3459 vel
1718 3438 1869 3468 apparens
1893 3429 2024 3458 bonum.
2050 3428 2114 3458 Nec
2139 3438 2193 3467 per
2217 3428 2333 3468 aliquid
2357 3435 2483 3467 apparet

324 3385 363 3416 sit
379 3386 542 3416 conversio
558 3387 597 3416 ad
609 3387 833 3417 commutabile
850 3388 983 3426 bonurn,
998 3389 1142 3428 quamvis
1156 3389 1377 3419 diversimode:

324 3429 399 3469 quia
421 3430 454 3460 in
478 3431 700 3470 prosequendo
724 3431 860 3466 bonum,
889 3432 1024 3463 salvatur
1051 3433 1214 3463 conversio
1239 3433 1276 3462 ad
1301 3432 1378 3461 illud

324 3473 451 3510 directe;
469 3474 500 3504 in
517 3474 667 3514 fugiendo
684 3485 758 3505 vero
776 3475 905 3511 malum,
919 3476 1055 3507 salvatur
1067 3477 1230 3507 conversio
1246 3476 1283 3505 ad
1300 3476 1376 3505 illud
1404 3501 1406 3505 .

1433 2245 1589 2281 indirecte,
1614 2245 1691 2275 dum
1715 2244 1832 2285 fugitur
1853 2245 1965 2276 directe
1985 2245 2104 2276 malum
2125 2246 2198 2286 quia
2220 2246 2423 2277 contrariatur
2437 2246 2482 2277 illi

1434 2289 1648 2319 commutabili
1663 2289 1759 2319 bono.
1774 2289 1922 2319 Peccator
1937 2298 2084 2330 namque,
2102 2289 2194 2319 nimis
2211 2290 2349 2330 seipsum
2365 2301 2481 2327 amans,

1433 2343 1468 2363 ac
1491 2342 1545 2374 per
1572 2331 1633 2364 hoc
1661 2333 1800 2372 seipsum
1828 2333 2020 2363 constituens
2051 2333 2108 2364 sibi
2132 2339 2168 2364 ut
2187 2333 2288 2364 finem
2316 2333 2485 2371 ultimum,

1433 2377 1566 2407 refutato
1591 2377 1674 2413 Deo;
1698 2377 1834 2407 amando
1859 2377 2127 2418 desiderandoque
2151 2377 2327 2408 inordinate
2351 2377 2482 2418 aliquid.

1434 2421 1572 2460 seipsum
1601 2427 1684 2451 amat
1707 2431 1742 2451 ac
1765 2421 1917 2451 desiderat
1936 2421 2156 2461 participatum
2177 2421 2210 2451 in
2228 2421 2283 2452 illo
2300 2421 2482 2452 desiderato.

1434 2465 1580 2496 Odiendo
1604 2475 1678 2495 vero
1702 2465 1876 2503 inordinate
1900 2465 2033 2506 aliquid,
2065 2475 2129 2495 non
2158 2465 2225 2496 odit
2247 2465 2399 2505 seipsum,
2430 2467 2484 2496 sed

1434 2509 1500 2539 odit
1522 2509 1600 2539 illud
1624 2515 1659 2539 ut
1682 2509 1874 2540 contrarium
1897 2509 1955 2539 sibi
1979 2516 2097 2540 amato:
2122 2516 2152 2539 et
2174 2509 2217 2539 sic
2241 2510 2334 2540 etiam
2355 2510 2388 2539 in
2407 2510 2481 2540 odio

1435 2553 1623 2583 convertitur
1647 2553 1686 2582 ad
1709 2552 1849 2594 seipsum
1872 2552 2043 2591 radicaliter
2066 2560 2096 2583 et
2117 2553 2274 2583 indirecte.

1491 2597 1537 2627 Ex
1560 2596 1621 2627 hoc
1644 2603 1749 2627 autem
1778 2595 1966 2630 solvendum
1991 2603 2036 2627 est
2059 2602 2183 2627 motum
2207 2597 2348 2628 dubium.
2373 2597 2412 2627 Et
2436 2597 2482 2627 di-

1434 2641 1568 2671 cendum
1592 2640 1680 2682 quod
1703 2647 1868 2680 peccatum
1891 2648 1957 2671 esse
1981 2647 2087 2672 contra
2110 2641 2214 2671 Deum
2242 2651 2277 2670 ex
2299 2647 2385 2681 parte
2408 2650 2482 2671 con-

1433 2685 1593 2721 versionis,
1614 2691 1718 2724 potest
1741 2685 1906 2724 dupliciter
1928 2685 2071 2724 intelligi:
2095 2685 2210 2715 scilicet
2227 2685 2370 2724 praecise,
2386 2685 2434 2714 vel
2449 2685 2481 2714 in

1434 2729 1543 2759 ordine
1558 2729 1596 2759 ad
1612 2729 1836 2760 commutabile
1852 2729 1983 2760 bonum.
1996 2729 2036 2759 Et
2051 2729 2138 2769 quod
2154 2736 2259 2759 contra
2274 2729 2377 2758 Deum
2394 2738 2481 2768 prae-

1435 2773 1495 2804 cise
1519 2773 1644 2804 nullum
1667 2780 1832 2812 peccatum
1855 2779 1901 2803 est
1924 2783 1960 2803 ex
1982 2780 2068 2813 parte
2088 2772 2312 2803 conversionis:
2326 2772 2481 2812 quoniam

1434 2828 1469 2847 ex
1486 2817 1542 2847 hac
1564 2824 1649 2856 parte
1674 2827 1768 2847 omne
1792 2823 1956 2858 peccatum
1979 2816 2127 2847 fundatur
2151 2826 2243 2856 super
2266 2815 2482 2846 commutabili

1434 2862 1519 2891 bono
1544 2861 1646 2901 prirno
1667 2861 1815 2902 appetito.
1837 2861 1899 2891 Sed
1914 2859 2011 2891 multa
2027 2866 2152 2900 peccata
2168 2865 2240 2889 sunt
2255 2866 2361 2889 contra
2377 2858 2481 2889 Deum

1435 2916 1470 2935 ex
1486 2905 1542 2935 hac
1555 2911 1640 2945 parte
1653 2905 1685 2934 in
1702 2905 1811 2935 ordine
1824 2905 1862 2934 ad
1878 2905 2000 2934 bonum
2016 2903 2247 2934 commutabile.
2258 2902 2299 2933 Et
2315 2903 2358 2933 sic
2370 2903 2481 2933 odium

1435 2949 1492 2980 Dei
1521 2956 1567 2979 est
1594 2956 1702 2979 contra
1729 2949 1851 2979 Deum:
1876 2949 2006 2978 habetur
2037 2957 2173 2987 namque
2201 2946 2274 2976 odio
2302 2947 2387 2976 Deus
2416 2956 2482 2977 non

1434 2993 1580 3034 praecise,
1605 2993 1658 3023 sed
1675 3000 1709 3023 ut
1725 2993 1897 3023 contrarius
1921 2991 2135 3022 commutabili
2159 2991 2244 3020 bono
2260 2990 2352 3020 nimis
2376 2998 2481 3021 amato

1434 3048 1451 3067 a
1475 3044 1636 3078 peccatore
1661 3037 1752 3067 illum
1777 3037 1851 3067 odio
1873 3036 2014 3066 habente.

1491 3081 1542 3112 ΙΙΙ.
1567 3081 1627 3111 Sed
1655 3087 1761 3110 contra
1789 3080 1849 3110 hoc
1876 3079 2019 3110 instatur:
2051 3078 2123 3118 quia
2153 3077 2232 3108 sicut
2262 3077 2369 3108 caritas
2400 3085 2483 3108 amat

1434 3126 1538 3156 Deum
1554 3125 1586 3154 in
1604 3134 1635 3154 se
1651 3133 1738 3164 pure,
1755 3124 1796 3153 ita
1814 3122 1922 3152 odium
1939 3122 1996 3152 Dei
2012 3122 2194 3152 terminatur
2206 3121 2244 3151 ad
2259 3121 2364 3161 ipsum
2377 3121 2481 3152 Deum

1434 3170 1466 3199 in
1490 3179 1522 3198 se
1545 3178 1632 3209 pure,
1658 3174 1687 3197 et
1710 3176 1774 3197 non
1798 3173 1833 3196 ut
1857 3166 2046 3196 contrarium
2070 3172 2175 3195 amato
2198 3165 2293 3195 bono.

1489 3213 1538 3243 Ad
1562 3212 1621 3242 hoc
1650 3210 1761 3241 dicitur
1785 3210 1872 3250 quod
1895 3210 1980 3240 Deus
2003 3209 2034 3239 in
2061 3209 2164 3248 seipso
2188 3209 2362 3239 secundum
2386 3218 2418 3239 se
2438 3215 2483 3239 est

1434 3257 1521 3297 quod
1545 3254 1689 3286 terminat
1712 3254 1838 3289 odium;
1860 3260 1889 3284 et
1909 3263 1974 3283 esse
1991 3252 2181 3283 eontrarium
2201 3253 2286 3283 bono
2308 3260 2483 3283 commuta—

1433 3300 1498 3334 bili,
1516 3306 1560 3329 est
1584 3309 1648 3338 quo
1665 3299 1750 3328 Deus
1776 3304 1821 3328 est
1845 3297 2003 3328 obiectum
2025 3296 2098 3327 odii.
2124 3297 2286 3333 Quoniam
2309 3297 2395 3328 Deus
2418 3306 2483 3326 non

1434 3350 1478 3373 est
1509 3343 1668 3372 obiectum
1699 3341 1761 3371 odii
1795 3341 1852 3370 nisi
1877 3347 1912 3371 ut
1934 3350 2086 3381 apparens
2110 3340 2211 3370 malus
2235 3340 2392 3380 peccanti:
2419 3340 2483 3370 odii

1433 3474 1475 3503 illi
1493 3474 1577 3503 Deus
1602 3474 1712 3508 malus,
1739 3472 1796 3502 nisi
1813 3472 1887 3512 quia
1907 3471 2101 3502 disconvenit
2120 3472 2206 3502 bono
2226 3471 2439 3502 commutabili
2465 3481 2482 3500 a

2507 1294 2518 1304 ⁸
2532 1295 2582 1317 Art.
2598 1296 2700 1322 praeced.

2508 1405 2516 1413 ’
2531 1402 2597 1424 Vers.
2612 1409 2632 1424 2.
