2840 4010
120 930 129 939 '‘
145 928 180 950 Cf.
196 934 259 950 num.
275 934 307 949 iv.

118 1506 126 1514 ·
142 1504 178 1525 Cf.
193 1509 257 1525 num.
271 1510 287 1525 1.

115 2288 126 2299 ⁴¹
142 2287 200 2315 Cap.
214 2294 237 2309 x.

119 2821 128 2830 '¹
134 2820 170 2841 De
179 2819 237 2841 Vera
245 2819 328 2848 Relig„

121 2853 146 2867 ca
166 2862 171 2868 .
185 2852 231 2868 xiv.
243 2857 253 2862 -
263 2846 293 2868 Cf
301 2846 329 2867 de

119 2873 147 2893 Li
162 2872 328 2900 .Arb.,1ib.111‚

119 2905 171 2927 cap.
185 2905 249 2920 xvnr.

360 186 407 222 36

412 264 449 294 11.
473 264 523 293 Ad
546 264 607 294 hoc
631 263 744 293 dicitur
768 264 856 303 quod
883 273 1029 303 praesens
1057 262 1235 302 propositio
1258 271 1316 291 nec
1339 261 1417 291 veri-

358 307 422 343 tati,
440 317 496 337 nec
520 307 679 337 doctrinae
703 307 850 337 Auctoris
875 307 1093 342 contrariatur;
1116 306 1170 335 sed
1190 312 1235 335 est
1258 315 1330 334 vera
1354 304 1417 334 for-

358 351 480 381 maliter
495 351 659 382 intellecta.
676 351 726 380 Ad
750 352 839 382 cuius
856 350 1053 386 evidentiam,
1074 349 1239 379 sciendum
1258 355 1303 379 est
1318 349 1416 390 quod,

359 405 433 425 cum
456 395 633 425 subiectum
665 394 848 425 moralitatis
872 393 911 424 sit
933 401 1020 424 actus
1052 391 1268 428 voluntarius,
1291 398 1418 432 oportet

358 446 464 469 actum
479 439 670 479 inquantum
684 438 900 468 voluntarium
917 437 1009 472 sumi,
1027 446 1101 467 cum
1123 436 1259 466 sumitur
1282 436 1415 476 inquan-

358 489 428 512 tum
451 483 593 512 moralis:
618 492 652 512 ac
676 492 732 521 per
754 482 825 517 hoc,
851 491 887 511 ex
910 481 1078 520 negatione
1101 480 1271 511 voluntarii
1295 481 1416 520 optime

357 526 489 556 infertur
516 526 640 566 negatio
673 525 800 555 moralis
831 532 928 555 actus.
962 524 1047 554 Cum
1082 531 1188 555 autem
1219 524 1416 554 voluntarius

358 577 445 600 actus
470 570 614 605 exterior,
643 576 720 608 puta
748 569 831 598 mala
858 568 1034 608 percussio,
1059 578 1076 598 a
1099 569 1243 608 pluribus
1273 575 1417 599 causetur

357 614 518 654 principiis
542 612 763 648 subordinatis,
785 619 862 652 puta
885 612 1058 648 voluntate,
1081 612 1226 643 irascibili
1250 618 1280 643 et
1298 621 1414 649 manu;

358 659 383 688 si
408 664 607 697 comparatur
635 656 674 686 ad
698 666 847 693 manum,
873 666 939 686 non
964 663 1009 687 est
1039 657 1077 687 ab
1102 666 1138 686 ea
1161 663 1197 687 ut
1219 656 1416 686 voluntarius

357 709 460 732 actus:
481 702 555 741 quia
574 709 687 730 manus
705 709 770 729 non
786 708 832 731 est
855 701 1032 731 secundum
1047 710 1080 730 se
1099 700 1291 740 principium
1307 700 1415 739 aliquo

356 746 454 775 modo
470 745 616 780 liberum,
633 745 687 774 sed
704 745 811 775 subest
832 744 967 784 imperio
984 744 1145 775 serviliter.
1159 744 1191 774 Si
1215 750 1417 783 comparatur

355 790 395 820 ad
417 789 614 825 irascibilem,
639 788 682 819 sic
705 795 752 819 est
772 789 815 818 ab
837 798 873 819 ea
895 795 931 819 ut
953 788 1149 819 voluntarius
1172 795 1260 818 actus
1283 787 1417 827 impera-

355 841 421 864 tus:
447 835 521 874 quia
540 832 702 864 irascibilis
719 833 826 863 subest
848 832 983 872 imperio
1000 832 1139 863 civiliter.
1156 832 1188 862 Si
1213 838 1416 871 comparatur

356 879 395 908 ad
410 878 619 914 voluntatem,
637 877 680 908 sic
700 883 746 907 est
769 878 807 907 ab
823 886 859 906 ea
875 884 910 907 ut
933 884 1020 906 actus
1043 875 1240 906 voluntarius
1259 875 1416 915 quodam-

355 922 454 954 modo
479 923 614 959 elicitus,
635 928 671 952 ut
693 920 811 961 patebit
833 920 859 951 *.
887 921 971 957 Quia
994 930 1068 959 ergo
1092 919 1198 949 nullus
1222 926 1310 950 actus
1334 926 1415 949 exte-

355 967 428 1003 rior,
453 974 489 998 ut
512 974 559 998 est
580 976 598 996 a
621 966 777 1006 principio
803 965 887 995 unde
911 971 957 995 est
987 971 1022 995 ut
1048 963 1129 994 actio
1157 963 1328 1000 transiens,
1355 963 1416 994 exit

356 1013 394 1041 ab
410 1022 449 1042 eo
462 1012 521 1042 sub
537 1012 659 1042 ratione
674 1009 857 1044 voluntarii;
876 1017 1073 1048 consequens
1089 1014 1135 1037 est
1147 1008 1236 1047 quod
1254 1016 1311 1038 nec
1328 1014 1415 1038 exeat

355 1057 394 1086 ab
419 1057 534 1087 eodem
549 1057 607 1086 sub
622 1055 742 1085 ratione
762 1053 908 1089 moralis;
933 1061 963 1083 et
981 1058 1210 1092 consequenter
1225 1052 1313 1082 nulla
1333 1052 1413 1083 actio

355 1101 524 1140 transiens,
549 1107 584 1131 ut
607 1100 664 1135 sic,
688 1109 766 1138 pure
789 1098 828 1128 sit
851 1096 1029 1127 voluntaria
1055 1103 1109 1137 aut
1131 1096 1280 1132 moralis,
1301 1097 1356 1126 sed
1380 1103 1415 1127 ut

356 1146 477 1176 substat
492 1144 608 1177 actioni
624 1144 717 1174 alicui
733 1141 919 1173 immanenti
935 1141 1060 1171 liberae.
1078 1140 1119 1170 Et
1133 1146 1300 1180 propterea
1315 1140 1348 1170 in
1363 1140 1413 1171 lit-

355 1197 420 1220 tera
437 1190 550 1221 dicitur
566 1190 653 1230 quod
669 1197 780 1218 omnes
800 1193 887 1217 actus
907 1185 1052 1220 morales,
1073 1184 1138 1214 sive
1154 1184 1231 1214 boni
1248 1184 1312 1214 sive
1328 1185 1412 1222 mali,

357 1242 431 1266 sunt
453 1235 672 1265 immanentes
694 1233 734 1262 Et
758 1232 800 1262 sic
823 1239 890 1261 esse
914 1229 1094 1260 manifestat
1112 1228 1253 1259 formalis
1271 1228 1412 1259 effectus:

355 1280 476 1310 actibus
500 1279 586 1310 enim
613 1277 787 1308 moralibus
811 1275 903 1306 bonis
932 1275 992 1305 soli
1021 1280 1187 1314 operantes
1215 1280 1290 1303 sunt
1311 1273 1344 1303 in
1368 1283 1414 1304 se-

355 1324 431 1363 ipsis
454 1324 540 1360 boni,
561 1330 591 1354 et
610 1322 685 1353 mali
709 1328 783 1351 sunt
806 1321 838 1351 in
862 1319 971 1359 seipsis
995 1319 1080 1349 mali.
1105 1318 1206 1349 Cuius
1227 1318 1414 1357 oppositum

355 1369 466 1399 accidit
489 1369 521 1398 in
537 1366 786 1399 transeuntibus:
812 1365 968 1406 quoniam
991 1371 1058 1394 acta
1078 1364 1157 1393 bene
1175 1362 1226 1394 vel
1250 1363 1332 1393 male
1355 1363 1416 1394 dis-

355 1420 520 1454 ponuntur
536 1412 628 1443 bonis
650 1411 700 1441 vel
715 1410 806 1440 malis
828 1409 1003 1440 actionibus
1019 1409 1263 1444 transeuntibus,
1280 1414 1316 1438 ut
1331 1415 1416 1448 patet

354 1458 387 1488 in
412 1457 639 1494 aedificatione,
657 1456 788 1496 pictura,
806 1454 970 1494 scriptura.

411 1503 461 1533 ΙΙΙ.
479 1503 530 1533 Ad
545 1502 681 1533 rationes
697 1507 803 1531 autem
817 1500 849 1530 in
866 1494 1078 1539 oppositum*
1095 1497 1207 1527 dicitur
1223 1496 1312 1537 quod
1328 1503 1415 1526 actus

354 1547 520 1579 exteriores
549 1546 698 1576 dicuntur
725 1544 802 1575 boni
830 1544 881 1574 vel
910 1542 984 1573 mali
1013 1542 1186 1578 moraliter,
1216 1548 1252 1572 ut
1282 1541 1416 1571 subsunt

354 1592 447 1623 alicui
471 1591 554 1622 actui
577 1589 777 1625 immanenti,
803 1595 833 1619 et
856 1598 923 1619 non
946 1587 1044 1617 aliter.
1065 1586 1163 1624 Quod
1186 1592 1272 1626 patet
1295 1595 1332 1615 ex
1354 1585 1415 1616 hoc

354 1637 443 1678 quod
467 1646 533 1666 non
566 1636 625 1666 nisi
649 1635 840 1675 inquantum
871 1632 1010 1662 induunt
1040 1631 1196 1661 rationem
1223 1629 1413 1666 voluntarii,

354 1681 430 1711 boni
452 1681 502 1711 vel
518 1680 592 1710 mali
617 1679 778 1709 moraliter
801 1683 876 1707 sunt
899 1683 929 1706 et
953 1675 1113 1705 dicuntur:
1134 1681 1257 1705 constat
1277 1683 1415 1714 namque

353 1725 489 1755 volitum
512 1731 619 1755 actum
642 1724 870 1753 immanentem
900 1719 1072 1750 voluntatis
1097 1718 1214 1749 afferre.
1245 1717 1330 1749 Cum
1353 1717 1415 1748 hoc

1016 185 1281 232 QUAESTIO
1310 185 1485 231 LXXIV,
1515 186 1810 224 ARTICULUS
1840 189 1871 224 ll

1471 269 1576 293 tamen
1601 269 1661 293 stat
1686 264 1775 303 quod
1797 264 1983 295 huiusmodi
2013 273 2100 296 actus
2123 267 2293 298 voluntarii
2317 273 2390 297 sunt
2418 276 2528 297 secun-

1471 307 1549 337 dum
1573 317 1605 336 se
1629 307 1718 342 mali,
1742 306 1830 337 aliter
1853 317 1950 347 quam
1973 316 2060 339 actus
2083 310 2262 347 interiores,
2290 317 2325 341 ut
2348 310 2492 350 superius
2511 310 2529 329 *
2556 316 2734 343 'Qu.xx.,art.
2748 323 2765 344 1,

1470 350 1591 382 dictum
1610 350 1683 381 fuit:
1701 350 1780 380 nihil
1795 351 1881 381 enim
1896 352 2000 382 obstat
2020 353 2122 392 magis
2137 354 2216 384 ratio
2241 361 2326 384 actus
2349 354 2526 384 immanen·
2554 348 2574 369 ²¹

1471 394 1508 426 tis
1532 404 1631 435 quam
1652 393 1833 430 voluntarii,
1856 396 1946 434 quod
1969 395 2113 435 superius
2128 397 2145 416 *
2169 398 2346 428 discussum
2371 405 2425 429 est.

1526 439 1577 469 IV.
1596 439 1630 468 In
1654 439 1768 468 eodem
1784 438 1916 469 articulo
1933 439 2037 478 primo
2057 441 2250 480 quaestionis
2265 441 2527 481 septuagesimae-

1470 490 1609 524 quartae,
1634 482 1798 522 diligenter
1812 483 1937 514 adverte
1953 483 2042 523 quod
2059 493 2095 513 ex
2110 484 2171 514 hoc
2187 485 2328 521 articulo,
2346 492 2382 515 ut
2397 492 2527 516 testatur

1470 526 1634 566 responsio
1658 527 1698 556 ad
1722 526 1863 566 primum
1883 527 1916 556 in
1937 526 2068 557 articulo
2093 534 2179 558 sexto
2202 528 2298 558 huius
2321 529 2525 568 quaestioni5‚

1469 571 1565 601 habes
1588 580 1654 600 non
1678 571 1784 600 solum
1808 571 1897 610 quod
1920 578 2085 610 peccatum
2105 578 2150 601 est
2173 572 2341 602 subiective
2364 572 2396 602 in
2411 572 2526 603 volun-

1470 621 1541 651 tate,
1563 615 1616 644 sed
1641 615 1730 654 quod
1753 624 1849 644 omne
1864 621 2029 654 peccatum
2046 622 2092 645 est
2114 615 2285 645 subiective
2299 615 2332 645 in
2351 616 2524 646 voluntate.

1470 659 1516 688 Ex
1532 659 1593 688 hoc
1609 667 1748 698 namque
1763 658 1836 688 loco
1853 658 1948 688 habes
1965 659 2054 699 quod
2077 669 2174 689 omne
2189 666 2355 699 peccatum
2374 666 2421 690 est
2438 666 2526 690 aetus

1469 701 1663 738 immanens,
1688 708 1718 731 et
1741 711 1758 731 a
1781 702 1963 738 voluntate,
1992 709 2023 733 et
2046 710 2276 743 consequenter
2298 703 2331 733 in
2353 703 2526 739 voluntate,

1469 745 1544 785 quia
1568 745 1672 774 omnis
1696 751 1782 775 actus
1805 745 1983 776 immanens
2007 753 2054 777 est
2075 747 2108 776 in
2131 757 2170 777 eo
2186 757 2204 777 a
2219 757 2286 787 quo
2310 753 2370 778 est.=
2390 747 2431 777 Et
2446 754 2527 788 quo·

1470 789 1555 819 niam
1578 789 1611 818 in
1635 789 1775 818 secundo
1798 789 1930 820 articulo
1954 791 2180 822 determinatur
2197 791 2286 832 quod
2302 801 2368 822 non
2384 791 2452 825 sola
2470 799 2527 821 vo·

1468 834 1573 864 luntas
1593 839 1639 863 est
1654 832 1831 864 subiectum
1850 834 1979 873 peccati,
1995 834 2049 864 sed
2065 835 2170 875 plures
2185 835 2263 866 aliae
2277 834 2438 875 potentiae
2453 841 2528 866 sunt

1469 877 1627 914 subiectae
1645 875 1788 916 peccatis,
1806 882 1843 906 ut
1864 876 1897 906 in
1920 879 2126 918 sequentibus
2149 885 2235 919 patet
2257 878 2409 915 articulis;
2433 887 2527 909 nosse

1469 922 1563 951 debes
1589 921 1677 961 quod
1691 930 1757 950 non
1772 919 1954 951 inconvenit
1968 921 2054 952 idem
2069 930 2232 961 peccatum
2249 933 2315 953 esse
2333 922 2366 952 in
2383 922 2527 963 pluribus

1469 965 1639 996 subiective
1662 964 1839 994 secundum
1854 964 1984 1002 diversa,
2009 966 2090 997 sicut
2108 974 2212 1007 potest
2231 966 2441 998 diversimode
2459 976 2527 997 esse

1469 1020 1486 1039 a
1502 1009 1660 1049 pluribus:
1685 1009 1772 1048 paria
1791 1017 1931 1048 namque
1947 1009 1979 1039 in
1996 1010 2172 1041 actionibus
2187 1010 2433 1041 immanentibus
2454 1017 2529 1041 sunt

1469 1063 1535 1084 esse
1558 1053 1591 1083 in
1615 1060 1645 1083 et
1668 1063 1734 1083 esse
1758 1053 1796 1082 ab
1820 1060 1981 1092 operante.
2009 1053 2094 1084 Cum
2117 1054 2204 1084 enim
2226 1055 2260 1084 in
2284 1055 2374 1085 omni
2397 1061 2526 1095 peccato

1468 1103 1634 1129 concurrat
1662 1097 1743 1128 actio
1770 1096 1943 1127 voluntatis
1969 1098 2104 1136 positive
2126 1098 2177 1128 vel
2200 1098 2368 1138 privative,
2402 1105 2528 1139 oportet

1468 1152 1565 1174 omne
1589 1148 1753 1181 peccatum
1767 1141 1888 1171 ratione
1903 1141 2005 1186 huius·
2015 1151 2081 1172 esse
2097 1142 2129 1172 in
2145 1142 2324 1174 voluntate:
2341 1152 2416 1173 cum
2433 1142 2528 1173 etiam

1468 1193 1634 1228 peccatum
1646 1186 1841 1227 quandoque
1854 1185 1893 1215 sit
1904 1192 1992 1216 actus
2004 1186 2137 1217 alicuius
2150 1186 2308 1227 potentiae
2321 1187 2379 1217 sub
2391 1186 2527 1227 irnperio

1467 1230 1648 1266 voluntatis,
1666 1236 1702 1260 ut
1717 1229 1799 1259 male
1823 1228 1960 1268 diligere,
1977 1231 2059 1260 male
2075 1230 2174 1267 irasci,
2193 1231 2274 1261 male
2294 1230 2528 1271 concupiscere,

1469 1282 1595 1316 oportet
1617 1281 1783 1314 peccatum
1807 1274 1983 1304 secundum
2006 1274 2099 1304 illum
2118 1282 2225 1306 actum
2249 1284 2316 1304 esse
2338 1274 2371 1304 in
2393 1274 2447 1305 illa
2471 1284 2528 1314 po-

1468 1319 1564 1350 tentia
1581 1318 1714 1349 elicitiva
1729 1318 1813 1348 illius
1829 1324 1926 1348 actus,
1939 1318 1981 1348 Et
1996 1319 2021 1348 si
2038 1319 2199 1359 contingat
2214 1319 2254 1349 ad
2271 1318 2408 1349 eundem
2422 1325 2529 1349 actum

1468 1363 1591 1395 malum
1613 1372 1798 1393 concurrere
1821 1369 1882 1392 tres
1906 1362 2062 1402 potentias
2091 1363 2286 1399 defectuose,
2312 1369 2391 1402 puta
2415 1363 2529 1393 volun-

1469 1415 1575 1444 tatem,
1591 1407 1746 1438 rationem
1771 1414 1800 1437 et
1817 1407 2111 1447 concupiscibilem;
2135 1407 2215 1437 illud
2238 1413 2405 1448 peccatum
2429 1407 2530 1438 subie-

1469 1453 1559 1488 ctive,
1576 1452 1754 1482 secundum
1777 1451 1908 1489 diversa,
1933 1452 1990 1482 erit
2006 1451 2037 1481 in
2054 1451 2164 1482 tribus.
2188 1452 2229 1482 Et
2252 1450 2406 1492 quoniam
2430 1461 2530 1492 quan-

1470 1497 1576 1537 doque
1599 1496 1774 1536 assignatur
1793 1506 1851 1535 pro
1876 1495 2018 1526 subiecto
2034 1495 2217 1535 proximum
2240 1495 2412 1526 elicitivum
2431 1502 2529 1532 actus,

1468 1541 1664 1581 quandoque
1680 1541 1821 1581 primurn
1840 1549 1982 1576 movens,
2001 1540 2195 1580 quandoque
2216 1539 2358 1580 primum
2377 1538 2529 1580 dirigens;

1467 1585 1540 1616 ideo
1565 1585 1697 1624 diligens
1721 1584 1819 1615 lector
1843 1584 1996 1615 discernat
2019 1583 2152 1614 dicendi·
2165 1584 2331 1620 rationem,
2353 1582 2409 1615 ubi
2430 1583 2531 1615 diver-

1468 1629 1592 1660 sitatem
1616 1629 1754 1660 invenire
1779 1628 1941 1668 contingat
1960 1629 1999 1659 de
2022 1628 2164 1659 subiecto
2189 1628 2320 1663 alicuius
2343 1627 2477 1670 peccati;
2502 1635 2533 1659 et

1469 1684 1536 1704 non
1560 1675 1696 1710 damnet,
1722 1674 1776 1704 sed
1800 1680 1945 1713 exponat.

1523 1799 1576 1808 W

1119 1862 1435 1906 ARTICULUS
1465 1862 1763 1905 SECUNDUS

884 1957 1040 1988 UTRUM
1064 1956 1176 1987 SOLA
1198 1955 1432 1987 VOLUNTAS
1455 1955 1521 1986 sir
1543 1954 1793 1986 SUBOECTUM
1815 1953 2002 1985 PECCATI

812 2036 844 2060 11·
863 2036 915 2065 11⁸.
935 2043 978 2067 qu.
997 2043 1021 2065 x,
1041 2039 1087 2060 art.
1108 2041 1136 2066 2;
1156 2035 1176 2059 11
1196 2034 1279 2063 Sent„
1299 2033 1357 2059 dist.
1374 2041 1429 2065 xm,
1449 2042 1493 2067 qu.
1511 2040 1544 2063 ιι,
1563 2038 1609 2058 art.
1631 2039 1659 2064 2;
1679 2033 1720 2058 De
1739 2032 1822 2062 Malo,
1843 2039 1887 2065 qu.
1905 2038 1954 2063 vn,
1973 2036 2020 2058 art.
2033 2029 2059 2057 6.

387 2139 447 2166 )-·»“
480 2144 543 2168 ‘aa‘
566 2131 589 2156 D
604 2128 793 2155 SECUNDUM
809 2127 862 2152 src
878 2127 1118 2152 paoeemrun.
1134 2114 1293 2152 Videtur
1311 2114 1418 2163 quod

380 2162 544 2232 &12:74
567 2173 647 2209 sola
665 2172 842 2208 voluntas
863 2169 908 2206 sit
937 2169 1150 2205 subiectum
1174 2168 1331 2217 peccati.
1353 2168 1418 2205 Di·-

372 2208 482 2287 py'fsv
503 2212 617 2269 'f'eit
644 2225 747 2262 enirn
776 2223 1022 2271 Augustinus,
1051 2223 1090 2260 in
1118 2223 1214 2259 libro
1243 2223 1289 2259 de
1311 2223 1417 2268 Dua-

411 2256 502 2315 ζ’·’ῖι
523 2272 635 2317 Rbus
662 2279 872 2315 Animahus
898 2278 929 2323 *,
952 2277 1056 2326 quod
1085 2288 1160 2313 non
1190 2277 1263 2314 nisi
1287 2276 1417 2312 volun—

354 2339 429 2370 tate
450 2339 642 2380 peccatur.
665 2332 743 2369 Sed
761 2338 962 2380 peccatum
991 2338 1046 2367 est
1066 2330 1161 2367 sicut
1188 2331 1226 2367 in
1245 2326 1416 2366 subiecto

354 2389 393 2426 in
420 2387 589 2436 potentia
617 2398 692 2435 qua
720 2393 908 2434 peccatur.
932 2385 1033 2431 Ergo
1059 2385 1139 2421 sola
1167 2385 1343 2421 voluntas
1362 2390 1419 2420 est

355 2441 570 2479 subiectum
599 2439 755 2489 peccati.

411 2508 445 2532 2.
467 2496 700 2539 PRAETEREA,
726 2497 926 2542 peccatum
957 2497 1012 2526 est
1045 2490 1243 2537 quoddam
1272 2490 1416 2527 malurn

355 2557 488 2586 contra
517 2548 716 2585 rationem.
748 2546 825 2583 Sed
853 2545 1001 2581 bonum
1028 2550 1068 2579 et
1098 2545 1244 2580 malum
1280 2543 1328 2580 ad
1362 2555 1418 2580 ra-

355 2604 500 2641 tionem
528 2600 731 2651 pertinens,
753 2607 808 2638 est
831 2598 1024 2635 obiectum
1054 2597 1170 2634 solius
1198 2597 1416 2635 voluntatis.

356 2658 459 2705 Ergo
489 2656 570 2692 sola
595 2656 773 2691 voluntas
802 2660 858 2690 est
887 2651 1098 2688 subiectum
1127 2650 1283 2699 peccati.

413 2711 446 2747 3.
467 2711 701 2755 PRAETEREA,
722 2719 837 2744 omne
855 2712 1056 2755 peccatum
1079 2712 1133 2741 est
1159 2711 1263 2742 actus
1282 2705 1418 2740 volun—

356 2763 488 2800 tarius:
519 2761 620 2811 quia,
640 2770 681 2798 ut
710 2761 797 2798 dicit
816 2758 1061 2807 Augustinus,
1082 2757 1121 2794 in
1148 2757 1243 2795 libro
1266 2758 1312 2794 de
1334 2758 1417 2794 Lib.

356 2817 449 2854 Arb.
470 2816 501 2863 ²¹²,
525 2822 722 2865 peccatum
752 2815 844 2851 adeo
874 2819 927 2850 est
952 2811 1228 2858 voluntarium,
1262 2810 1364 2859 quod
1387 2811 1421 2847 si

358 2883 432 2908 non
451 2870 499 2906 sit
525 2869 792 2914 voluntarium,
815 2878 888 2903 non
908 2872 964 2903 est
984 2870 1193 2915 peccatum.
1216 2863 1293 2902 Sed
1313 2870 1418 2900 actus

357 2925 515 2962 aliarum
541 2923 682 2960 virium
712 2933 791 2959 non
816 2928 902 2957 sunt
929 2918 1133 2956 voluntarii
1160 2917 1232 2954 nisi
1258 2918 1419 2965 inquan-

357 2985 438 3015 tum
466 2978 551 3014 illae
569 2977 670 3020 vires
691 2981 896 3013 moventur
916 2986 937 3010 a
955 2973 1163 3010 voluntate.
1185 2972 1272 3008 Hoc
1291 2978 1419 3008 autem

358 3042 437 3068 non
466 3030 605 3068 sufficit
633 3030 679 3068 ad
708 3030 784 3066 hoc
803 3027 908 3077 quod
929 3026 1000 3064 sint
1021 3025 1233 3063 subiectum
1253 3022 1419 3073 peccati:

359 3085 447 3132 quia
485 3084 697 3121 seeundum
734 3083 810 3119 hoc
847 3080 961 3118 etiam
1001 3080 1175 3117 membra
1214 3077 1419 3123 exteriora,

361 3149 458 3184 quae
496 3145 702 3175 moventur
739 3148 760 3172 a
797 3136 1010 3180 voluntate,
1046 3139 1170 3171 essent
1207 3131 1420 3168 subiectum

360 3191 517 3239 peccati;
544 3191 647 3240 quod
667 3196 769 3240 patet
789 3201 871 3226 esse
891 3189 1040 3226 falsum.
1062 3188 1164 3235 Ergo
1185 3186 1267 3222 sola
1285 3184 1421 3221 volun-

361 3250 416 3279 tas
446 3251 500 3279 est
528 3244 739 3281 subiectum
768 3242 924 3290 peccati.

416 3296 490 3332 SED
506 3308 661 3344 CONTRA,
677 3304 876 3345 peccatum
891 3294 1019 3332 virtuti
1041 3291 1298 3330 contrariatur.
1321 3289 1421 3326 Con-

361 3348 473 3384 traria
502 3356 628 3386 autern
666 3358 751 3386 sunt
781 3349 879 3386 circa
914 3348 1029 3385 idem.
1062 3345 1139 3382 Sed
1174 3343 1273 3382 *aliae
1307 3342 1422 3379 etiam

361 3401 461 3438 vires
494 3401 642 3439 animae
675 3410 824 3450 praeter
849 3402 1106 3446 voluntatem,
1139 3404 1227 3435 sunt
1254 3395 1422 3433 subiecta

1469 2114 1665 2161 virtutum,
1685 2120 1728 2150 ut
1755 2124 1871 2161 supra
1898 2113 1921 2134 *
1948 2112 2092 2149 dictum
2120 2117 2188 2148 est.
2214 2111 2317 2159 Ergo
2345 2122 2426 2149 non
2451 2113 2535 2167 sola
2560 2124 2686 2178 ‘bomar
2700 2128 2774 2154 ma,

1470 2167 1648 2205 voluntas
1678 2174 1734 2203 est
1760 2166 1974 2203 subiectum
2002 2164 2159 2213 peccati.
2488 2195 2491 2197 ,
2519 2189 2521 2195 2

1525 2221 1750 2256 RasPONDEo
1771 2231 1955 2256 DICENDUM
1976 2218 2094 2266 quod,
2115 2217 2211 2255 sieut
2233 2228 2280 2257 ex
2298 2218 2500 2266 praedictis

1469 2280 1585 2321 patet,
1607 2284 1722 2310 omne
1744 2273 1848 2322 quod
1867 2280 1924 2309 est
1942 2270 2171 2321 principium
2189 2271 2394 2308 voluntarii
2415 2277 2532 2319 actus,

1469 2333 1528 2363 est
1546 2326 1759 2363 subiectum
1789 2326 1945 2374 peccati.
1966 2327 2084 2362 Actus
2102 2332 2232 2361 autem
2255 2324 2460 2361 voluntarii
2477 2324 2534 2362 di·-

1469 2387 1608 2416 cuntur
1634 2391 1714 2416 non
1733 2380 1859 2416 solum
1888 2379 1938 2416 illi
1963 2378 2032 2427 -qui
2053 2378 2250 2415 eliciuntur
2277 2388 2300 2414 a
2323 2378 2532 2426 voluntate,

1472 2432 1539 2469 sed
1568 2432 1681 2469 etiam
1708 2433 1757 2469 illi
1785 2433 1851 2481 qui
1870 2445 1893 2469 a
1909 2433 2106 2469 voluntate
2135 2431 2385 2480 imperantur;
2410 2437 2454 2468 ut
2471 2442 2532 2468 su—
2574 2456 2577 2457 ν

1471 2498 1540 2534 pra
1567 2486 1587 2507 '¹‘
1617 2486 1759 2522 dictum
1788 2493 1863 2532 est,
1892 2497 1981 2522 cum
2018 2485 2066 2522 de
2091 2484 2311 2521 voluntario
2346 2491 2530 2532 ageretur.

1466 2539 1583 2577 -Unde
1610 2550 1689 2575 non
1719 2539 1800 2575 sola
1819 2544 1836 2560 ‘¹
1862 2539 2040 2575 voluntas
2059 2545 2184 2586 potest
2211 2549 2294 2574 esse
2317 2536 2532 2575 subiectum

1472 2592 1628 2641 peccati,
1650 2592 1716 2629 sed
1745 2603 1881 2628 ornnes
1908 2592 1992 2629 illae
2024 2591 2216 2640 potentiae
2245 2601 2345 2638 quae
2372 2597 2534 2639 possum

1473 2645 1621 2682 moveri
1640 2646 1687 2682 ad
1717 2657 1806 2681 suos
1826 2652 1943 2691 actus,
1962 2645 2025 2681 vel
2049 2645 2098 2681 ab
2118 2643 2171 2680 eis
2191 2643 2357 2692 reprimi,
2377 2655 2446 2692 per
2461 2654 2533 2680 vo-

1471 2700 1665 2735 luntatem.
1688 2699 1736 2734 Et
1756 2698 1915 2735 eaedem
1945 2697 2058 2734 etiam
2077 2696 2269 2746 potentiae
2298 2700 2386 2733 sunt
2408 2696 2533 2733 subie-

1474 2760 1532 2790 cta
1560 2751 1757 2788 habituum
1786 2750 1989 2788 moralium
2019 2751 2211 2787 bonorum
2231 2749 2293 2786 vel
2320 2749 2532 2786 malorum:

1470 2805 1562 2855 quia
1589 2805 1761 2842 eiusdem
1790 2811 1847 2841 est
1874 2811 1979 2840 actus
2008 2810 2044 2840 et
2071 2802 2234 2839 habitus.

1526 2860 1585 2895 An
1614 2869 1750 2894 PmMUM
1779 2868 1877 2894 ano
1906 2867 2090 2893 mcENDUM
2118 2855 2225 2904 quod
2249 2867 2328 2892 non
2355 2861 2534 2904 peccatur

1473 2912 1544 2950 nisi
1567 2912 1766 2948 voluntate
1786 2910 1883 2947 sicut
1908 2909 2035 2958 primo
2064 2915 2267 2946 movente:
2295 2907 2377 2945 aliis
2401 2914 2533 2944 autem

1473 2964 1650 3015 potentiis
1677 2970 1856 3012 peccatur
1883 2963 1978 3000 sicut
2004 2963 2052 2999 ab
2082 2974 2128 2998 ea
2154 2961 2281 2998 motis.

1527 3021 1585 3055 An
1615 3027 1804 3055 SECUNDUM
1824 3027 2009 3054 memnon
2032 3015 2139 3064 quod
2157 3015 2306 3051 bonurn
2332 3020 2372 3049 et
2389 3013 2534 3051 malum

1471 3071 1661 3121 pertinent
1675 3069 1724 3107 ad
1737 3070 1975 3107 voluntatem
1991 3068 2086 3105 sicut
2097 3079 2166 3116 per
2179 3079 2221 3104 se
2236 3066 2384 3104 obiecta
2399 3064 2532 3114 ipsius:

1475 3125 1542 3163 sed
1562 3124 1655 3161 aliae
1675 3123 1866 3172 potentiae
1893 3122 2037 3159 habent
2057 3121 2213 3169 aliquod
2241 3118 2533 3157 determinatum

1475 3180 1621 3216 bonum
1651 3184 1687 3214 et
1706 3177 1863 3222 malurn,
1885 3175 2031 3212 ratione
2051 3174 2157 3210 cuius
2177 3180 2302 3222 potest
2321 3171 2359 3208 in
2380 3171 2432 3207 eis
2452 3182 2533 3206 esse

1477 3240 1512 3269 et
1538 3231 1658 3268 virtus
1678 3237 1715 3267 et
1732 3229 1867 3266 vitium
1896 3236 1931 3265 et
1959 3234 2171 3277 peccatum,
2197 3225 2409 3263 secundum
2427 3222 2534 3272 quod

1476 3284 1700 3335 participant
1725 3283 1920 3320 voluntate
1951 3289 1987 3318 et
2014 3279 2169 3317 ratione.
2505 3327 2511 3334 ι

1530 3339 1588 3374 An
1614 3346 1776 3374 *mariun
1803 3346 1988 3372 mCENDUM
2017 3333 2121 3382 quod
2154 3330 2329 3368 membra
2364 3339 2534 3376 eorporis

1475 3404 1555 3429 non
1588 3398 1674 3428 sunt
1706 3388 1888 3439 principia
1913 3394 2092 3433 actuum,
2121 3384 2189 3422 sed
2217 3383 2341 3421 solum
2371 3392 2533 3428 organa:

1023 3466 1869 3483 M

418 3514 444 3548 α)
464 3515 529 3540 sola.
546 3525 566 3532 —
583 3513 666 3538 solum
686 3512 754 3536 PLa.

2554 399 2565 410 ⁶
2581 399 2639 420 lbid.

2561 2229 2573 2241 ⁴
2585 2229 2638 2252 Art.
2651 2229 2757 2258 praeced.

2558 2498 2570 2509 ⁸
2584 2497 2633 2525 Qu.
2647 2503 2679 2525 vr,
2694 2501 2737 2520 ert.
2746 2504 2770 2525 4.
