2840 4010
1006 179 1271 225 QUAESTlO
1300 180 1385 227 XC,
1414 179 1709 216 ARTICULUS
1739 179 1788 215 111

2421 175 2486 212 151

990 284 1319 318 Commentariis
1342 283 1433 316 Car
1434 285 1590 317 dinalis
1613 259 1812 318 Caietam

317 373 364 436 Iu
387 361 518 394 articulo
549 363 688 394 secundo
713 363 855 394 eiusdem
877 363 1084 406 quaestionis,
1108 363 1141 393 in
1164 362 1371 403 responsione
1424 363 1516 393 illum
1539 363 1675 404 applicat
1696 364 1736 394 ad
1758 363 1929 404 singulares
1950 361 2029 394 fines
2050 362 2272 394 subordinatos
2294 363 2382 393 bono
2399 371 2486 393 com-

344 407 384 438 ad
407 407 557 448 primum,
585 414 661 438 nota
683 407 716 437 in
739 418 805 449 quo
828 406 976 439 differunt
1002 413 1168 448 praecepta
1195 412 1226 436 et
1246 405 1280 436 in
1302 406 1371 445 lege

314 457 471 488 contenta,
495 458 526 482 et
548 462 566 482 a
580 451 774 492 principibus
792 461 848 482 seu
871 450 1016 492 praelatis
1032 450 1122 480 facta.
1144 449 1208 479 Lex
1227 449 1372 479 ordinem

314 495 354 525 ad
370 505 542 526 commune
564 497 687 526 bonum
704 495 860 526 continet.
883 499 1087 535 praeceptum
1106 499 1212 523 autem
1228 492 1373 522 ordinem

1426 407 1526 437 muni.
1554 406 1686 448 Propter
1713 408 1802 449 quod
1825 413 1990 449 praecepta
2013 417 2094 449 quae
2116 408 2204 441 bono
2228 406 2399 438 6011111111ῃί
2416 416 2484 436 non

1427 450 1682 488 subordinantur,
1699 452 1855 492 praecepti
1878 451 1943 483 vim
1966 461 2033 482 non
2056 451 2181 483 habent.
2214 484 2217 485 ⁷

1117 652 1434 695 ARTICULUS
1462 653 1691 695 TERTIUS

880 750 1034 781 UTRUM
1058 749 1193 780 RATIO
1218 749 1472 780 culusmBET
1497 749 1563 780 SIT
1587 750 1776 782 FACTIVA
1800 752 1921 783 LEG1s

961 831 1034 860 Infra,
1054 839 1099 863 qu.
1118 838 1194 861 xcvn,
1213 835 1262 856 art.
1283 829 1306 860 3,
1326 830 1358 855 ad
1379 829 1407 860 33
1427 831 1456 855 11·
1478 831 1529 861 11⁸⁸,
1550 839 1594 864 qu.
1613 839 1642 863 L,
1661 837 1708 857 art.
1732 841 1752 863 1,
1772 833 1803 857 ad
1825 832 1847 857 3.

457 955 467 964 „
490 948 507 966 s
529 935 551 959 n
579 933 738 958 TERTmM
758 932 811 957 516
830 931 1068 957 PROCEDH‘UR.
1089 918 1247 956 Videtur
1270 917 1374 967 quod

530 974 727 1034 cuiuslibet
764 973 858 1010 ratio
894 973 940 1009 sit
973 971 1110 1009 factiva
1145 970 1248 1019 legis.
1278 970 1378 1007 Dicit

392 1077 473 1119 “⁴5
489 1076 521 1119 Χ
534 1087 668 1128 entes,
689 1092 785 1128 quae
813 1079 934 1129 legem
958 1090 1032 1115 non
1051 1078 1198 1123 habent,
1223 1081 1376 1113 natura-

250 1140 255 1144 “
315 1135 400 1174 liter
423 1146 468 1172 ea
496 1145 593 1182 quae
614 1134 708 1183 legis
726 1138 813 1170 sunt
827 1132 993 1180 faciunt,
1017 1131 1087 1180 ipsi
1102 1130 1175 1168 sibi
1197 1135 1285 1169 sunt
1301 1129 1374 1166 lex.

317 1189 404 1226 Hoc
432 1194 560 1224 autem
589 1185 843 1224 communiter
863 1185 910 1222 de
938 1182 1118 1222 omnibus
1141 1182 1243 1223 dicit.
1273 1182 1376 1230 Ergo

316 1240 476 1291 quilibet
499 1247 625 1289 potest
650 1240 774 1276 facere
801 1238 872 1276 sibi
899 1238 1035 1285 legem.

371 1305 408 1333 2.
427 1294 662 1340 PRAETEREA,
692 1292 788 1329 sicut
813 1290 1071 1339 Philosophus
1098 1287 1198 1335 dicit,
1221 1287 1260 1324 in
1279 1287 1376 1324 libro

229 1353 257 1388 ·.
279 1350 290 1356 “
319 1347 351 1384 11
369 1336 491 1385 Ethic.
510 1346 543 1394 ²⁸,
571 1345 722 1383 intentio
751 1344 975 1394 legislatoris
1002 1348 1057 1380 est
1082 1346 1122 1379 ut
1138 1341 1292 1381 inducat
1311 1341 1377 1378 ho-

317 1399 457 1437 minem
494 1399 546 1436 ad
569 1399 756 1436 virtutem.
795 1397 872 1434 Sed
905 1395 1062 1445 quilibet
1096 1395 1216 1435 hamo
1252 1401 1379 1443 potest

318 1452 437 1491 alium
458 1451 644 1490 inducere
671 1450 722 1488 ad
748 1450 940 1487 virtutem.
969 1450 1072 1497 Ergo
1091 1447 1292 1485 cuiuslibet
1309 1448 1378 1484 ho-

317 1505 432 1544 minis
459 1505 554 1542 ratio
584 1511 640 1541 est
666 1504 803 1541 factiva
830 1503 934 1550 legis.

373 1558 408 1595 3.
438 1559 670 1604 Paean-raam,
700 1557 797 1594 sicut
822 1556 998 1604 princeps
1026 1552 1183 1592 civitatis
1211 1559 1266 1589 est
1289 1552 1379 1590 civi-

317 1610 402 1647 tatis
421 1611 662 1658 gubernator,
691 1610 742 1647 ita
769 1609 927 1658 quilibet
952 1606 1219 1656 paterfamilias
1239 1614 1295 1643 est
1313 1618 1379 1654 gu-

317 1663 498 1701 bernator
517 1664 668 1701 domus.
699 1663 777 1700 Sed
794 1662 972 1710 princeps
1000 1659 1159 1699 civitatis
1185 1667 1311 1708 potest
1328 1660 1378 1695 le-

317 1727 406 1764 gem
426 1716 464 1754 in
485 1716 637 1754 civitate
653 1716 788 1753 facere.
819 1716 921 1763 Ergo
941 1712 1380 1763 quilibetpaterfamilias

317 1777 444 1818 potest
470 1769 510 1807 in
536 1781 606 1807 sua
634 1769 751 1807 domo
779 1769 903 1805 facere
931 1768 1068 1815 legem.

374 1823 448 1859 SED
477 1834 623 1860 CONTRA
650 1833 716 1858 EST
750 1821 855 1881 quod
888 1820 1053 1857 Isidorus
1081 1818 1186 1867 dicit,
1216 1818 1255 1856 in
1282 1819 1379 1856 libro

317 1876 485 1924 Etymol.
500 1875 532 1922 ²⁸,
553 1883 590 1912 et
615 1875 777 1912 habetur
804 1874 842 1911 in
869 1873 1049 1919 Decretis,
1068 1872 1152 1910 dist.
1170 1884 1191 1910 2
1212 1871 1268 1911 ²9³⁸:
1297 1873 1381 1909 Lex

319 1933 375 1966 est
399 1928 607 1966 constitutio
629 1928 779 1976 populi,
806 1927 1011 1965 secundum
1039 1930 1190 1974 quam“
1217 1926 1380 1964 maiores

319 1984 410 2019 natu
437 1981 550 2018 simul
576 1993 663 2018 cum
686 1980 856 2029 plebibus
879 1979 1022 2028 aliquid
1037 1984 1257 2017 sanxerunt.
1288 1979 1379 2015 Non

321 2042 378 2072 est
403 2046 495 2082 ergo
523 2034 723 2083 cuiuslibet
747 2034 872 2071 facere
899 2034 1034 2081 legem.

326 2112 329 2114 >
373 2078 599 2125 Responmzb
627 2098 812 2125 chENDUM
840 2087 944 2134 quod
971 2086 1030 2123 lex
1056 2072 1227 2134 proprie,
1255 2084 1380 2134 primo

321 2148 360 2178 et
385 2141 640 2190 principaliter
661 2139 810 2189 respicit
829 2139 1003 2176 ordinem
1030 2138 1081 2176 ad
1108 2139 1254 2176 bonum
1275 2150 1381 2175 com-

320 2206 441 2231 mune
457 2194 488 2231 ⁸.
519 2193 707 2231 Ordinare
734 2200 863 2230 autern
893 2191 1064 2240 aliquid
1055 2203 1093 2228 111
1113 2191 1259 2229 bonum
1277 2203 1382 2228 com-

201 2259 277 2295 ¹.
320 2258 438 2285 mune
467 2254 522 2284 est
548 2247 611 2284 vel
637 2246 752 2283 totius
779 2244 1038 2292 multitudinis,
1062 2245 1126 2282 vel
1145 2244 1300 2282 alicuius
1319 2257 1382 2292 ge—

320 2301 436 2338 rentis
453 2300 581 2338 vicem
609 2299 721 2336 totius
748 2298 1009 2336 multitudinis.
1038 2298 1087 2334 Et
1108 2297 1196 2335 ideo
1217 2297 1382 2335 condere

319 2353 443 2402 legem
469 2354 533 2390 vel
561 2352 721 2401 pertinet
753 2351 802 2388 ad
835 2358 954 2388 totam
992 2350 1291 2398 multitudinem,
1321 2351 1383 2387 vel

318 2406 481 2456 pertinet
508 2407 557 2443 ad
585 2417 791 2454 personam
817 2403 1010 2453 publicam
1039 2416 1136 2452 quae
1155 2403 1268 2441 totius
1287 2405 1385 2441 mul-

318 2459 488 2498 titudinis
516 2471 646 2496 curam
683 2458 808 2494 habet.
839 2457 939 2503 Quia
968 2464 1004 2494 et
1030 2457 1069 2494 in
1097 2457 1276 2494 omnibus
1304 2458 1384 2495 aliis

373 2578 402 2612 α)
421 2577 565 2603 secundum
584 2583 672 2609 quam.
690 2590 710 2595 —
728 2576 754 2600 in
774 2583 826 2607 qua
845 2575 899 2606 ΕΚ,
919 2575 945 2599 in
965 2583 1044 2607 quam
1065 2577 1150 2602 ceteri.

1430 919 1604 956 ordinare
1632 921 1672 957 in
1698 921 1817 957 finem
1847 928 1901 958 est
1925 921 2004 958 eius
2034 922 2140 959 cuius
2160 930 2214 959 est
2232 924 2406 972 proprius
2425 925 2485 961 ille

1430 971 1527 1008 finis.

1482 1026 1542 1061 AD
1570 1037 1706 1062 ptumum
1734 1038 1832 1063 ERGO
1861 1038 2044 1063 mcaNDUM
2072 1027 2187 1075 quod,
2215 1028 2308 1064 sicut
2336 1041 2450 1078 supra
2467 1030 2488 1052 '¹‘

1431 1077 1572 1114 dictum
1598 1085 1663 1126 est,
1693 1079 1752 1115 lex
1780 1086 1835 1115 est
1862 1079 1900 1116 in
1929 1080 2054 1139 aliquo
2083 1092 2161 1117 non
2189 1082 2313 1117 solum
2338 1082 2431 1119 sicut
2450 1082 2488 1119 in

1430 1131 1643 1179 regulante,
1673 1132 1741 1168 sed
1769 1132 1882 1169 etiam
1909 1133 2166 1191 participative
2194 1134 2287 1171 sicut
2314 1135 2354 1172 in
2380 1147 2488 1184 regu-

1430 1185 1517 1220 lato.
1548 1185 1597 1220 Et
1623 1185 1699 1221 1106
1725 1185 1844 1222 1110ᾶο
1872 1186 2133 1234 unusquisque
2162 1186 2233 1224 sibi
2261 1193 2316 1224 est
2342 1188 2413 1236 lex,
2433 1189 2488 1226 in-

1430 1245 1616 1284 quantum
1643 1237 1840 1286 participat
1876 1238 2048 1276 ordinem
2080 1239 2236 1277 alicuius
2273 1242 2486 1288 regulantis.

1430 1291 1541 1327 Unde
1575 1298 1612 1326 et
1643 1292 1785 1328 ibidem
1818 1291 1989 1328 subditur
2007 1291 2043 1328 ²⁸:
2076 1293 2151 1334 Qui
2175 1294 2372 1332 ostendunt
2396 1306 2490 1343 opus
2515 1305 2526 1316 ⁸

1430 1343 1524 1393 legis
1549 1344 1727 1392 scriptum
1757 1345 1794 1380 in
1823 1345 1996 1383 cordibus
2022 1346 2108 1382 suis.

1483 1398 1542 1433 An
1571 1409 1760 1434 SECUNDUM
1789 1408 1971 1434 DICENDUM
2004 1399 2110 1445 quod
2142 1411 2306 1446 persona
2341 1400 2490 1448 privata

1431 1461 1509 1486 non
1538 1457 1663 1497 potest
1689 1450 1866 1487 inducere
1895 1450 2096 1488 efficaciter
2123 1452 2172 1489 ad
2194 1453 2385 1490 virtutem.
2415 1454 2489 1489 Po-

1431 1510 1502 1539 test
1521 1503 1623 1540 enim
1643 1504 1768 1540 solum
1788 1515 1946 1540 monere
1961 1502 1987 1551 ¹³,
2008 1504 2076 1541 sed
2095 1504 2125 1540 si
2145 1517 2213 1542 sua
2231 1505 2390 1542 monitio
2409 1518 2489 1543 non

1431 1556 1643 1604 recipiatur,
1663 1568 1743 1593 non
1757 1557 1872 1593 habet
1890 1556 1971 1594 vim
1992 1557 2221 1603 coactivam3
2241 1570 2357 1607 quam
2378 1559 2491 1596 debet

1431 1609 1573 1646 habere
1602 1610 1680 1656 lex,
1709 1609 1759 1646 ad
1790 1610 1865 1646 hoc
1893 1610 1997 1658 quod
2029 1610 2230 1648 efficaciter
2258 1611 2410 1649 inducat
2440 1612 2490 1648 ad

1430 1662 1623 1709 virtutem,
1642 1669 1683 1698 ut
1701 1662 1956 1710 Philosophus
1976 1662 2075 1708 dicit,
2095 1663 2134 1700 in
2153 1665 2187 1701 X
2206 1665 2325 1702 Ethic.
2340 1663 2360 1687 *
2379 1665 2491 1702 Hanc

1433 1723 1560 1752 autem
1587 1715 1767 1752 virtutem
1804 1715 2016 1752 coactivam
2053 1716 2168 1754 habet
2200 1717 2400 1754 multitudo
2428 1719 2490 1755 vel

1432 1780 1596 1817 persona
1623 1768 1786 1816 publica,
1816 1769 1865 1806 ad
1893 1781 2009 1816 quarn
2037 1769 2198 1817 pertinet
2224 1783 2368 1819 poenas
2395 1771 2490 1808 111111-

1433 1834 1542 1869 gere,
1571 1829 1613 1858 ut
1639 1821 1734 1858 infra
1757 1821 1778 1843 ’¹‘
1805 1821 1959 1859 dicetur.
1990 1823 2039 1859 Et
2065 1822 2152 1859 ideo
2182 1823 2297 1860 solius
2325 1824 2405 1861 eius
2435 1832 2491 1862 est

1433 1876 1534 1923 leges
1561 1875 1695 1911 facere.

1487 1930 1545 1964 AD
1564 1939 1722 1964 TERTIUM
1742 1938 1925 1964 DICENDUM
1944 1927 2061 1975 quod,
2078 1928 2173 1965 sicut
2190 1929 2309 1966 horno
2330 1937 2386 1966 est
2403 1942 2491 1978 pars

1436 1982 1586 2028 domus,
1605 1980 1656 2017 ita
1676 1979 1814 2019 domus
1833 1987 1889 2017 est
1906 1992 1994 2028 pars
2015 1980 2192 2019 civitatis:
2214 1982 2343 2019 civitas
2363 1990 2489 2020 autem

1436 2041 1490 2070 est
1519 2033 1775 2071 communitas
1800 2033 1977 2082 perfecta,
2005 2041 2047 2071 ut
2071 2034 2205 2071 dicitur
2223 2035 2261 2072 in
2281 2037 2294 2072 l
2314 2036 2456 2073 Politic.
2472 2036 2492 2058 ³³

1436 2088 1484 2123 Et
1511 2087 1598 2123 ideo
1627 2085 1723 2123 sieut
1750 2087 1897 2125 bo'nutn
1924 2086 2035 2124 unius
2062 2087 2229 2125 hominis
2257 2101 2336 2126 non
2364 2098 2419 2126 est
2436 2090 2491 2126 ul-

1435 2140 1549 2176 timus
1576 2139 1675 2185 finis,
1703 2139 1772 2176 sed
1800 2139 1994 2177 ordinatur
2021 2140 2070 2177 ad
2099 2153 2305 2179 commune
2325 2143 2491 2188 bonum;

1437 2193 1486 2230 ita
1514 2193 1627 2229 etiam
1657 2199 1693 2228 et
1718 2193 1867 2230 bonum
1898 2192 2012 2230 unius
2048 2193 2186 2230 domus
2224 2194 2418 2232 ordinatur
2444 2196 2493 2232 ad

1437 2247 1583 2282 bonum
1609 2245 1720 2282 unius
1748 2245 1917 2293 civitatis,
1947 2258 2043 2294 quae
2063 2255 2120 2283 est
2139 2248 2392 2285 communitas
2410 2261 2493 2296 per-

1437 2299 1544 2335 fecta.
1573 2298 1684 2336 Unde
1712 2298 1773 2334 ille
1801 2298 1866 2346 qui
1893 2299 2078 2346 gubernat
2105 2300 2269 2349 aliquam
2298 2301 2491 2347 familiam,

1437 2359 1561 2400 potest
1589 2351 1744 2400 quidem
1779 2351 1903 2388 facere
1940 2352 2303 2402 aliqua,praecepta
2330 2354 2391 2390 vel
2423 2362 2494 2390 sta-

1437 2412 1537 2494 }uta3
1566 2417 1644 2441 non
1671 2411 1799 2440 tamen
1828 2416 1927 2452 quae
1954 2405 2106 2454 proprie
2125 2407 2291 2442 habeant
2309 2406 2493 2443 rationem

1453 2470 1540 2505 egis.

1493 2576 1517 2609 β)
1538 2583 1652 2601 monere.
1669 2590 1689 2595 -
1707 2582 1811 2601 movere
1829 2575 1940 2608 PGI(FL
1947 2574 2000 2608 ?)a,·
2018 2583 2065 2608 pro
2085 2576 2202 2605 monitio,
2222 2576 2303 2601 motio
2323 2576 2394 2601 PGa.

1001 2657 1330 2693 Commentaria
1351 2659 1599 2692 Garamans
1621 2657 1819 2690 Caietam

324 2757 372 2821 Iu
395 2747 526 2778 articulo
557 2746 650 2777 tertio
678 2746 821 2777 eiusdem
844 2746 1054 2787 quaestionis,
1080 2747 1215 2779 dubium
1244 2747 1381 2779 occurrit
1437 2748 1556 2778 ctiones
1580 2754 1687 2778 autem
1712 2746 1750 2777 de
1773 2746 1842 2776 Deo
1867 2753 1897 2777 et
1919 2746 2014 2786 Papa,
2039 2753 2123 2777 extra
2145 2747 2323 2776 humanum
2346 2753 2419 2777 sunt
2442 2757 2494 2776 or-

353 2790 435 2823 circa
455 2790 511 2822 illa
537 2791 648 2821 verba:
677 2789 839 2821 Ordinare
868 2791 991 2831 aliquid
1020 2792 1052 2822 in
1077 2792 1192 2823 bonum
1217 2801 1384 2823 commune

323 2840 370 2866 est
393 2835 489 2866 totius
512 2834 736 2872 multitudinis,
757 2834 807 2865 vel
829 2835 966 2866 alicuius
995 2836 1093 2867 vicem
1116 2837 1259 2877 gerentis
1288 2838 1384 2867 totius

323 2879 547 2910 multitudinis.
564 2879 637 2909 Hoc
660 2878 746 2909 enim
769 2888 836 2909 esse
858 2879 975 2910 falsum
991 2887 1114 2912 constat
1137 2890 1202 2911 non
1221 2881 1328 2911 solum
1350 2881 1383 2910 in

323 2923 404 2959 Deo,
421 2922 477 2963 qui
501 2922 626 2953 ordinat
648 2922 682 2952 in
705 2923 829 2953 bonum
860 2933 1031 2955 commune
1055 2925 1154 2955 totius
1177 2925 1330 2961 universi,
1355 2931 1386 2955 et

323 2977 391 2998 non
415 2973 461 2997 est
483 2966 618 2997 vicarius
642 2966 791 2997 universi:
817 2968 871 2997 sed
894 2968 927 2998 in
949 2969 1052 3009 Papa,
1074 2969 1129 3010 qui
1153 2979 1210 2999 nec
1233 2975 1280 2999 est
1302 2969 1385 2999 mul-

323 3011 428 3042 titudo
445 3010 558 3051 populi
573 3010 753 3047 Christiani,
766 3021 823 3042 nec
839 3018 885 3042 est
901 3012 967 3042 eius
981 3012 1125 3049 vicarius,
1138 3013 1192 3043 sed
1209 3013 1385 3043 lesu-Chri-

324 3055 373 3091 sti,
389 3062 420 3086 et
442 3055 545 3095 legem
568 3054 660 3094 ponit
682 3055 838 3085 Ecclesiae
867 3063 1013 3092 cunctae;
1038 3063 1068 3087 et
1091 3057 1124 3087 in
1152 3056 1384 3097 patrefamilias,

324 3099 381 3140 qui
405 3098 530 3130 ordinat
553 3099 593 3128 ad
616 3108 788 3129 commune
811 3100 934 3130 bonurn
951 3100 1097 3137 familiae,
1113 3107 1144 3130 et
1166 3110 1232 3131 non
1249 3108 1295 3132 est
1318 3101 1385 3131 eius

324 3153 469 3174 vicarius.

382 3187 419 3218 11.
448 3187 499 3217 Ad
526 3187 589 3217 hoc
617 3186 730 3217 dicitur
758 3187 847 3227 quod
877 3187 1043 3228 dupliciter
1074 3195 1208 3227 possunt
1237 3188 1386 3219 Auctoris

325 3231 422 3261 verba
436 3230 576 3270 intelligi.
593 3231 711 3267 Primo,
723 3237 759 3261 ut
771 3230 946 3271 significant
962 3241 999 3261 ex
1011 3231 1042 3260 vi
1055 3232 1234 3262 verborum.
1255 3232 1296 3263 Et
1311 3239 1387 3263 tunc

325 3275 440 3306 dicitur
455 3276 544 3316 quod
560 3285 625 3305 non
644 3274 787 3315 loquitur
805 3275 1034 3306 universaliter:
1052 3275 1107 3305 sed
1125 3275 1158 3305 in
1182 3275 1386 3306 multitudine

327 3319 468 3350 humana
483 3319 628 3359 perfecta,
647 3325 677 3349 et
692 3319 868 3349 secundum
892 3319 1071 3349 humanum
1087 3319 1241 3349 ordinem.
1259 3320 1386 3350 Seclusa

327 3373 466 3404 namque
491 3363 595 3393 divina
617 3363 695 3403 lege,
713 3363 745 3394 in
762 3363 964 3394 multitudine
987 3363 1108 3403 generis
1124 3363 1256 3393 humani
1279 3364 1386 3394 nullus

327 3414 374 3438 est
397 3407 552 3448 princeps,
573 3408 628 3438 sed
651 3407 719 3448 ipsa
742 3407 915 3438 multitudo
940 3417 1112 3438 commune
1136 3407 1258 3437 bonum
1282 3407 1386 3447 primo

327 3451 452 3491 respicit
468 3462 524 3492 per
539 3452 684 3492 seipsam,
698 3451 747 3481 vel
763 3451 934 3482 committit
949 3451 1049 3482 alteri:
1067 3451 1206 3492 alioquin
1222 3461 1286 3481 non
1302 3451 1387 3490 prin—

326 3504 410 3535 ceps,
435 3496 490 3526 sed
512 3502 664 3537 tyrannus
689 3502 782 3532 esset,
808 3496 863 3536 qui
887 3495 1082 3526 multitudini
1101 3502 1266 3536 praeesset.
1291 3495 1386 3526 Obie-

1435 2792 1557 2822 dinem:
1583 2791 1622 2822 de
1637 2797 1726 2831 patre
1742 2797 1849 2822 autem
1872 2790 2015 2826 familias,
2037 2798 2120 2821 extra
2137 2790 2399 2821 communitatem
2422 2800 2491 2830 per-

1438 2836 1562 2866 sectam.
1614 2870 1620 2874 .

1490 2879 1638 2910 Secundo
1668 2879 1799 2914 dicitur,
1823 2885 1854 2909 et
1876 2878 1969 2909 altius
1995 2886 2025 2909 et
2049 2877 2231 2914 formalius,
2255 2878 2343 2918 quod
2366 2888 2421 2918 per
2443 2888 2495 2918 ge-

1438 2932 1558 2954 rentem
1573 2923 1657 2954 vices
1671 2922 1884 2954 multitudinis
1895 2933 1962 2953 non
1976 2921 2089 2952 limitat
2104 2932 2136 2952 se
2151 2924 2273 2953 Auctor
2286 2922 2326 2951 ad
2344 2922 2496 2954 vicarium

1439 2968 1667 2998 multitudinis:
1695 2968 1750 2998 sed
1773 2967 1812 2997 ad
1837 2977 1910 2997 eum
1937 2966 1991 3007 qui
2016 2966 2129 3006 quovis
2160 2965 2258 2996 modo
2282 2966 2365 2996 vices
2389 2966 2496 2996 multi-

1439 3012 1557 3043 tudinis
1586 3012 1618 3042 in
1647 3011 1708 3042 hoc
1732 3011 1821 3052 quod
1844 3018 1890 3040 est
1921 3010 2063 3040 ordinare
2093 3009 2125 3039 in
2155 3019 2326 3039 commune
2355 3010 2495 3045 bonum,

1439 3057 1587 3096 supplere
1610 3062 1724 3096 potest.
1753 3055 1887 3086 Constat
1910 3061 2015 3084 autem
2031 3054 2119 3093 quod
2138 3054 2224 3084 Deus
2248 3054 2497 3093 praeeminenter

1440 3107 1544 3140 potest
1568 3100 1711 3130 ordinare
1739 3099 1771 3128 in
1795 3099 1917 3128 bonum
1942 3107 2113 3128 commune
2144 3097 2367 3134 multitudinis,
2392 3098 2496 3128 multo

1440 3144 1555 3174 melius
1578 3153 1673 3184 quam
1698 3143 1766 3183 ipsa
1788 3143 1960 3172 multitudo
1991 3148 2098 3181 posset
2121 3141 2152 3171 in
2176 3141 2255 3171 illud
2279 3141 2432 3173 ordinare.
2457 3142 2497 3173 Et

1439 3188 1582 3218 similiter
1606 3188 1690 3217 lesus
1715 3186 1858 3217 Christus
1882 3196 1937 3226 per
1960 3195 2055 3215 suum
2073 3185 2225 3216 vicarium
2248 3185 2331 3216 vices
2354 3186 2497 3216 multitu-

1440 3232 1521 3262 dinis
1545 3231 1681 3270 supplet.
1705 3231 1746 3260 Et
1769 3230 1910 3260 similiter
1932 3229 2154 3270 paterfamilias
2186 3236 2331 3270 respectu
2355 3240 2430 3260 suae
2454 3230 2497 3260 fa-

1440 3276 1556 3306 miliae.
1589 3274 1680 3305 Unde
1704 3277 1838 3310 Auctor,
1863 3273 2101 3304 conclusionem
2126 3273 2299 3304 formaliter
2322 3274 2496 3310 inferendo,

1441 3320 1575 3349 declarat
1599 3318 1675 3358 quid
1699 3328 1754 3358 per
1769 3318 1851 3348 vices
1870 3324 2030 3357 gerentem
2046 3317 2239 3354 intellexerit,
2257 3328 2331 3348 cum
2350 3318 2436 3348 dicit:
2456 3319 2499 3348 Et

1442 3364 1511 3393 ideo
1534 3363 1669 3393 condere
1685 3363 1788 3402 legem
1803 3363 1943 3402 pertinet
1958 3362 2000 3392 ad
2015 3367 2112 3392 totam
2130 3362 2373 3399 multitudinem,
2392 3362 2441 3392 vel
2457 3362 2499 3392 ad

1435 3417 1609 3447 personam
1629 3406 1791 3446 publicam
1815 3416 1897 3446 quae
1913 3407 2009 3437 totius
2032 3406 2244 3437 multitudinis
2262 3416 2373 3437 curam
2388 3406 2499 3436 habet:

1441 3451 1495 3481 ubi
1518 3450 1683 3481 manifeste
1706 3451 1805 3490 aperit
1823 3450 1912 3490 quod
1935 3450 2021 3480 idem
2043 3450 2194 3481 intellexit
2209 3460 2264 3491 per
2278 3460 2382 3491 gerere
2398 3450 2499 3480 vicem

1441 3494 1662 3530 multitudinis,
1688 3502 1718 3525 et
1741 3504 1797 3534 per
1819 3494 1932 3525 habere
1956 3504 2063 3525 curam
2086 3494 2180 3525 illius.

2514 1038 2589 1060 ‘Arc

2516 1671 2597 1719 {fitz

2604 1044 2620 1065 1,
2635 1039 2663 1060 ad
2680 1045 2698 1060 1.

2539 1305 2606 1327 Vers.
2622 1312 2652 1333 15.

2604 1677 2666 1698 rx‚n.
2676 1677 2722 1693 12.-

2616 1698 2668 1719 lect.
2678 1704 2726 1720 xiv.

2517 1829 2565 1851 *ct
2571 1835 2672 1857 qu.xcu‚
2681 1833 2723 1851 att.

2516 1866 2536 1887 2,
2547 1860 2576 1882 nd
2586 1866 2608 1888 33
2618 1860 2665 1882 11·-
2674 1860 2729 1888 11··,

2517 1902 2556 1923 qu.
2570 1899 2693 1923 mvsa-t.
2704 1901 2726 1923 3.

2543 2040 2727 2066 611.1,11.1.-

2518 2042 2543 2089 ὲ.
2551 2046 2596 2088 τέ’.

2610 2067 2663 2089 lect.
2677 2072 2691 2088 1.
