2840 4010
113 1974 125 1985 '⁴
140 1974 176 1996 Cf.
193 1979 258 1996 num.
272 1980 288 1995 1.

123 2661 133 2670 '¹
147 2661 197 2682 Art.
215 2659 319 2688 praeced.

131 3185 140 3194 ·
151 3183 202 3205 Lib.
213 3182 231 3209 1,
242 3188 262 3204 c.
273 3189 339 3209 xxm,

129 3216 192 3232 xxiv.
207 3220 218 3226 -
234 3209 268 3231 Cf.
288 3209 341 3230 Ful-

130 3239 202 3285 gin„
211 3235 240 3257 de
248 3235 342 3257 Fidead

163 3265 202 3290 tr„
218 3268 269 3290 cap.
283 3268 308 3284 ιι.

359 180 408 225 98

358 258 490 297 peccati;
510 258 542 289 in
565 259 626 290 hoc
643 266 748 290 tamen
771 259 844 289 loco
869 264 923 288 aut
938 257 1096 287 defectum
1120 256 1246 286 nullum
1269 255 1414 285 volunta-

357 301 406 337 tis,
424 309 478 332 aut
494 302 592 333 solius
608 303 809 333 subiectionis
829 302 868 332 ad
883 302 998 336 Deum,
1023 300 1130 340 posuit
1150 299 1253 330 claudi
1277 299 1336 329 sub
1352 298 1414 328 for-

357 345 432 375 mali
449 346 608 385 originalis
624 347 752 386 peccati.
769 346 801 376 Si
818 345 901 375 enirn
926 345 1084 374 discursus
1100 343 1219 374 litterae
1243 341 1416 372 formaliter

357 389 550 428 inspiciatur,
576 390 738 430 apparebit
761 389 858 429 quod,
884 398 958 418 cum
977 391 1098 426 Auctor
1121 387 1279 418 debuisset
1301 386 1415 416 inferre

357 433 410 469 sic,
434 434 526 474 Ergo
549 434 673 464 aversio
697 433 869 463 voluntatis
892 442 911 462 a
935 433 1004 462 Deo
1028 437 1075 462 est
1088 430 1235 472 formale
1259 431 1291 460 in
1316 430 1415 471 origi-

356 477 425 506 nali
444 483 594 516 peccato‚
618 477 693 517 quia
716 476 785 507 talis
809 476 929 506 aversio
953 483 999 506 est
1022 476 1136 506 directe
1165 474 1319 505 contraria
1341 475 1416 504 sub-

356 520 484 550 iectioni
510 521 681 550 voluntatis
708 520 747 550 ad
780 520 901 556 Deum,
930 529 1012 560 quae
1040 526 1105 550 erat
1135 529 1228 550 causa
1255 517 1415 558 originalis

355 563 507 599 iustitiae;
531 574 596 594 non
626 563 732 594 intulit
759 563 835 599 hoc,
864 563 918 593 sed
941 563 1046 594 intulit
1074 563 1132 599 sic,
1160 563 1253 604 Ergo
1274 563 1416 603 privatio

355 608 495 637 iustitiae
517 607 704 647 originalis,
724 617 787 647 per
808 617 903 648 quam
935 608 1083 638 voluntas
1111 607 1306 638 subdebatur
1327 607 1413 643 Deo,

355 656 402 681 est
416 650 562 691 formale
585 652 616 680 in
640 652 795 692 originali
811 656 945 692 peccato
951 659 965 690 ;
980 651 1143 682 insinuans
1166 660 1222 691 per
1245 651 1307 680 hoc
1326 650 1416 691 quod

355 703 422 723 non
444 694 544 734 ipsius
567 694 770 725 subiectionis
793 695 942 735 privatio,
971 705 1069 736 quam
1096 694 1250 735 significat
1278 694 1414 729 aversio,

355 738 410 767 sed
426 738 494 768 sola
508 738 584 768 doni
606 738 748 769 facientis
763 739 851 770 illam
866 739 1095 770 subiectionem
1115 738 1262 779 privatio,
1283 735 1415 768 formale

354 781 388 811 in
411 788 540 821 peccato
564 782 708 822 originali
731 790 786 814 est.
811 783 852 814 Et
874 784 1051 814 secundum
1066 784 1138 819 hoc,
1158 782 1285 812 nullum
1301 781 1415 811 volun-

354 825 425 855 tatis
449 825 607 856 defectum
629 826 663 856 in
682 826 807 858 formali
822 827 981 868 originalis
998 827 1115 867 peccati
1131 825 1250 857 clausit.
1265 825 1297 855 Si
1309 831 1416 855 tamen

354 869 521 900 subiuncta
542 870 636 900 verba
659 870 730 911 quis
754 871 1008 907 consideraverit,
1026 871 1151 906 scilicet,
1176 869 1289 899 Omnis
1307 873 1414 898 autem

354 913 420 942 alia
444 913 637 944 inordinatio
662 916 777 946 virium
802 917 930 946 animae
945 915 989 946 ad
1003 915 1170 945 materiale
1185 917 1322 953 spectat;
1341 922 1415 942 con-

352 957 471 987 iectura
491 956 546 988 fie't
563 958 653 998 quod
675 959 843 989 intenderit
865 959 954 999 quod
977 959 1134 999 quaedam
1157 956 1348 987 inordinatio
1371 956 1416 986 vi-

354 1000 438 1031 rium
461 1001 584 1032 animae
608 1010 726 1042 spectat
749 1004 789 1033 ad
813 1003 953 1038 formale,
971 1010 1002 1033 et
1025 1001 1130 1032 omnis
1152 1000 1212 1031 alia
1235 1007 1354 1040 spectat
1376 1000 1416 1030 ad

354 1045 523 1076 materiale.
553 1045 621 1077 Nisi
643 1047 729 1077 enirn
752 1047 814 1077 hoc
836 1046 1016 1082 intenderit,
1049 1055 1114 1075 non
1143 1044 1284 1080 dixisset,
1313 1045 1416 1074 omnis

354 1089 431 1127 alia,
452 1090 507 1120 sed
530 1090 664 1126 dixisset,
689 1092 790 1122 omnis
813 1091 1006 1121 inordinatio
1030 1090 1158 1126 virium,
1177 1095 1234 1119 etc.
1251 1089 1292 1119 Et
1306 1098 1416 1119 secun-

355 1133 434 1164 dum
457 1133 535 1170 hoc,
561 1133 700 1164 defectus
724 1134 927 1165 subiectionis
955 1134 1113 1164 humanae
1141 1132 1269 1168 mentis,
1300 1132 1416 1172 praeci-

354 1187 418 1217 pue
442 1178 618 1208 secundum
641 1178 855 1214 voluntatem,
881 1179 920 1208 ad
949 1177 1081 1208 formale
1110 1175 1269 1216 originalis
1297 1176 1417 1217 peccati

354 1227 483 1261 spectat.

410 1265 542 1296 Videtur
564 1266 643 1296 mihi
659 1266 757 1306 quod,
778 1265 859 1296 sicut
874 1275 949 1296 cum
971 1265 1136 1306 loquimur
1159 1265 1197 1294 de
1212 1264 1330 1294 iustitia
1355 1264 1416 1294 ori-

354 1309 464 1349 ginali,
490 1319 556 1339 non
580 1310 618 1340 de
641 1310 697 1340 illo
729 1316 853 1340 tantum
877 1310 964 1340 dono
995 1309 1177 1349 loquimur,
1202 1308 1257 1338 sed
1280 1308 1319 1338 de
1348 1308 1416 1348 ipsa

354 1353 549 1383 subiectione
573 1354 687 1384 mentis
711 1354 751 1384 ad
774 1354 881 1384 Derim
905 1363 986 1394 quae
1009 1363 1065 1394 per
1089 1353 1177 1383 illam
1199 1351 1244 1388 fit,
1269 1352 1348 1382 dum
1372 1352 1416 1382 di-

355 1397 434 1427 citur
455 1398 543 1438 quod
566 1398 683 1428 iustitia
699 1397 859 1438 originalis
875 1397 1017 1428 consistit
1039 1397 1072 1427 in
1092 1396 1286 1427 subiectione
1302 1396 1417 1426 mentis

354 1441 394 1471 ad
417 1441 532 1478 Deum,
550 1443 588 1472 ab
608 1441 718 1473 effectu
743 1443 866 1477 donum
881 1442 960 1472 illud
985 1441 1193 1476 declarantes;
1217 1440 1259 1471 ita
1279 1450 1352 1470 cum
1369 1440 1416 1470 di-

355 1485 434 1516 citur
453 1486 586 1525 privatio
611 1486 770 1526 originalis
793 1486 944 1522 iustitiae,
968 1491 1073 1525 potest
1095 1484 1227 1524 intelligi
1251 1494 1325 1514 cum
1353 1484 1416 1524 pri-

353 1530 481 1560 vatione
504 1530 598 1570 primi
622 1530 760 1561 effectus.
783 1531 825 1561 Et
847 1537 952 1570 potest
973 1530 1075 1560 littera
1099 1528 1284 1559 concordari
1307 1527 1416 1559 distin-

354 1575 482 1613 guendo
503 1575 593 1615 quod
616 1575 656 1604 ad
677 1574 810 1605 formale
833 1574 953 1614 peccati
973 1573 1133 1613 originalis
1156 1572 1276 1612 aliquid
1299 1578 1417 1613 spectat

355 1618 470 1658 primo,
488 1626 518 1649 et
541 1619 660 1659 aliquid
684 1618 880 1649 secundario.
907 1618 949 1648 Et
972 1618 1060 1658 quod
1084 1617 1218 1647 formale
1241 1617 1346 1656 primo
1371 1623 1418 1647 est

354 1663 422 1692 sola
434 1663 567 1702 privatio
583 1663 659 1692 doni
671 1662 755 1693 illius
769 1663 857 1703 quod
870 1662 1023 1692 subdebat
1039 1653 1189 1697 mentem,
1204 1667 1234 1691 et
1249 1659 1416 1700 praecipue

353 1707 561 1743 voluntatem,
581 1707 670 1742 Deo;
696 1706 881 1737 secundario
897 1713 1003 1736 autem
1019 1712 1066 1736 est
1082 1705 1175 1735 etiam
1191 1705 1259 1744 ipsa
1282 1704 1416 1744 privatio

354 1751 453 1790 ipsius
477 1750 689 1782 subiectionis.
706 1751 747 1781 Et
761 1751 850 1791 quod
872 1756 1002 1790 propter
1018 1749 1159 1790 primum
1174 1751 1296 1779 Auctor
1314 1748 1347 1778 in
1365 1748 1417 1779 lit-

353 1802 428 1831 tera,
454 1795 685 1830 concludendo,
709 1795 833 1825 divertit
856 1795 894 1825 ab
919 1794 1080 1824 aversione
1099 1793 1271 1823 voluntatis
1291 1793 1331 1822 ad
1354 1792 1417 1832 pri-

353 1839 515 1870 vationem
535 1839 684 1875 iustitiae;
710 1846 740 1869 et
762 1845 892 1879 propter
911 1838 1087 1868 secundum
1107 1837 1283 1873 subiunxit,
1304 1836 1417 1868 Omnis

355 1889 460 1914 autem
485 1885 551 1914 alia
575 1884 781 1921 inordinatiO,
802 1890 859 1914 etc.

409 1928 462 1958 IV.
479 1929 526 1958 Ex
542 1928 590 1958 his
605 1934 711 1958 autern
727 1927 816 1957 facile
833 1927 1000 1957 solvuntur
1015 1932 1104 1956 mota
1120 1925 1226 1956 dubia.
1243 1924 1284 1954 Et
1299 1925 1339 1955 ad
1355 1924 1417 1964 pri-

354 1982 447 2002 mum
458 1972 475 1991 *
491 1972 604 2002 dicitur
615 1972 704 2012 quod
720 1970 911 2002 inordinatio
928 1969 1100 2001 voluntatis
1117 1977 1163 2000 est
1180 1968 1310 2009 duplex:
1322 1978 1416 2009 quae-

356 2017 429 2046 dam
453 2017 602 2057 opposita
625 2015 812 2046 subiectioni
836 2015 876 2045 ad
899 2015 1020 2050 Deum;
1045 2013 1202 2054 quaedam
1226 2019 1326 2043 rectae
1343 2022 1417 2043 con-

355 2061 493 2092 versioni
516 2061 556 2091 ad
580 2060 750 2091 obiectum.
779 2059 884 2090 Prima
908 2058 1100 2099 significatur
1127 2067 1183 2098 per
1206 2056 1417 2087 aversionem:

994 179 1259 225 QUAESTIO
1290 178 1485 223 LXXXII,
1513 176 1808 214 ARTICULUS
1837 179 1889 216 IV

1469 255 1620 291 secunda,
1646 264 1701 294 per
1729 255 1978 287 conversionem.
2003 255 2107 287 Prima
2137 261 2257 296 spectat
2279 252 2465 287 secundario
2489 253 2529 284 ad

1469 298 1601 328 formale
1625 298 1743 339 peccati
1759 298 1919 339 originalis
1943 299 2101 330 absolute:
2126 301 2264 330 secunda
2279 306 2387 330 autem
2409 304 2530 339 spectat

1468 342 1507 372 ad
1524 342 1692 378 materiale,
1711 343 1887 372 secundum
1910 342 1991 373 hanc
2006 342 2141 373 litteram
2157 343 2323 379 dicentem,
2343 339 2529 374 omnis'alia

1469 386 1662 416 inordinatio
1686 387 1801 417 virium
1825 387 1974 423 animae,·
1997 393 2027 417 et
2051 395 2116 416 non
2139 385 2232 422 dixit,
2256 388 2359 417 omnis
2387 387 2527 417 aliarum

1469 431 1584 460 virium
1609 430 1813 460 inordinatio.
1831 429 1966 461 Constat
1983 439 2123 470 namque
2139 429 2228 470 quod
2250 430 2392 470 pronitas
2414 430 2528 460 volun-

1469 474 1540 505 tatis
1564 480 1609 504 est
1624 474 1684 504 alia
1707 474 1898 504 inordinatio
1915 474 1953 504 ab
1976 473 2212 504 inordinatione
2235 473 2415 510 aversionis,
2432 480 2463 504 et
2483 480 2529 503 est

1469 517 1600 548 alicuius
1625 518 1784 558 potentiae
1815 518 1948 554 animae,
1972 517 2071 557 ipsius
2094 517 2211 548 scilicet
2232 517 2415 550 voluntatis.
2441 517 2529 551 Cum

1468 561 1530 591 hoc
1553 569 1659 592 tamen
1682 569 1743 593 stat
1765 562 1854 603 quod
1877 561 2017 602 pronitas
2040 561 2116 592 haec
2138 560 2310 591 voluntatis
2332 561 2372 591 ad
2395 561 2528 596 malum,

1468 605 1549 636 inter
1579 605 1749 636 materialia
1778 606 1896 646 peccati
1927 605 2087 646 originalis
2118 615 2151 635 se
2173 604 2286 635 habeat
2313 611 2348 634 ut
2376 598 2527 635 formale:

1469 649 1544 689 quia
1559 649 1591 678 id
1608 650 1696 689 quod
1719 659 1752 679 se
1774 656 1860 680 tenet
1876 659 1912 680 ex
1935 657 2021 690 parte
2045 648 2146 684 activi,
2167 657 2199 678 se
2216 648 2310 678 habet
2331 653 2369 678 ut
2386 646 2530 678 formale.-

1470 693 1513 723 Ut
1535 692 1677 722 dicamus
1700 693 1789 733 quod
1813 693 1851 723 de
1875 693 2000 724 formali
2023 701 2054 724 et
2077 692 2228 723 materiali
2251 690 2370 731 peccati
2392 688 2529 730 origina-

1469 737 1507 766 lis
1523 736 1688 775 dupliciter
1703 736 1793 777 loqui
1816 747 1998 776 possumus.
2022 737 2140 772 Primo,
2161 736 2320 766 absolute:
2345 741 2377 765 et
2397 734 2442 764 sie
2456 733 2531 765 did-

1469 787 1521 810 tur
1535 780 1624 820 quod
1641 779 1774 810 formale
1797 787 1843 812 est
1866 781 1998 820 privatio
2021 781 2181 821 originalis
2199 780 2346 815 iustitiae,
2370 777 2529 811 materiale

1469 830 1516 854 est
1531 823 1656 854 habitus
1672 824 1953 863 concupiscentiae,
1970 831 2127 861 constans,
2145 831 2180 856 ut
2195 824 2315 854 dictum
2330 829 2377 853 est
2386 822 2414 859 *,
2431 831 2470 855 ex
2481 821 2529 865 inv
2557 831 2565 840 ·

1469 868 1613 898 ordinata
1637 866 1843 907 dispositione
1865 867 1982 899 virium
2005 868 2139 899 animae.
2164 867 2321 903 Secundo,
2345 873 2381 897 ut
2404 863 2451 896 est
2472 865 2528 906 ha,-

1469 912 1569 942 bitus:
1592 918 1623 942 et
1646 911 1689 941 sic
1713 911 1845 941 formale
1868 911 1901 941 in
1925 921 1964 942 eo
1988 919 2034 942 est
2056 912 2248 942 inordinatio
2271 909 2444 941 voluntatis
2467 907 2529 950 pri-

1468 964 1545 986 vans
1569 955 1713 996 originali
1735 954 1864 986 iustitia.
1886 955 1927 985 Et
1950 955 1994 985 sic
2012 962 2117 996 potest
2137 955 2288 986 verificari
2311 954 2400 995 quod
2423 952 2530 983 alibi*

1469 1000 1583 1030 dicitur
1606 1000 1644 1030 ab
1668 1002 1817 1029 Auctore.

1524 1044 1562 1075 V.
1579 1043 1630 1074 Ad
1645 1043 1822 1074 secundum
1837 1042 1972 1072 dubium
1987 1042 2004 1062 *
2023 1042 2135 1073 dicitur
2149 1044 2249 1084 quod,
2264 1052 2339 1075 cum
2354 1048 2441 1074 totus
2456 1050 2531 1081 pro-

1470 1098 1575 1119 cessus
1590 1087 1709 1118 litterae
1728 1087 1767 1117 ad
1785 1087 1847 1117 hoc
1863 1086 1970 1117 tendat
1985 1093 2021 1117 ut
2037 1085 2169 1120 formale
2185 1087 2218 1119 in
2232 1093 2361 1127 peccato
2385 1084 2531 1126 originali

1471 1138 1614 1162 sumatur
1637 1141 1674 1161 ex
1696 1137 1784 1171 parte
1808 1139 1934 1166 causae;
1952 1137 1982 1160 et
2004 1139 2098 1160 causa
2121 1131 2159 1161 ad
2175 1127 2326 1165 mentem'
2339 1137 2370 1167 et
2383 1129 2530 1160 volunta-

1469 1183 1535 1206 tem
1558 1182 1697 1215 spectare
1713 1174 1880 1215 praecipue
1898 1174 2031 1210 dicatur3
2049 1181 2079 1204 et
2094 1170 2162 1214 ipsa
2181 1174 2295 1205 mentis
2314 1170 2345 1204 et
2358 1172 2530 1205 voluntatis

1470 1220 1590 1250 aversio
1614 1229 1679 1250 non
1703 1218 1743 1249 sit
1765 1218 1870 1258 primo
1889 1217 1996 1258 ipsum
2019 1217 2152 1248 formale
2167 1217 2201 1247 in
2223 1218 2353 1258 peccato
2375 1216 2531 1257 originali,

1471 1264 1525 1295 sed
1548 1263 1682 1304 privatio
1706 1262 1783 1292 doni
1813 1262 1954 1293 facientis
1984 1262 2232 1293 subiectionem:
2264 1265 2532 1302 consequens-est

1470 1315 1507 1339 ut
1522 1308 1590 1338 sola
1612 1307 1746 1348 privatio
1761 1306 1898 1336 iustitiae
1912 1305 2073 1346 originalis
2092 1316 2159 1337 non
2174 1306 2208 1336 in
2224 1314 2428 1346 quacumque
2443 1307 2533 1344 parte

1470 1352 1603 1388 animae,
1621 1352 1675 1382 sed
1690 1351 1722 1381 in
1746 1360 1904 1391 suprema,
1921 1360 2003 1391 quae
2019 1349 2203 1391 exprimitur
2217 1359 2275 1390 per
2295 1348 2439 1389 primum
2460 1347 2531 1386 effe-

2557 943 2639 1010 μ
2651 943 2769 984 aaa..

2727 938 2734 956 ¹>
2745 944 2765 957 'n'

2722 1005 2726 1009 ι
2735 998 2739 1005 ¹
2747 999 2753 1008 ι’
2762 999 2770 1009 ,’

2556 1050 2567 1060 ·
2583 1047 2744 1077 Cianum-nu

1470 1402 1567 1432 ctum,
1587 1395 1704 1426 scilicet
1717 1394 1927 1435 privationem
1946 1393 2150 1425 subiectionis
2165 1393 2338 1424 voluntatis
2357 1392 2396 1422 ad
2413 1384 2535 1439 Deum?
2576 1402 2577 1405 ¹

1470 1440 1510 1471 sit
1532 1440 1664 1470 formale
1687 1439 1720 1469 in
1749 1438 1893 1478 originali
1925 1445 2066 1478 peccato.
2090 1437 2228 1468 Privatio
2253 1443 2360 1468 autem
2390 1431 2534 1467 eiusdem*

1469 1483 1606 1514 iustitiae
1629 1483 1661 1513 in
1685 1482 1814 1523 reliquis
1838 1482 2021 1518 subsecuta,
2046 1482 2085 1512 ad
2108 1481 2267 1512 materiale
2291 1487 2426 1521 spectat,
2456 1486 2532 1510 cum

1469 1528 1546 1568 ipsis
1568 1527 1856 1558 inordinationibus
1879 1526 2074 1565 privantibus
2097 1535 2143 1557 ea.
2160 1526 2193 1556 Si
2217 1525 2302 1556 enim
2324 1523 2461 1564 privatio
2479 1529 2535 1554 ω-

1470 1572 1547 1608 tius,
1573 1579 1608 1602 ut
1631 1571 1684 1607 sic,
1709 1571 1748 1601 ad
1772 1570 1904 1601 formale
1928 1577 2100 1610 spectaret,
2122 1570 2236 1611 frustra
2259 1570 2300 1600 ad
2321 1567 2535 1609 privationem
2569 1594 2571 1596 .

1471 1626 1583 1647 causae
1597 1615 1848 1655 investigandam
1868 1621 2015 1655 oportere
2031 1614 2147 1645 recurri
2162 1613 2283 1644 dictum
2302 1613 2421 1648 fuisset,
2438 1618 2470 1643 et
2482 1620 2533 1649 ted,

1471 1670 1600 1690 cursum
1624 1666 1704 1689 esset
1727 1659 1758 1689 in
1782 1658 1892 1689 littera.
1910 1658 2003 1689 Unde
2026 1658 2058 1688 in
2082 1657 2183 1688 littera
2206 1667 2349 1698 expresse
2372 1653 2533 1692 concludi-

1471 1711 1522 1735 tur
1545 1713 1582 1734 ex
1606 1713 1699 1734 causa
1715 1702 1874 1743 originalis
1897 1701 2044 1738 iustitiae,
2060 1701 2150 1742 quod
2168 1701 2302 1742 privatio
2317 1698 2455 1731 iustitiae
2469 1698 2533 1731 orl-

1471 1748 1593 1788 ginalis,
1610 1757 1667 1787 per
1690 1756 1787 1787 quam
1810 1746 1959 1776 voluntas
1987 1745 2181 1776 subdebatur
2202 1745 2291 1781 Deo,
2313 1751 2360 1775 est
2381 1743 2532 1774 form-le:

1470 1793 1503 1833 ly
1519 1792 1605 1822 enirn
1622 1801 1685 1832 per
1704 1800 1799 1831 quam
1821 1791 1969 1822 voluntas
1984 1789 2188 1830 restringitur,
2208 1789 2400 1830 applicando
2422 1787 2538 1818 adas

1471 1846 1619 1876 premum
1644 1835 1778 1865 animae.
1803 1835 1844 1865 Et
1866 1834 2021 1875 quoniam
2053 1833 2188 1874 privatio
2210 1832 2347 1864 iustitiae
2374 1830 2537 1872 originalia

1472 1881 1504 1910 in
1528 1889 1679 1920 supremo
1696 1879 1830 1915 animae,
1851 1889 1917 1908 non
1935 1885 1981 1908 est
2004 1878 2071 1909 eius
2087 1877 2221 1918 privatio
2246 1876 2423 1908 secundum
2446 1874 2534 1916 quid,

1472 1924 1573 1954 immo
1593 1930 1639 1954 est
1663 1923 1795 1963 privatio
1811 1922 2001 1963 principalis,
2018 1929 2048 1953 et
2070 1921 2168 1952 totius
2182 1921 2363 1956 virtualiter,
2381 1918 2536 1961 quoniam

1473 1978 1510 1998 ex
1532 1967 1585 1998 illa
1609 1967 1751 2007 sequitur
1774 1967 1872 1997 totius
1896 1966 2050 2007 privatim
2079 1965 2152 1996 ideo
2183 1965 2327 1996 absolute
2350 1973 2462 1995 verum
2490 1969 2537 1993 est

1473 2012 1561 2052 quod
1585 2011 1718 2051 privatio
1749 2010 1910 2050 originalis
1941 2010 2077 2041 iustitiae
2108 2016 2154 2040 est
2182 2009 2315 2039 formale
2345 2008 2378 2038 in
2406 2013 2536 2049 peccato

1473 2055 1626 2096 originali,
1643 2062 1678 2086 ut
1701 2055 1733 2085 in
1759 2055 1841 2086 calce
1865 2054 2007 2095 corporis
2031 2053 2152 2085 articuli
2177 2052 2385 2084 concluditur.

1138 2208 1456 2251 ARTICULUS
1487 2207 1758 2260 QUARTUS

771 2309 928 2340 UTRUM
950 2306 1189 2338 PECCATUM
1213 2305 1447 2337 ORIGINALE
1471 2304 1538 2335 srr
1562 2303 1843 2340 AEQUALITER
1867 2303 1909 2333 IN
1933 2273 2141 2334 OMNIBUS·

1193 2390 1214 2414 11
1234 2389 1317 2418 Sent„
1338 2388 1399 2414 dist.
1416 2395 1492 2418 xxxn,
1512 2395 1556 2420 qu.
1574 2395 1591 2417 ι,
1611 2392 1658 2412 art.
1679 2386 1702 2411 3.

489 2514 511 2526 ,f
570 2496 592 2520 ι)
612 2493 785 2525 QUARTUM
804 2492 857 2518 sm
877 2490 1116 2517 PROCEDITUR.
1137 2478 1296 2515 Videtur
1315 2475 1420 2525 quod

427 2536 434 2543 ”
544 2567 545 2570 ,
570 2543 771 2585 peccatum
793 2534 973 2582 originale
994 2544 1073 2569 non
1093 2531 1139 2568 sit
1158 2530 1365 2579 aequaliter
1382 2529 1422 2566 in

397 2629 399 2638 ,
423 2631 425 2635 y
513 2588 762 2626 omnibus.
793 2588 861 2624 Est
890 2586 991 2623 enim
1020 2592 1221 2635 peccatum
1241 2583 1422 2631 originale

378 2637 387 2649 ⁷
415 2662 427 2673 -=
450 2637 505 2671 Ὗ)
529 2636 877 2690 &concupiscentia
893 2638 1115 2685 inordinata,
1125 2645 1167 2674 ut
1176 2637 1318 2675 dictum
1330 2634 1421 2673 est*.

363 2698 440 2735 Sed
469 2709 548 2734 non
575 2707 711 2732 omnes
739 2693 942 2741 aequaliter
970 2699 1056 2728 sunt
1084 2690 1195 2740 proni
1216 2689 1265 2726 ad
1285 2701 1424 2726 eoncu-

361 2750 599 2800 piscendum.
630 2749 731 2795 Ergo
758 2754 958 2795 peccatum
983 2744 1163 2792 originale
1184 2755 1262 2780 non
1288 2750 1342 2779 est
1361 2754 1424 2779 ae-

362 2803 522 2853 qualiter
550 2802 589 2839 in
617 2800 808 2837 omnibus

418 2869 452 2894 2.
474 2857 707 2900 PRAETEREA,
731 2859 932 2902 peccatum
953 2849 1131 2897 originale
1157 2856 1211 2885 est
1235 2847 1424 2897 quaedam

363 2909 577 2947 inordinata
605 2905 802 2956 dispositio
832 2903 994 2949 animae,
1025 2902 1119 2939 sicut
1147 2901 1341 2949 aegritudo
1372 2908 1426 2937 est

366 2962 556 3011 quaedam
584 2959 798 2997 inordinata
827 2955 1023 3006 dispositio
1053 2954 1234 3003 corporis.
1265 2954 1343 2991 Sed
1365 2966 1426 2991 ae-

366 3016 511 3064 gritudo
542 3013 673 3062 recipit
700 3011 821 3059 magis
851 3018 886 3047 et
914 3009 1050 3047 minus,
1086 3008 1188 3055 Ergo
1226 3014 1427 3056 peceatum

367 3069 547 3117 originale
576 3065 708 3114 recipit
736 3063 856 3112 magis
885 3070 920 3099 et
949 3061 1085 3099 minus.

423 3124 456 3159 3.
473 3123 705 3166 PRAETEREA,
727 3115 959 3165 Augustinus
974 3114 1071 3160 dicit,
1087 3113 1126 3150 in
1140 3112 1234 3150 libro
1250 3113 1296 3149 de
1309 3113 1426 3161 Nupt.

368 3181 403 3211 et
430 3174 647 3222 Concupisc.
666 3171 698 3219 ²⁸,
729 3170 834 3219 quod
861 3169 973 3206 libido
1003 3165 1217 3204 transmittit
1243 3164 1430 3215 originale

364 3233 560 3276 peccatum
580 3227 616 3263 in
632 3224 792 3273 prolem.
823 3222 901 3259 Sed
930 3219 1110 3267 contingit
1134 3231 1215 3256 esse
1243 3218 1428 3255 maiorem

368 3280 563 3317 libidinem
591 3278 703 3315 unius
731 3277 769 3314 in
798 3284 884 3313 actu
912 3271 1175 3323 generationis,
1206 3283 1323 3320 quam
1343 3271 1431 3308 alte-

371 3333 456 3370 rius.
486 3333 587 3379 Ergo
615 3337 815 3379 peccatum
844 3328 1021 3376 originale
1050 3332 1173 3375 potest
1198 3337 1279 3362 esse
1308 3323 1431 3361 maius

371 3386 410 3423 in
436 3397 515 3422 uno
545 3395 658 3432 quam
689 3383 727 3419 in
755 3382 840 3419 alio.

1529 2475 1603 2512 SED
1641 2486 1787 2511 CONTRA
1820 2485 1886 2510 EST
1921 2473 2010 2522 quia
2041 2480 2242 2521 peccatum
2274 2471 2455 2520 originale
2484 2478 2540 2508 est

1475 2536 1675 2577 peccatum
1705 2535 1879 2573 naturae,
1907 2534 1950 2563 ut
1977 2525 2119 2563 dictum
2149 2532 2206 2562 est
2231 2524 2264 2562 ²¹².
2299 2525 2376 2562 Sed
2403 2531 2540 2561 natura

1476 2581 1683 2628 aequaliter
1704 2588 1759 2616 est
1779 2580 1816 2616 in
1836 2579 2028 2616 omnibus.
2057 2579 2160 2626 Ergo
2181 2585 2218 2614 et
2235 2584 2437 2627 peccatum
2466 2575 2537 2614 ori-

1475 2634 1608 2682 ginale.

1531 2688 1755 2723 Raspouoao
1784 2695 1968 2722 mcENDuM
1996 2682 2102 2732 quod
2122 2683 2160 2720 in
2182 2682 2354 2730 originali
2382 2689 2540 2730 peccato

1479 2747 1566 2776 sunt
1595 2740 1688 2776 duo:
1719 2749 1884 2786 quorum
1912 2748 2033 2774 unum
2071 2745 2127 2773 est
2154 2736 2322 2773 defectus
2351 2734 2543 2783 originalis

1479 2792 1658 2837 iustitiae;
1689 2791 1789 2828 aliud
1822 2797 1951 2828 autem
1981 2796 2036 2826 est
2071 2788 2202 2826 relatio
2231 2787 2344 2824 huius
2373 2787 2542 2825 defectus

1480 2845 1528 2882 ad
1556 2852 1757 2893 peccatum
1785 2843 1898 2892 primi
1925 2842 2103 2891 parentis,
2129 2854 2151 2878 a
2170 2853 2247 2891 quo
2276 2852 2345 2890 per
2371 2840 2542 2877 vitiatam

1481 2898 1666 2946 originem
1687 2896 1896 2934 deducitur.
1922 2896 2119 2942 Quantum
2140 2901 2268 2931 autern
2293 2893 2342 2930 ad
2361 2893 2543 2942 primurn,

1480 2958 1681 3000 peccatum
1710 2949 1888 2997 originale
1917 2960 1997 2985 non
2025 2947 2156 2996 recipit
2184 2946 2306 2994 magis
2335 2954 2371 2983 et
2398 2945 2543 2984 minus:

1481 3003 1570 3052 quia
1597 3011 1719 3040 totum
1749 3002 1896 3039 donum
1925 3000 2114 3048 originalis
2142 2999 2304 3037 iustitiae
2338 3006 2394 3036 est
2421 2998 2546 3036 subla-

1482 3065 1580 3103 tum3
1601 3055 1832 3105 privationes
1851 3061 1979 3091 autern
1998 3053 2161 3090 totaliter
2179 3051 2321 3101 aliquid
2339 3051 2544 3100 privantes,

1481 3118 1523 3147 ut
1542 3122 1646 3146 mors
1667 3115 1702 3145 et
1720 3108 1899 3145 tenebrae
1915 3112 1944 3154 α,
1965 3119 2043 3143 non
2063 3106 2248 3155 recipiunt
2275 3104 2396 3152 magis
2422 3111 2459 3141 et
2475 3102 2546 3140 mi-

1484 3175 1566 3210 nus,
1588 3162 1682 3199 sicut
1701 3173 1817 3210 supra
1833 3159 1854 3182 ’¹‘
1883 3159 2026 3197 dietum
2046 3166 2112 3196 est.
2144 3158 2323 3196 Similiter
2343 3157 2457 3195 etiam
2475 3167 2546 3193 nec

1485 3222 1670 3264 quantum
1699 3214 1747 3252 ad
1776 3213 2004 3251 secundum:
2033 3211 2239 3261 aequaliter
2277 3209 2378 3248 enim
2411 3220 2547 3246 omnes

1486 3268 1707 3306 relationem
1730 3267 1873 3304 habent
1891 3266 1940 3304 ad
1959 3265 2130 3315 primum
2148 3263 2377 3313 principium
2396 3261 2548 3299 vitiatae

1486 3321 1650 3370 originis,
1676 3332 1721 3357 ex
1741 3331 1817 3369 quo
1837 3327 2037 3368 peccatum
2061 3317 2239 3366 originale
2258 3312 2418 3364 recipit!⁵
2436 3313 2547 3351 ratio-

1487 3387 1578 3412 nem
1607 3375 1761 3422 culpae3
1791 3372 1990 3410 relationes
2020 3371 2122 3408 enim
2152 3381 2231 3407 non
2256 3367 2440 3416 recipiunt
2467 3379 2548 3403 ma-

427 3501 454 3534 α)
474 3499 605 3525 tenebram
626 3512 643 3517 -
662 3498 769 3523 tenebra
789 3497 899 3522 codices.

1541 3492 1566 3526 β)
1586 3493 1687 3525 recipit.
1705 3505 1724 3511 -
1742 3493 1813 3516 tenet
1829 3490 1883 3515 EF.

2566 2531 2576 2541 ⁸
2587 2529 2635 2557 Qu.
2645 2535 2724 2556 um,
2734 2532 2778 2551 nrt.
