2840 4010
345 120 417 155 282

1024 115 1290 162 QUAESTIO
1321 115 1435 160 CVII,
1465 115 1842 153 ARTICULUSIV

1121 248 1437 291 ARTICULUS
1468 249 1739 299 QUARTUS

918 340 1072 371 UTRUM
1096 340 1180 370 LEX
1203 340 1325 372 NOVA
1348 341 1415 372 SIT
1439 341 1632 373 GRAvioR
1656 342 1782 379 QUAM
1805 342 1946 373 VETUS

801 420 831 443 Ill
852 419 933 448 Sent„
954 419 1012 443 dist.
1027 426 1066 448 xt..
1087 423 1133 444 art.
1147 426 1177 450 4,
1197 419 1246 451 qu*
1268 418 1295 450 3;
1317 419 1443 449 Quodlib.
1462 420 1503 451 IV,
1523 428 1568 453 qu.
1581 427 1639 452 vm,
1659 426 1706 446 art.
1728 428 1756 451 25
1777 421 1806 445 In
1826 421 1934 450 Matth.,
1954 429 2008 453 cap.
2028 428 2061 446 xt.

376 544 387 556 s
425 526 431 541 2
532 509 573 546 'D
594 520 765 550 QUARTUM
785 519 838 544 SIC
858 518 1097 544 PROCEDITUR.
1118 507 1278 544 Videtur
1294 508 1400 556 quod

380 554 413 582 ³:
464 554 527 610 *7³³5
551 563 608 598 lex
636 573 739 597 nova
772 560 818 596 sit
849 560 1001 607 gravior
1034 571 1151 607 quam
1184 561 1243 597 lex
1277 569 1398 598 vetus.

519 611 684 650 Matth.
716 612 818 649 enim
837 625 876 660 v,
906 625 1020 662 super
1047 612 1139 650 illud
1163 613 1195 660 ¹⁸²,
1230 614 1304 655 Qui
1327 614 1401 651 sol-

506 658 645 702 Nverit
680 678 796 702 unum
831 666 876 702 de
909 665 1096 702 mandatis
1128 666 1185 703 his
1219 667 1396 714 minimis,

1455 509 1543 546 dicit
1561 521 1644 546 esse
1664 510 1967 547 moderationem
1988 510 2272 558 attendendam,
2293 522 2342 548 ne
2363 523 2522 551 conver-

1455 562 1549 598 satio
1578 562 1750 599 fidelium
1780 575 1944 600 onerosa
1973 563 2162 607 reddatur.
2192 563 2290 600 Dicit
2318 565 2432 612 enim,
2461 567 2525 603 Aa

1455 615 1716 663 Inquisitiones
1730 616 1907 653 Ianuarii
1914 616 1945 661 ³¹²,
1962 616 2009 652 de
2025 616 2268 664 quibusdam,
2281 617 2386 665 quod
2401 619 2521 667 ipsam
2549 636 2558 645 ·
2574 635 2591 657 E
2609 635 2647 658 m.
2663 637 2714 663 ιν,
2730 638 2760 659 ιι.

1456 668 1677 717 religionem
1711 674 1897 715 nostram,
1931 680 2046 716 quam
2079 669 2116 705 in
2146 669 2456 716 manifestissimis
2487 678 2524 708 et
2548 661 2589 683 ⁶⁸
2602 662 2630 687 ’ζ’
2645 668 2695 690 ‘³³⁹'
2711 670 2759 685 ¹¹¹·

103 731 111 739 ·
126 730 168 757 01⁷-
179 728 271 756 Impers·
289 728 312 749 in
340 720 428 757 dicit
449 720 746 767 Chrysostomus
761 718 800 754 ³³⁶:
821 719 1010 756 Mandata
1029 719 1165 767 Moysi
1182 719 1219 755 in
1239 725 1325 756 actu
1341 721 1401 764 fa·
1449 720 1689 768 paucissimis
1717 721 2007 759 celebrationum
2040 723 2285 759 sacramentis
2311 723 2388 760 Dei
2413 725 2521 762 mise-

102 755 201 781 Mattlz,
224 755 312 776 Homil.

102 781 131 803 X.
143 793 153 798 -
169 782 237 802 Inter.
256 787 311 807 sup-

103 808 171 835 posit.
192 808 312 834 Chrysost.

197 844 213 859 α

101 1254 109 1261 ·
124 1252 191 1274 Vers.
205 1259 219 1278 4
235 1258 285 1279 sqq.

96 2027 160 2043 xxxxx

94 2048 104 2058 ⁴⁸
121 2048 187 2069 Vers.
203 2048 238 2069 28.

98 2076 106 2083 ·
115 2074 140 2095 In
152 2074 244 2101 Matth.,
259 2079 308 2101 cap.

98 2107 130 2122 xi.

96 2154 104 2162 ·
123 2152 190 2174 Vers.
206 2158 242 2180 30.

339 773 424 809 cilia
447 777 532 808 sunt
547 777 586 808 ².-
611 772 701 808 Non
723 772 878 817 occides,
906 772 998 809 Non
1027 772 1264 808 adulterabis.
1285 773 1402 809 Man-

339 826 426 862 data
459 830 583 861 autem
622 825 778 870 Christi,
812 825 922 871 idest,
958 825 1049 862 Non
1083 825 1280 870 irascaris,
1308 825 1400 863 Non

339 877 590 925 concupiscas,
612 877 648 913 in
678 883 763 914 actu
785 877 954 926 difficilia
973 883 1069 914 sunt.
1100 878 1201 926 Ergo
1221 878 1280 914 lex
1300 890 1403 915 nova

339 938 393 967 est
421 930 574 978 gravior
602 942 718 978 quam
747 937 868 967 vetus

393 995 427 1020 2.
453 984 690 1030 PRAETEREA,
722 983 864 1019 facilius
895 990 948 1019 est
977 991 1125 1019 terrena
1152 983 1401 1032 prosperitate

338 1036 391 1073 uti
420 1048 537 1084 quam
562 1035 822 1072 tribulationes
846 1035 1003 1084 perpeti.
1035 1036 1111 1073 Sed
1135 1035 1173 1072 in
1202 1036 1321 1073 veteri
1350 1044 1402 1072 te-

337 1097 526 1126 stamento
547 1089 855 1126 observationem
875 1088 1013 1125 veteris
1036 1088 1126 1136 legis
1143 1089 1402 1136 consequeba-

337 1150 397 1179 tur
423 1142 654 1190 prosperitas
679 1141 909 1189 temporalis,
930 1147 971 1176 ut
990 1148 1092 1189 patet
1110 1142 1220 1177 Deut.
1241 1153 1349 1178 xxvi11
1369 1141 1401 1178 ²¹².

338 1195 615 1231 Observatores
636 1201 763 1230 autem
785 1205 911 1230 novae
931 1193 1021 1240 legis
1042 1193 1287 1241 consequitur
1306 1195 1402 1231 mul-

337 1248 450 1296 tiplex
483 1246 710 1293 adversitas,
739 1253 853 1294 prout
887 1245 1023 1282 dicitur
1056 1247 1087 1282 II
1116 1246 1168 1283 ad
1199 1247 1286 1283 Cor.
1307 1247 1401 1284 V1*:

335 1300 593 1337 Exhibeamus
628 1299 869 1348 nosmetipsos
901 1298 997 1335 sicut
1030 1298 1106 1335 Dei
1138 1299 1326 1336 ministros
1363 1300 1400 1336 in

336 1353 453 1390 multa
476 1352 674 1402 patientia,
705 1353 741 1389 in
771 1351 1083 1397 tribulationibus,
1113 1351 1150 1388 in
1180 1353 1401 1390 necessitati—

337 1407 416 1452 bus,
445 1406 482 1443 in
511 1405 711 1455 angustiis,
742 1412 811 1441 etc.
842 1405 944 1452 Ergo
965 1405 1024 1441 lex
1044 1416 1146 1441 nova
1177 1412 1231 1441 est
1250 1405 1403 1452 gravior

337 1471 453 1508 quam
479 1460 541 1503 ¹lex
569 1465 691 1494 vetus.

393 1513 426 1549 3.
447 1512 680 1558 ΡΚΑΕΤΕΚΕΑ,
711 1510 816 1558 quod
846 1522 885 1546 se
914 1510 1030 1546 habet
1059 1521 1103 1546 ex
1132 1509 1324 1547 additione
1353 1511 1401 1548 ad

337 1566 510 1611 alterum,
538 1564 690 1601 videtur
719 1575 801 1600 esse
830 1562 1029 1599 difficilius.
1061 1562 1138 1599 Sed
1157 1563 1216 1599 lex
1239 1575 1343 1600 nova
1361 1576 1401 1600 se

336 1619 452 1655 habet
481 1629 525 1653 ex
554 1616 746 1654 additione
775 1616 824 1653 ad
852 1623 1033 1652 veterem.
1065 1615 1168 1652 Nam
1201 1616 1260 1653 lex
1290 1624 1401 1654 vetus

336 1670 530 1719 prohibuit
548 1669 769 1718 periurIum,
789 1669 848 1705 lex
866 1681 970 1705 nova
990 1668 1102 1705 etiam
1123 1668 1400 1707 iuramentum:

336 1725 394 1760 lex
421 1731 532 1760 vetus
559 1722 752 1772 prohibuit
781 1721 980 1758 discidium
1009 1721 1137 1758 uxoris
1165 1721 1246 1759 sine
1274 1721 1400 1759 libello

337 1776 499 1825 repudii,
520 1777 579 1812 lex
600 1783 728 1812 autem
748 1787 851 1812 nova
871 1774 1029 1811 omnino
1050 1774 1251 1811 discidium
1273 1775 1401 1824 prohi-

243 1843 253 1857 s
289 1853 294 1857 -
337 1829 435 1866 buit:
464 1836 506 1865 ut
525 1835 628 1878 patet
647 1829 780 1864 Matth.
796 1827 861 1875 v*‚
882 1827 1094 1864 secundum
1125 1827 1400 1876 expositionem

176 1895 188 1910 e
227 1905 250 1936 -i
265 1895 278 1936 ’ζ
303 1905 309 1941 3
337 1882 535 1930 Augustini
549 1881 580 1919 ’ἦ
598 1882 700 1929 Ergo
715 1881 774 1917 lex
789 1893 892 1918 nova
908 1888 964 1917 est
977 1880 1130 1928 gravior
1145 1893 1262 1929 quam
1277 1889 1398 1918 vetus.

392 1935 465 1972 SED
491 1946 637 1971 CONTRA
665 1945 732 1970 EST
757 1934 860 1982 quod
890 1933 1023 1970 dicitur
1051 1934 1185 1970 Matth.
1206 1933 1298 1971 X1*:
1334 1935 1401 1972 Ve-

244 1984 309 2021 xxu'i
337 1988 411 2025 nite
438 1988 490 2024 ad
514 2000 574 2024 me
610 1999 739 2024 omnes
767 1987 833 2035 qui
858 1986 1038 2023 laboratis
1070 1992 1106 2023 et
1130 1986 1279 2024 onerati
1303 1987 1398 2024 estis.

338 2041 454 2088 Quod
484 2052 678 2089 exponens
703 2039 867 2076 Hilarius
896 2039 983 2076 dicit
1000 2039 1040 2076 *ε
1069 2040 1185 2089 Legis
1204 2040 1401 2088 difficulta-

337 2095 431 2131 tibus
451 2094 675 2139 laborantes,
696 2099 732 2129 et
742 2093 907 2141 peccatis
925 2093 1067 2130 saeculi
1089 2098 1275 2139 oneratos,
1295 2093 1347 2130 ad
1361 2105 1402 2131 se

337 2148 507 2184 advocat.
524 2147 573 2183 Et
587 2146 837 2195 postmodum
853 2146 899 2183 de
915 2145 1003 2194 iugo
1015 2145 1213 2194 Evangelii
1228 2145 1399 2184 subdit*:

337 2201 479 2250 Iugum
508 2200 607 2236 enim
635 2211 762 2235 meum
781 2210 897 2236 suave
915 2205 978 2246 est,
999 2204 1034 2236 et
1052 2211 1146 2236 onus
1164 2211 1290 2236 meum
1311 2198 1400 2237 leve.

338 2254 440 2301 Ergo
469 2253 527 2289 lex
556 2264 658 2289 nova
688 2259 743 2289 est
769 2252 891 2289 levior
915 2264 1031 2300 quam
1060 2259 1182 2290 vetus.

391 2307 616 2342 RESPONm-:o
636 2317 820 2342 DICENDUM
844 2305 950 2353 quod
971 2305 1069 2342 circa
1098 2317 1215 2354 opera
1242 2304 1402 2354 virtutis,

338 2359 386 2397 de
415 2358 554 2407 quibus
582 2365 786 2407 praecepta
804 2358 895 2406 legis
915 2358 1063 2406 dantur,
1086 2358 1224 2407 duplex
1244 2357 1402 2396 difficul-

337 2419 393 2448 tas
422 2411 562 2448 attendi
588 2418 724 2460 potest.
754 2411 840 2448 Una
869 2411 1024 2460 quidem
1054 2423 1099 2447 ex
1118 2419 1225 2460 parte
1245 2410 1404 2448 exterio-

339 2477 423 2502 rum
453 2476 634 2513 operum,
664 2476 762 2512 quae
792 2476 836 2500 ex
865 2464 997 2513 seipsis
1024 2464 1219 2513 quandam
1245 2463 1403 2502 difficul-

336 2525 453 2554 tatem
482 2517 624 2554 habent
642 2524 678 2553 et
696 2517 932 2564 gravitatem.
962 2518 1011 2554 Et
1038 2524 1223 2565 quantum
1243 2516 1293 2554 ad
1315 2517 1402 2566 hoc,

338 2572 396 2607 lex
424 2578 534 2607 vetus
564 2577 620 2606 est
647 2570 768 2606 multo
797 2570 948 2618 gravior
969 2582 1085 2619 quam
1106 2582 1225 2607 nova:
1247 2569 1335 2619 quia
1354 2571 1401 2609 ad

337 2622 464 2672 plures
484 2631 589 2660 actus
610 2622 812 2660 exteriores
832 2623 1024 2671 obligabat
1042 2624 1101 2660 lex
1120 2630 1230 2660 vetus
1249 2622 1287 2660 in
1306 2623 1402 2661 mul-

338 2676 525 2725 tiplicibus
546 2675 808 2723 caeremoniis,
825 2688 941 2724 quam
962 2677 1019 2713 lex
1039 2689 1154 2724 nova,
1175 2688 1274 2724 quae
1293 2688 1402 2726 prae-

339 2737 394 2766 ter
418 2736 620 2778 praecepta
649 2729 739 2776 legis
768 2737 936 2777 naturae,
966 2729 1195 2778 paucissima
1223 2729 1403 2778 superad-

341 2782 433 2819 didit
467 2782 505 2819 in
543 2782 713 2820 doctrina
746 2782 883 2820 Christi
923 2790 959 2819 et
991 2783 1288 2832 Apostolorum;
1317 2782 1403 2820 licet

341 2834 465 2883 aliqua
479 2835 552 2872 sint
566 2835 816 2884 postmodum
838 2835 1082 2884 superaddita
1103 2848 1147 2872 ex
1167 2835 1402 2873 institutione

341 2896 559 2925 sanctorum
588 2889 756 2926 Patrum.
789 2889 830 2925 In
861 2889 998 2936 quibus
1029 2888 1141 2926 etiam
1170 2887 1404 2937 Augustinus

395 2998 421 3032 α)
442 3003 511 3023 sunt.
524 3003 586 3024 -ut
605 2999 701 3024 addunt
721 3000 766 3023 Pa.

1457 773 1621 810 ricordia
1653 773 1771 809 voluit
1807 785 1884 810 esse
1916 774 2091 820 liberam,
2119 775 2315 812 servilibus
2341 783 2522 824 premunt

1456 827 1642 871 oneribus,
1672 826 1765 862 adeo
1787 832 1826 862 ut
1853 826 2083 870 tolerabilior
2108 828 2154 864 sit
2181 829 2341 865 conditio
2361 830 2520 867 Iudaeo-

1456 891 1555 925 rum,
1571 879 1637 927 qui
1649 878 1831 928 legalibus
1845 881 2102 926 sacramentis,
2124 893 2198 917 non
2218 883 2394 918 humanis
2405 894 2519 931 prae-

1455 931 1725 980 sumptionibus
1751 931 2007 969 subiiciuntur.
2416 962 2422 967 ,

1510 984 1593 1020 Alia
1622 992 1748 1020 autern
1779 984 1979 1021 difficultas
2008 993 2064 1022 est
2087 986 2184 1022 circa
2203 998 2321 1035 opera
2335 987 2518 1025 virtutum

1457 1037 1495 1074 in
1527 1037 1765 1074 interioribus
1799 1036 1963 1073 actibus:
1991 1045 2084 1086 puta
2116 1039 2222 1086 quod
2254 1039 2388 1088 aliquis
2421 1053 2519 1089 opus

1454 1090 1602 1126 virtutis
1622 1097 1794 1126 exerceat
1812 1097 1991 1138 prompte
2011 1097 2047 1126 et
2062 1090 2340 1130 delectabiliter.
2357 1094 2407 1130 Et
2421 1094 2519 1131 circa

1455 1143 1531 1179 hoc
1560 1142 1709 1179 difficile
1739 1150 1794 1178 est
1820 1142 1940 1179 virtus
1958 1141 1994 1178 ²¹⁶:
2023 1143 2099 1179 hoc
2128 1143 2230 1180 enirn
2259 1157 2338 1182 non
2365 1147 2518 1183 habenti
2546 1157 2661 1185 '0-510-

1455 1195 1632 1232 virtutem
1663 1203 1718 1231 est
1737 1194 1849 1231 valde
1872 1194 2040 1240 diffici1e3
2061 1196 2130 1232 sed
2149 1208 2218 1244 per
2235 1197 2414 1236 virtutem
2434 1200 2519 1237 red-

1457 1248 1556 1285 ditur
1575 1248 1693 1284 facile.
1724 1248 1773 1284 Et
1791 1256 1976 1296 quantum
1997 1248 2046 1285 ad
2064 1249 2152 1296 hoc,
2170 1258 2376 1299 praecepta
2393 1263 2519 1293 novae

1455 1301 1546 1349 legis
1575 1308 1661 1337 sunt
1688 1301 1863 1348 graviora
1891 1301 2102 1350 praeceptis
2121 1302 2260 1339 veteris
2288 1302 2401 1351 legis:
2429 1304 2519 1353 quia

1456 1354 1495 1391 in
1523 1366 1625 1391 nova
1653 1354 1734 1401 lege
1757 1353 2007 1402 prohibentur
2024 1354 2221 1391 interiores
2240 1363 2372 1393 motus
2387 1356 2517 1404 animi,

1457 1406 1522 1455 qui
1551 1419 1725 1455 expresse
1754 1406 1793 1442 in
1819 1406 1940 1443 veteri
1959 1407 2041 1454 lege
2061 1419 2140 1444 non
2158 1408 2462 1456 prohibebantur
2480 1409 2519 1448 in

1457 1459 1648 1511 omnibus,
1670 1459 1738 1496 etsi
1757 1458 1795 1496 in
1816 1458 2013 1507 ‘aliquibus
2040 1460 2347 1508 prohiberentur;
2373 1462 2411 1500 in
2438 1462 2519 1511 qui·

1455 1513 1527 1549 bus
1555 1519 1683 1548 tamen
1711 1511 1960 1560 prohibendis
1986 1525 2113 1562 poena
2140 1526 2218 1550 non
2239 1515 2522 1563 apponebatur.‹

1456 1566 1542 1601 Hoc
1571 1573 1695 1602 autem
1727 1572 1782 1601 est
1815 1564 2076 1602 difficillimum
2110 1578 2190 1604 non
2220 1567 2376 1605 habenti
2402 1568 2519 1606 virtu-

1454 1625 1551 1655 tem:
1581 1618 1675 1654 sicut
1705 1617 1817 1654 etiam
1843 1617 2100 1667 Philosophus
2120 1614 2220 1667 dicit,
2239 1619 2279 1657 in
2297 1620 2332 1657 V
2347 1621 2470 1667 Ethic.
2484 1621 2516 1670 ⁸²,

1455 1671 1561 1719 quod
1590 1671 1737 1719 operari
1768 1683 1813 1707 ea
1842 1683 1941 1720 quae
1964 1670 2083 1708 iustus
2105 1679 2295 1720 operatur,
2315 1673 2424 1710 facile
2443 1682 2519 1722 οὓς

1455 1723 1523 1761 sed
1543 1723 1691 1772 operari
1720 1735 1765 1760 ea
1794 1736 1840 1760 eo
1861 1724 1980 1761 modo
2001 1736 2079 1772 quo
2097 1724 2218 1762 iustus
2238 1733 2428 1774 operatur,
2448 1726 2518 1770 sci—

1454 1776 1539 1813 licet
1571 1776 1837 1814 delectabiliter
1874 1783 1910 1813 et
1945 1784 2144 1826 prompte,
2175 1785 2231 1816 est
2259 1777 2411 1817 difficile
2439 1792 2520 1827 non

1453 1829 1607 1867 habenti
1635 1829 1824 1866 iustitiam.
1854 1830 1904 1866 Et
1932 1829 1985 1866 sic
2004 1830 2118 1867 etiarn
2139 1830 2273 1868 dicitur
2293 1832 2306 1868 1
2327 1833 2432 1870 Ioan.
2447 1843 2472 1870 v
2485 1832 2523 1881 ζ,
2546 1847 2555 1856 ·
2571 1845 2637 1868 vm
2651 1852 2672 1875 3.

1455 1883 1560 1931 quod
1588 1883 1766 1919 mandata
1794 1882 1873 1919 eius
1890 1883 2030 1932 gravia
2049 1896 2125 1920 non
2144 1890 2248 1921 sunt:
2275 1885 2383 1932 quod
2402 1897 2523 1935 expo-⁷

2545 1634 2756 1685 emm·

1454 1948 1550 1972 nens
1582 1935 1815 1983 Augustinus
1844 1935 1932 1972 dicit
1960 1935 1980 1957 '¹‘
2014 1937 2120 1984 quod
2155 1948 2231 1974 non
2262 1944 2350 1975 sunt
2377 1939 2518 1988 gravia
2545 1950 2756 1979 wemmam„
2803 1948 2807 1951 ’

2545 1983 2660 2006 ειμι-ηις
2666 1977 2696 2000 de
2701 1977 2758 2000 Per-

1454 1988 1609 2034 amanti,
1637 1989 1703 2025 sed
1730 2000 1804 2025 non
1833 1989 1979 2026 amanti
2007 1995 2094 2026 sunt
2118 1990 2270 2040 gravia.
2505 2009 2522 2041 Δ·
2539 2003 2758 2058 &affigat->3

1507 2043 1566 2078 AD
1594 2053 1731 2078 PRIMUM
1759 2053 1858 2079 ERGO
1885 2053 2070 2079 DICENDUM
2095 2043 2200 2091 quod
2228 2043 2432 2081 auctoritas
2457 2043 2521 2082 illa
2549 2057 2614 2088 veri.
2629 2057 2757 2080 omme.

1455 2106 1630 2143 expresse
1645 2094 1811 2144 loquitur
1826 2094 1874 2132 de
1895 2094 2114 2132 difficultate
2134 2108 2262 2134 novae
2284 2095 2376 2144 legis
2397 2108 2525 2146 quan-c
2546 2082 2664 2106 “mmm

1453 2154 1536 2184 turn
1566 2147 1613 2184 ad
1643 2160 1859 2196 expressam
1880 2147 2153 2186 cohibitionem
2181 2148 2407 2187 interiorum
2434 2161 2523 2197 11:05·¹

1455 2207 1574 2236 tuum.

1507 2255 1566 2290 An
1595 2265 1785 2290 SECUNDUM
1813 2266 1996 2292 mCENDUM
2025 2253 2132 2302 quod
2157 2254 2404 2292 adversitates
2423 2267 2518 2305 quas

1454 2306 1647 2355 patiuntur
1675 2306 1942 2344 observatores
1971 2319 2096 2344 novae
2124 2307 2228 2356 legis,
2257 2320 2336 2346 non
2364 2315 2452 2346 sunt
2468 2309 2518 2354 ab

1455 2359 1536 2408 ipsa
1555 2360 1637 2406 lege
1658 2358 1869 2408 impositae.
1892 2359 1970 2405 Sed
1997 2367 2126 2397 tamen
2145 2368 2301 2410 propter
2327 2373 2516 2409 amorem,

1455 2413 1495 2449 in
1515 2424 1591 2461 quo
1611 2412 1693 2461 ipsa
1711 2413 1770 2448 lex
1794 2413 1972 2460 consistit,
1993 2412 2147 2450 faciliter
2165 2414 2405 2451 tollerentur:
2429 2413 2518 2463 quia

1455 2465 1552 2502 sicut
1566 2465 1798 2512 Augustinus
1814 2465 1912 2514 dicit,
1933 2466 1971 2503 in
1989 2465 2086 2503 libro
2106 2466 2152 2503 de
2172 2467 2301 2504 Verbis
2315 2466 2474 2504 Domini
2484 2466 2517 2515 *,
2545 2475 2757 2524 {ferm-¹21¹&-

1455 2518 1583 2555 omnia
1610 2530 1724 2555 saeva
1753 2524 1790 2556 et
1814 2519 1997 2556 immania
2011 2519 2153 2568 facilia
2168 2517 2184 2549 β
2210 2525 2247 2556 et
2264 2531 2388 2568 prope
2414 2519 2525 2559 nulla*
2578 2507 2704 2564 ’mem'

1455 2571 1570 2620 efficit
1595 2583 1716 2608 amor.

1509 2625 1568 2660 AD
1596 2636 1755 2661 TERTIUM
1779 2636 1963 2663 DICENDUM
1991 2625 2098 2673 quod
2126 2625 2211 2662 illae
2235 2625 2451 2663 additiones
2469 2625 2520 2663 ad

1455 2685 1659 2726 praecepta
1686 2677 1825 2714 veteris
1849 2677 1952 2726 legis,
1981 2677 2031 2715 ad
2058 2678 2134 2715 hoc
2154 2678 2376 2716 ordinantur
2404 2686 2446 2716 ut
2467 2679 2525 2720 fa-¹

1458 2729 1562 2767 cilius
1590 2730 1792 2779 impleatur
1821 2730 1926 2779 quod
1951 2738 2061 2768 vetus
2080 2731 2140 2768 lex
2164 2732 2391 2779 mandabat,
2422 2731 2520 2769 sicut

1457 2783 1689 2830 Augustinus
1718 2783 1807 2821 dicit
1824 2784 1855 2820 ⁸².
1886 2784 1935 2821 Et
1967 2784 2054 2822 ideo
2083 2797 2153 2833 per
2180 2785 2256 2822 hoc
2288 2797 2367 2823 non
2396 2792 2520 2823 osten·
2546 2775 2760 2829 {eiigffi'e'ff’nss‘f'iss

2623 2834 2671 2850 XVI!
2678 2844 2684 2854 ,
2707 2834 2759 2854 ΧΧΙῖ

1459 2835 1558 2873 ditur
1586 2836 1691 2884 quod
1715 2837 1774 2873 lex
1801 2849 1904 2874 nova
1928 2836 1974 2874 sit
2002 2837 2166 2886 gravior,
2188 2837 2255 2875 sed
2274 2837 2395 2886 magis
2415 2837 2521 2888 quod
2547 2835 2638 2878 ²0⁵3„
2652 2854 2746 2882 rme„

1460 2888 1504 2926 sit
1531 2889 1684 2926 facilior.
2484 2927 2485 2930 ,
2547 2881 2692 2935 {ltinffssvt
2708 2887 2760 2909 ‘²¹²'

1511 2997 1536 3033 β)
1550 2998 1655 3032 facilia.
1672 3012 1691 3018 —
1710 3002 1735 3023 et
1746 2999 1844 3032 facilia
1864 3000 1891 3023 P.

900 3234 1017 3236 ἡ
1035 3233 1217 3236 ,--
1233 3213 1636 3271 ,ψῃ
1645 3234 1962 3237 mm„
