2840 4010
21 819 136 869 iuffbdqu.
151 826 230 846 uxvr,

0 1620 6 1668 :y
25 1639 130 1667 ’ωιτη
145 1637 237 1666 lib-111,

0 1681 2 1715 ῑ
24 1671 239 1716 rafim-,5

0 1719 5 1736 l
28 1721 40 1730 ·
53 1717 122 1741 Vm.
135 1723 170 1740 η.

0 1765 9 1836 ξ
26 1782 235 1823 ·s.·n=.1=ct.x¹v'‚

0 1837 7 1857 Γ
23 1827 85 1845 ”11-

908 187 1171 233 QUAESTIO
1200 188 1407 235 LXXVIII,
1437 189 1729 226 ARTICULUS
1760 190 1774 226 1

2371 195 2419 232 71

629 363 1037 443 QUAESTIO
1082 367 2056 424 SEPTUAGESIMAOCTAVA

718 495 802 534 DE
836 493 1040 535 CAUSA
1072 493 1328 534 PECCATI
1363 493 1531 545 QUAE
1563 495 1677 536 EST
1709 496 1962 537 MALITIA

1039 615 1073 640 IN
1103 615 1275 646 QUATUOR
1300 615 1501 641 ARTICULOS
1529 617 1644 642 DIVISA

342 731 449 755 EINDE
488 717 805 755 considerandum
844 724 898 753 est
934 717 980 753 de
1019 729 1133 754 causa
1170 717 1314 765 peccati

261 728 441 819 unae
474 778 530 807 est
568 782 612 806 ex
647 777 752 817 parte
790 769 1011 816 voluntatis,
1048 781 1145 818 quae
1183 769 1315 806 dicitur

258 823 399 860 malitia
416 822 448 860 ⁸⁸².

260 877 308 913 Et
336 876 432 912 circa
459 875 534 911 hoc
562 881 793 921 quaeruntur
822 882 993 922 quatuor.

312 927 462 965 Primo:
490 933 617 963 utrum
646 926 779 975 aliquis
807 927 925 974 possit
953 938 998 962 ex
1027 933 1127 962 certa
1156 925 1314 973 malitia,

365 991 432 1016 seu
459 977 656 1026 industria,
685 990 855 1027 peccare.

1409 717 1606 754 Secundo:
1635 725 1762 755 utrum
1791 719 2018 767 quicumque
2046 727 2176 767 peccat
2200 731 2245 755 ex
2272 719 2417 765 habitu,

1447 778 1576 817 peccet
1604 782 1648 806 ex
1677 778 1777 807 certa
1803 771 1953 808 malitia.

1408 822 1558 858 Tertio:
1587 829 1712 858 utrum
1741 823 1970 871 quicumque
1994 831 2123 871 peccat
2147 836 2191 860 ex
2211 831 2310 860 certa
2338 835 2418 860 ma—

1448 874 1534 920 litia,
1562 882 1694 922 peccet
1722 887 1766 911 ex
1793 875 1933 911 habitu.

1409 927 1575 972 Quarto:
1604 934 1731 963 utrum
1758 927 1818 963 ille
1838 927 1902 974 qui
1929 935 2059 976 peccat
2079 939 2123 963 ex
2143 935 2241 964 certa
2265 927 2414 974 malitia,

1449 978 1599 1026 gravius
1613 986 1745 1027 peccet
1759 991 1873 1027 quam
1885 979 1943 1016 ille
1955 979 2019 1027 qui
2033 987 2163 1027 peccat
2173 992 2218 1016 ex
2231 979 2417 1027 passione.

1066 1094 1381 1137 ARTICULUS
1411 1095 1615 1137 PRIMUS

847 1196 1003 1227 UTRUM
1024 1195 1195 1232 ALIQUIS
1218 1194 1387 1226 PECCET
1410 1196 1467 1226 EX
1490 1195 1635 1226 CERTA
1658 1197 1838 1227 MALITIA

640 1284 661 1309 11
681 1284 762 1313 Sent„
783 1284 841 1309 dist.
859 1292 932 1313 mu,
952 1288 998 1308 art.
1016 1291 1042 1315 13
1062 1283 1104 1308 De
1121 1283 1204 1312 Malo,
1225 1290 1269 1315 qu.
1287 1290 1318 1313 11,
1338 1288 1384 1308 art.
1403 1283 1432 1312 8,
1452 1286 1484 1308 ad
1502 1291 1531 1315 4;
1551 1291 1595 1316 qu.
1613 1291 1654 1314 111,
1674 1289 1719 1308 art.
1738 1292 1782 1314 12;
1802 1290 1847 1310 art.
1865 1292 1908 1316 14,
1929 1285 1959 1310 ad
1975 1293 1999 1318 7,
2014 1284 2040 1310 8.

299 1390 326 1423 ³2³.

317 1470 329 1484 ¹<

332 1393 358 1415 x2
401 1404 417 1412 ,v
448 1396 450 1398 v
474 1385 497 1410 1)
525 1384 662 1410 Palmum
690 1383 742 1408 316
766 1383 1004 1408 pnocemrun.
1031 1371 1190 1408 Videtur
1239 1371 1317 1408 uod

295 1401 451 1483 §57ssng
476 1426 599 1462 nullus
626 1432 757 1473 peccet
777 1436 820 1460 ex
840 1423 1032 1471 industria,
1053 1423 1132 1460 sive
1153 1435 1198 1459 ex
1213 1382 1319 1460 {etta

284 1483 320 1521 ’,γ
414 1463 628 1517 'r'malitia
663 1477 875 1524 Ignorantia
905 1476 1005 1513 enim
1034 1475 1237 1525 opponitur
1265 1476 1318 1512 in-

290 1526 298 1532 *
324 1552 333 1565 ,ς
356 1533 411 1556 r,-
434 1522 655 1577 Kdusfflae,
676 1542 744 1566 seu
764 1537 886 1566 certae
905 1529 1080 1566 malitiae.
1102 1528 1179 1565 Sed
1199 1529 1318 1566 omnis

263 1584 459 1621 malus-est
475 1584 667 1633 ignorans,
689 1582 901 1619 secundum
921 1581 1197 1630 Philosophum
1218 1582 1249 1618 ⁵³.
1270 1582 1319 1618 Et

263 1637 375 1673 Prov.
395 1647 456 1672 x1v
473 1635 493 1657 ’¹‘
522 1635 669 1672 dicitur:
698 1636 843 1670 Errant
859 1634 923 1682 qui
942 1639 1145 1681 operantur
1162 1634 1316 1671 malum.

264 1690 366 1737 Ergo
395 1689 519 1725 nullus
547 1695 678 1737 peccat
706 1699 751 1723 ex
779 1694 878 1724 certa
905 1686 1057 1723 malitia.

319 1753 354 1778 2.
379 1742 615 1787 Pmmmm,
645 1740 851 1788 Dionysius
880 1739 977 1786 dicit,
1007 1751 1042 1776 1v
1066 1751 1147 1787 cap.
1168 1739 1213 1775 de
1230 1740 1317 1776 Div.

264 1792 382 1831 Nom.
402 1793 433 1840 ’ξ
463 1793 567 1841 quod
596 1792 718 1829 nullus
737 1793 926 1829 intendens
944 1792 995 1828 ad
1019 1791 1162 1828 malum
1188 1803 1318 1840 opera-

265 1853 345 1893 tur„
367 1846 445 1883 Sed
471 1847 545 1882 hoc
572 1845 722 1882 videtur
751 1857 833 1881 esse
852 1856 1010 1894 peccare
1030 1855 1074 1880 ex
1094 1843 1244 1891 malitia,
1264 1844 1319 1880 in-

265 1899 420 1937 tendere
438 1899 583 1935 malum
602 1897 640 1934 in
659 1898 872 1946 peccando:
892 1896 997 1946 quod
1017 1896 1118 1933 enirn
1139 1904 1195 1933 est
1212 1909 1319 1945 prae-

264 1959 323 1989 ter
347 1949 612 1997 intentionem,
643 1957 698 1986 est
725 1949 831 1998 quasi
858 1961 927 1998 per
955 1949 1148 1995 accidens,
1180 1957 1215 1985 et
1242 1961 1320 1986 non

267 1999 487 2042 denominat
515 2011 653 2040 actum.
682 2003 784 2050 Ergo
809 2003 933 2039 nullus
953 2014 998 2038 ex
1017 2001 1158 2038 malitia
1175 2010 1318 2050 peccat.

322 2057 356 2094 3.
385 2057 627 2102 PRAETEREA,
657 2055 798 2092 malitia
830 2055 911 2103 ipsa
945 2061 1145 2103 peccatum
1179 2062 1245 2091 est.
1281 2054 1320 2091 Si

199 2100 201 2102 ¹
265 2109 376 2159 igitur
407 2108 548 2145 malitia
583 2108 629 2144 sit
663 2119 776 2144 causa
813 2107 976 2155 peccati,
1007 2114 1184 2155 sequetur
1215 2107 1321 2155 quod

265 2169 464 2212 peccatum
494 2161 540 2198 sit
559 2172 672 2197 causa
692 2160 836 2208 peccati
855 2160 894 2196 in
912 2159 1117 2196 infinitum:
1143 2159 1247 2207 quod
1269 2167 1323 2196 est

267 2214 551 2255 inconveniens.
581 2213 718 2250 Nullus
745 2212 855 2260 igitur
883 2224 929 2249 ex
957 2212 1096 2248 malitia
1123 2219 1267 2261 peccat.

321 2268 395 2304 SED
416 2278 561 2304 CONTRA
579 2277 645 2303 EST
664 2265 769 2313 quod
789 2264 920 2302 dicitur
937 2265 1006 2301 Iob
1024 2277 1133 2301 xxxlv
1147 2264 1182 2300 *ε
1207 2265 1324 2306 Quasi

267 2318 312 2358 de
340 2319 520 2356 industria
553 2318 785 2355 recesserunt
809 2330 832 2354 a
862 2318 960 2363 Deo,
990 2322 1026 2353 et
1049 2318 1131 2354 vias
1158 2317 1236 2354 eius
1268 2317 1322 2353 in-

266 2372 432 2423 telligere
459 2371 667 2408 noluerunt.
699 2370 775 2407 Sed
803 2370 979 2406 recedere
999 2382 1021 2406 a
1043 2371 1128 2406 Deo
1158 2377 1213 2406 est
1235 2381 1321 2418 pec-

267 2437 364 2462 care.
399 2425 501 2472 Ergo
535 2423 648 2471 aliqui
681 2430 840 2471 peccant
872 2435 918 2459 ex
952 2422 1151 2470 industria,
1181 2434 1248 2459 seu
1278 2434 1323 2459 ex

267 2485 368 2516 certa
395 2476 547 2514 malitia.

320 2531 545 2567 RESPONDEO
564 2539 747 2565 mcENDUM
767 2527 870 2575 quod
889 2528 1021 2574 homo,
1042 2527 1136 2564 sicut
1155 2534 1190 2564 et
1209 2540 1322 2577 quae-

266 2583 356 2620 libet
383 2582 456 2619 alia
483 2594 558 2629 res,
588 2580 804 2618 naturaliter
835 2580 950 2616 habet
982 2580 1190 2628 appetitum
1218 2580 1320 2617 boni.

266 2635 378 2672 Unde
406 2633 512 2683 quod
547 2634 594 2671 ad
629 2634 773 2670 malum
809 2632 888 2668 eius
921 2632 1105 2681 appetitus
1142 2632 1321 2680 declinet,

269 2687 447 2735 contingit
475 2698 520 2722 ex
543 2686 667 2734 aliqua
691 2685 929 2734 corruptione
955 2697 1023 2721 seu
1046 2685 1321 2722 inordinatione

267 2740 306 2776 in
325 2739 453 2788 aliquo
468 2738 742 2787 principiorum
761 2737 944 2774 hominis:
966 2737 1019 2774 sie
1034 2737 1189 2774 enimin
1209 2738 1322 2774 actio-

232 2799 237 2801 “
268 2791 380 2829 nibus
395 2803 522 2828 rerum
538 2789 763 2841 naturalium
779 2797 977 2838 peccatum
998 2790 1196 2827 invenitur.
1217 2790 1322 2827 Prin-

269 2844 365 2893 cipia
393 2851 521 2888 autem
549 2843 806 2880 humanorum
831 2850 984 2879 actuum
1008 2850 1094 2879 sunt
1117 2843 1322 2880 intellectus

269 2904 306 2934 et
333 2896 531 2945 appetitus,
559 2903 638 2932 tam
667 2894 867 2941 rationalis,
897 2895 962 2943 qui
985 2895 1118 2932 dicitur
1135 2896 1322 2943 voluntas,

268 2961 386 2998 quam
401 2948 611 2985 sensitivus.
632 2949 836 2984 Peccatum
856 2947 965 2995 igitur
984 2947 1021 2984 in
1040 2948 1218 2985 humanis
1237 2948 1324 2984 acti-

268 3002 340 3038 bus
360 3000 539 3049 contingit
558 3000 800 3048 quandoque,
826 3000 920 3036 sicut
940 3012 984 3036 ex
1008 3001 1155 3037 defectu
1184 3001 1323 3038 intelle-

269 3061 362 3101 ctUS‚
388 3061 480 3102 puta
509 3065 596 3089 cum
615 3052 747 3100 aliquis
766 3064 834 3101 per
852 3052 1100 3100 ignorantiam
1120 3061 1267 3102 peccat;
1290 3060 1325 3089 et

270 3119 316 3143 ex
345 3106 492 3143 defectu
525 3105 710 3154 appetitus
744 3105 925 3152 sensitivi‚
955 3105 1049 3141 sicut
1077 3117 1164 3141 cum
1193 3105 1324 3154 aliquis

270 3171 315 3196 ex
343 3158 519 3208 passione
547 3165 694 3207 peccat;
724 3157 774 3193 ita
803 3157 913 3193 etiam
942 3169 987 3194 ex
1017 3157 1163 3194 defectu
1189 3158 1324 3194 volun-

268 3211 365 3258 tatis,
394 3211 458 3260 qui
489 3218 544 3247 est
569 3208 793 3246 inordinatio
826 3209 954 3257 ipsius.

324 3265 392 3301 Est
419 3270 546 3300 autern
574 3263 751 3299 voluntas
779 3261 1000 3307 inordinata,
1022 3261 1175 3310 quando
1201 3262 1324 3299 minus

270 3317 418 3353 bonurn
451 3315 571 3363 magis
605 3322 717 3351 amat.
757 3314 1007 3361 Consequens
1042 3321 1169 3350 autem
1199 3322 1254 3351 est
1285 3322 1325 3351 ut

268 3369 405 3418 aliquis
439 3369 548 3416 eligat
579 3367 656 3416 pati
694 3366 962 3404 detrimentum
995 3365 1033 3402 in
1066 3366 1169 3402 bono
1199 3366 1324 3403 minus

325 3487 351 3520 α)
372 3487 416 3512 Et.
433 3500 452 3506 —
471 3487 512 3511 Ita
531 3486 578 3511 Pa.

1369 1379 1506 1418 amato,
1536 1371 1585 1408 ad
1611 1373 1686 1408 hoc
1705 1372 1808 1421 quod
1826 1373 1989 1421 potiatur
2007 1373 2109 1409 bono
2130 1372 2248 1420 magis
2275 1380 2420 1409 amato:

1371 1423 1464 1459 sicut
1493 1436 1581 1460 cum
1607 1425 1727 1461 homo
1752 1426 1833 1461 vult
1859 1425 1935 1473 pati
1957 1424 2231 1461 abscissionem
2259 1425 2422 1462 membri

1371 1475 1480 1512 etiarn
1509 1476 1678 1523 scienter,
1708 1484 1748 1513 ut
1777 1485 1974 1513 conservet
2001 1477 2132 1523 vitam,
2162 1489 2278 1524 quam
2303 1478 2420 1524 magis

1371 1536 1482 1564 amat.
1512 1529 1560 1565 Et
1580 1534 1597 1550 α
1624 1541 1692 1577 per
1719 1530 1821 1565 hunc
1840 1529 2012 1576 modurn,
2041 1529 2194 1576 quando
2223 1529 2346 1577 aliqua
2364 1530 2418 1565 in-

1371 1581 1540 1617 ordinata
1557 1582 1733 1618 voluntas
1761 1582 1915 1630 aliquod
1943 1582 2087 1618 bonurn
2111 1582 2318 1629 temporale
2337 1582 2419 1629 plus

1371 1640 1486 1679 amat,
1516 1641 1607 1681 puta
1635 1633 1781 1670 divitias
1809 1635 1871 1670 vel
1898 1635 2148 1682 voluptatem,
2178 1645 2293 1680 quam
2323 1634 2420 1670 ordi-

1371 1697 1458 1722 nem
1478 1686 1630 1722 rationis
1648 1687 1711 1722 vel
1730 1686 1820 1733 legis
1841 1686 2003 1732 divinae,
2018 1687 2080 1723 vel
2100 1686 2290 1722 caritatem
2305 1686 2376 1722 Dei
2392 1684 2418 1733 β,

1369 1739 1431 1774 vel
1460 1738 1597 1786 aliquid
1631 1738 1864 1784 huiusmodi3
1895 1738 2061 1786 sequitur
2093 1738 2196 1786 quod
2224 1738 2313 1774 velit
2347 1738 2420 1774 dis-

1370 1791 1551 1838 pendium
1574 1791 1651 1838 pati
1679 1790 1717 1827 in
1745 1791 1871 1839 aliquo
1892 1790 2137 1839 spiritualium
2156 1791 2359 1838 bonorum,
2379 1798 2420 1827 ut

1371 1843 1534 1890 potiatur
1562 1843 1685 1892 aliquo
1714 1843 1913 1892 temporali
1940 1844 2056 1880 bono.
2085 1842 2189 1880 Nihil
2217 1850 2342 1879 autem
2367 1851 2422 1880 est

1372 1895 1470 1932 aliud
1498 1896 1642 1932 malum
1662 1907 1777 1944 quam
1801 1895 1961 1944 privatio
1981 1895 2135 1932 alicuius
2158 1895 2259 1932 boni.
2289 1896 2339 1932 Et
2364 1907 2420 1931 36-

1373 1948 1539 1984 cundum
1567 1949 1642 1984 hoc
1670 1948 1802 1996 aliquis
1830 1948 1989 1984 scienter
2006 1948 2087 1984 vult
2105 1947 2258 1995 aliquod
2277 1948 2421 1984 malum

1372 2000 1572 2048 spirituale,
1603 2001 1707 2049 quod
1736 2008 1791 2037 est
1818 2002 1963 2037 malum
1987 2000 2212 2048 simpliciter,
2231 2012 2300 2049 per
2319 2000 2422 2049 quod

1372 2053 1517 2090 bonum
1538 2053 1725 2101 spirituale
1754 2053 1933 2102 privatur,
1953 2061 1994 2089 ut
2013 2054 2115 2090 bono
2137 2053 2334 2101 temporali
2353 2065 2422 2101 po-

1373 2105 1494 2142 tiatur.
1523 2105 1633 2142 Unde
1663 2105 1796 2142 dicitur
1816 2117 1859 2141 ex
1884 2113 1983 2142 certa
2002 2105 2153 2152 malitia,
2172 2106 2235 2142 vel
2255 2117 2300 2141 ex
2318 2105 2422 2142 indu-

1374 2158 1460 2194 stria
1487 2170 1656 2206 peccare,
1686 2158 1793 2206 quasi
1822 2158 1980 2195 scienter
2007 2158 2150 2194 malurn
2179 2157 2328 2204 eligens.

1426 2212 1484 2247 AD
1501 2222 1635 2247 PRIMUM
1650 2222 1747 2247 ERGO
1763 2222 1946 2248 manDUM
1961 2211 2065 2258 quod
2084 2210 2291 2258 ignorantia
2307 2222 2423 2258 quan-

1375 2263 1502 2310 doque
1522 2263 1676 2312 quidem
1696 2264 1856 2301 excludit
1874 2265 2067 2302 scientiam
2088 2279 2163 2315 qua
2181 2267 2312 2316 aliquis
2336 2268 2423 2305 sirn-

1374 2316 1515 2364 pliciter
1543 2316 1610 2353 scit
1636 2317 1711 2352 hoc
1739 2329 1821 2353 esse
1840 2318 1983 2354 malum
2002 2319 2106 2367 quod
2125 2319 2260 2367 agitur:
2282 2328 2319 2357 et
2336 2327 2425 2357 tunc

1375 2369 1509 2405 dicitur
1536 2381 1581 2405 ex
1607 2369 1816 2416 ignorantia
1836 2382 2007 2418 peccare.
2033 2371 2273 2420 Quandoque
2298 2380 2423 2409 autem

1377 2421 1536 2458 excludit
1563 2421 1758 2458 scientiam
1787 2434 1863 2470 qua
1889 2423 2008 2460 homo
2033 2425 2100 2461 scit
2126 2425 2200 2461 hoc
2223 2437 2324 2461 nunc
2344 2438 2424 2462 esse

1376 2475 1536 2511 malurn:
1567 2474 1661 2511 sicut
1688 2487 1775 2511 curn
1805 2487 1850 2511 ex
1876 2476 2052 2524 passione
2080 2484 2266 2525 peccatur.
2297 2478 2425 2523 Quan-

1376 2527 1502 2575 doque
1527 2534 1654 2563 autem
1684 2528 1845 2564 excludit
1872 2528 2066 2566 scientiam
2095 2542 2171 2577 qua
2199 2530 2331 2578 aliquis
2360 2530 2426 2567 scit

1375 2580 1449 2616 hoc
1477 2580 1621 2616 malum
1650 2592 1728 2616 non
1757 2580 2018 2618 sustinendum
2051 2594 2134 2618 esse
2160 2590 2314 2631 propter
2337 2595 2425 2619 con-

1375 2632 1609 2668 secutionem
1636 2632 1731 2669 illius
1760 2633 1862 2679 boni,
1883 2634 1950 2670 scit
1971 2642 2099 2671 tamen
2120 2635 2334 2683 simpliciter
2352 2636 2425 2671 hoc

1376 2697 1456 2721 esse
1486 2686 1648 2721 malum:
1679 2692 1715 2721 et
1741 2685 1793 2721 sic
1821 2685 1953 2723 dicitur
1979 2687 2151 2734 ignorare
2175 2688 2240 2736 qui
2264 2699 2308 2723 ex
2328 2695 2426 2723 certa

1375 2737 1515 2774 malitia
1540 2744 1682 2786 peccat.

1428 2792 1486 2826 AD
1506 2801 1694 2827 SECUNDUM
1713 2801 1895 2828 DICENDUM
1915 2791 2019 2839 quod
2047 2792 2189 2828 malum
2207 2804 2285 2828 non
2303 2798 2426 2839 potest

1376 2854 1457 2879 esse
1477 2842 1688 2879 secundum
1708 2855 1747 2879 se
1767 2843 1951 2880 intentum
1971 2845 2018 2880 ab
2038 2844 2163 2892 aliquo
2178 2844 2213 2880 *ε
2232 2851 2356 2892 potest
2374 2851 2427 2879 ta·
2452 2844 2578 2892 {2342952
2602 2844 2662 2871 7⁸⁴»

1377 2907 1466 2931 men
1486 2907 1566 2931 esse
1582 2895 1766 2931 intentum
1786 2897 1834 2933 ad
1852 2896 2050 2933 vitandum
2070 2897 2169 2933 aliud
2189 2897 2344 2942 malum,
2364 2896 2426 2932 vel

1378 2947 1426 2984 ad
1455 2947 1766 2995 consequendum
1794 2949 1895 2985 aliud
1923 2949 2080 2996 bonum,
2100 2956 2140 2985 ut
2160 2948 2299 2985 dictum
2320 2955 2375 2984 est
2392 2947 2423 2984 ²¹².

1378 3001 1427 3036 Et
1453 2999 1490 3036 in
1517 3000 1579 3036 tali
1609 3013 1697 3036 casu
1730 3000 1861 3049 aliquis
1895 3001 2043 3048 eligeret
2074 3001 2253 3049 consequi
2280 3001 2427 3037 bonum

1377 3065 1446 3101 per
1465 3064 1505 3088 se
1524 3052 1722 3098 intentum,
1748 3053 1889 3101 absque
1917 3054 1990 3089 hoc
2018 3053 2121 3101 quod
2148 3059 2337 3101 pateretur
2364 3053 2428 3089 de-

1377 3105 1596 3141 trimentum
1634 3105 1783 3141 alterius
1820 3105 1921 3141 boni.
1961 3105 2063 3141 Sicut
2097 3105 2229 3153 aliquis
2266 3105 2427 3142 lascivus

1377 3158 1491 3194 vellet
1517 3157 1588 3193 frui
1617 3157 1861 3194 delectatione
1894 3158 2037 3207 absque
2067 3157 2212 3194 offensa
2239 3157 2331 3194 Dei:
2361 3157 2429 3194 sed

1380 3210 1529 3246 duobus
1555 3209 1768 3257 propositis,
1792 3209 1910 3256 magis
1928 3210 2009 3245 vult
2026 3209 2220 3257 peccando
2240 3209 2429 3246 incurrere

1379 3261 1566 3298 offensam
1594 3261 1677 3308 Dei,
1707 3273 1823 3309 quam
1852 3262 2098 3299 delectatione
2125 3262 2303 3311 privetur.

1431 3316 1489 3350 An
1508 3325 1666 3350 TERTmM
1684 3325 1865 3350 DICENDUM
1894 3314 1997 3362 quod
2026 3315 2165 3352 malitia
2194 3327 2239 3352 ex
2266 3327 2341 3364 qua
2366 3315 2430 3351 ali-

1379 3366 1459 3414 quis
1489 3365 1620 3402 dicitur
1647 3377 1816 3414 peccare⁷
1844 3374 1969 3415 potest
1996 3367 2145 3415 intelligi
2169 3368 2307 3404 malitia
2326 3367 2430 3404 habi-

1434 3483 1458 3516 β)
1479 3484 1537 3510 Dei.
1556 3498 1574 3503 -
1593 3484 1654 3509 Om.
1673 3485 1939 3517 ABCEFGl-ilKLpD.

2452 2950 2462 2959 “
2477 2949 2503 2970 ln
2518 2954 2623 2976 corpore.

2544 1534 2561 1550 α

2544 1685 2558 1718 β
