2840 4010
157 810 248 857 'Cigu-
254 815 317 837 xvur,
326 813 367 831 art.

155 842 167 863 5
192 842 204 857 a
235 843 258 862 4.

150 1909 162 1920 ¹*
177 1908 213 1930 Cf.
230 1909 361 1931 Comment.

151 1954 160 1963 ·
175 1952 246 1975 Num.
258 1960 301 1981 vu,
311 1960 361 1975 vin.

401 161 451 195 60
614 175 629 189 ·

399 238 656 278 intemperantiae
683 240 827 270 sumitur.
856 240 917 270 Sed
940 239 1012 269 licet
1039 247 1144 268 revera
1167 238 1210 268 sic
1237 238 1292 273 sit,
1316 244 1452 268 attamen

399 282 461 312 hoc
485 293 550 313 non
574 283 727 314 clauditur
751 284 808 313 sub
832 283 919 318 scito,
945 283 997 312 sed
1023 282 1080 311 sub
1104 281 1206 311 velato
1224 291 1259 311 ex
1274 281 1349 311 iuris
1364 281 1453 321 igno-

398 326 514 357 rantia:
536 333 565 357 et
581 334 746 367 propterea
761 326 946 365 relinquitur
969 325 1057 365 quod
1073 324 1105 354 in
1122 324 1199 354 scito
1215 324 1293 355 nihil
1309 331 1354 355 est
1369 326 1453 355 unde

399 370 517 410 species
540 377 692 401 sumatur.
716 371 756 400 Et
779 370 803 399 si
827 369 899 399 huic
923 368 1074 407 adiungas
1097 369 1185 408 quod
1209 378 1245 398 ex
1268 368 1378 408 ignoto
1398 380 1454 409 per

398 414 619 453 negligentiam
636 424 700 443 non
717 413 851 443 sumitur
870 411 997 451 species,
1013 412 1096 452 quia,
1115 419 1150 442 ut
1165 412 1198 442 in
1213 412 1314 442 littera
1330 413 1451 450 dicitur,

398 467 464 487 non
488 465 592 497 potest
615 457 674 487 dici
698 457 785 496 quod
804 455 950 485 voluntas
972 455 1005 485 in
1028 455 1212 486 huiusmodi
1236 455 1381 496 ignotum
1397 467 1452 497 per

398 511 441 536 se,
465 501 519 531 sed
537 511 593 540 per
608 500 748 530 accidens
763 499 893 534 feratur;
918 499 1058 539 sequitur
1074 500 1163 540 quod
1177 499 1363 531 huiusmodi
1381 511 1451 540 pec-

398 551 483 580 cata,
508 545 582 584 quia
609 543 768 573 obiectum
795 542 928 572 formale
950 543 1088 579 velatur,
1113 553 1180 573 non
1206 551 1280 575 sunt
1310 544 1451 576 eiusdem

397 588 510 629 speciei
534 587 614 617 facta
636 587 673 616 ab
697 586 860 626 ignorante
883 586 942 622 ius,
967 594 998 617 et
1019 597 1037 616 a
1060 586 1185 618 sciente.

453 632 504 662 IX.
529 631 589 661 Sed
617 637 692 660 tunc
715 630 840 660 obstant
869 630 944 660 duo.
973 630 1098 667 Primo,
1123 631 1198 672 quia
1225 639 1350 672 oportet
1377 632 1450 663 assi—

395 686 488 715 gnare
512 674 648 714 speciem
670 674 737 704 vitii
759 674 792 704 in
815 683 879 714 qua
902 673 1086 705 huiusmodi
1109 682 1274 715 peccatum
1290 683 1348 706 est:
1374 676 1452 706 nihil

395 720 480 750 enim
497 726 543 749 est
557 718 590 748 in
605 727 726 757 genere,
745 718 833 758 quod
849 727 913 748 non
930 718 969 748 sit
984 718 1017 749 in
1033 718 1138 759 aliqua
1154 719 1221 749 eius
1233 719 1346 759 specie.
1361 737 1381 742 —
1398 719 1450 749 Se-

395 764 510 799 cundo,
528 762 603 803 quia
618 768 744 801 oportet
766 761 883 792 salvare
906 761 993 792 illam
1015 763 1173 802 regulam:
1201 763 1450 793 Circumstantia

386 807 516 848 faciens
538 811 644 837 actum
668 806 708 836 de
730 815 792 836 non
818 806 903 836 malo
930 807 1062 843 malum,
1087 806 1143 837 dat
1163 808 1296 846 speciem
1313 806 1339 836 *.
1365 806 1450 836 Cum

394 852 479 882 enim
502 861 568 882 non
591 856 739 890 appareat
763 849 868 890 aliqua
890 849 956 880 vitii
980 850 1097 889 species
1121 850 1153 879 in
1172 850 1225 880 tali
1250 850 1322 880 bina
1346 860 1450 880 come-

393 895 494 926 stione
518 903 548 926 et
570 894 735 929 similibus,
753 899 783 924 et
798 893 865 923 sola
881 894 1113 925 circumstantia
1133 893 1356 924 determinatae
1372 901 1450 924 tem-

393 939 551 980 perantiae
567 949 585 969 a
599 938 666 968 iure
689 937 722 967 in
745 937 838 968 unica
861 937 1055 967 comestione
1078 937 1131 967 tali
1155 937 1214 973 die,
1238 938 1347 968 reddat
1365 938 1450 968 hunc

392 991 499 1014 actum
517 983 655 1020 malum;
680 991 875 1021 consequens
900 988 945 1012 est
968 989 1003 1011 ut
1019 981 1059 1010 ad
1074 981 1177 1020 ipsam
1192 981 1450 1021 intemperantiae

393 1028 530 1068 speciem
553 1026 622 1057 talis
649 1025 850 1064 transgressio
874 1025 1049 1055 reducatur.
1075 1025 1175 1055 Cuius
1204 1025 1390 1066 oppositum
1414 1037 1450 1058 ex

392 1071 648 1112 praecedentibus
673 1070 868 1109 sequebatur.

448 1116 540 1146 Unde
564 1114 733 1144 dicendum
757 1119 802 1143 est
825 1112 922 1152 quod,
947 1112 1019 1143 licet
1041 1119 1128 1143 actus
1151 1112 1201 1143 isti
1221 1123 1257 1143 ex
1272 1113 1449 1153 ignorantia

393 1159 518 1196 causati,
533 1168 599 1189 non
611 1158 672 1188 sint
687 1167 741 1197 per
758 1166 790 1186 se
805 1156 837 1186 in
853 1156 966 1187 talibus
982 1157 1155 1196 speciebus,
1169 1164 1298 1197 propter
1313 1158 1449 1188 rationes

392 1204 516 1239 anatas;
540 1201 698 1232 reductive
716 1207 821 1231 tamen
839 1201 958 1230 suntin
975 1201 1093 1231 eisdem
1106 1201 1269 1241 speciebus
1283 1201 1316 1231 in
1332 1201 1448 1242 quibus

392 1254 495 1278 essent
518 1244 678 1277 commissi
694 1255 711 1274 a
727 1244 851 1275 sciente.
877 1244 918 1274 Et
940 1244 1018 1275 ratio
1036 1251 1091 1281 est,
1108 1244 1182 1285 quia
1197 1245 1340 1276 velamen
1357 1245 1448 1286 igno-

390 1291 507 1322 rantiae
529 1290 605 1330 legis
628 1299 726 1330 quam
749 1294 872 1318 tenetur
891 1298 992 1324 nunc,
1016 1289 1080 1325 hic,
1105 1288 1161 1319 iste
1185 1289 1271 1325 scire,
1296 1289 1370 1330 quia
1392 1300 1447 1320 vo-

390 1335 564 1366 luntarium
594 1340 653 1369 est,
678 1332 850 1372 impeditur
873 1342 890 1362 a
913 1333 1049 1363 locando
1081 1332 1227 1372 ignotum
1254 1333 1334 1364 illud
1365 1341 1448 1366 extra

390 1379 605 1410 voluntarium
629 1384 659 1407 et
682 1377 857 1412 intentum;
882 1381 912 1406 et
926 1377 1074 1408 voluntas
1097 1377 1194 1408 veluti
1217 1385 1305 1408 actus
1329 1378 1449 1409 reducit

390 1430 496 1454 actum
519 1422 559 1453 ad
582 1427 727 1452 naturam
750 1430 824 1451 suae
848 1420 971 1461 speciei,
995 1421 1075 1451 sicut
1094 1420 1187 1451 etiam
1207 1421 1280 1452 facit
1301 1422 1448 1453 volunta-

389 1467 474 1498 rium
496 1467 640 1497 velamen
662 1464 856 1505 ignorantiae
871 1464 952 1496 facti.
978 1465 1110 1504 Propter
1125 1465 1222 1505 quod,
1240 1465 1320 1496 sicut
1335 1466 1367 1496 in
1384 1476 1447 1498 cre-

390 1512 482 1542 dente
498 1510 639 1541 occidere
656 1519 784 1539 cervum
807 1515 837 1538 et
857 1509 1017 1539 occidente
1040 1509 1205 1539 hominem
1221 1519 1257 1539 ex
1273 1509 1448 1549 ignorantia

391 1555 548 1595 culpabili,
572 1561 659 1584 actus
683 1552 849 1583 occisionis
873 1553 952 1583 redit
967 1553 1006 1583 ad
1022 1559 1166 1583 naturam
1186 1563 1260 1583 suae
1277 1554 1400 1594 speciei,
1419 1562 1448 1586 et

391 1606 436 1630 est
458 1598 683 1633 homicidium;
708 1597 751 1627 ita
774 1597 806 1626 in
834 1597 1019 1628 comedente
1047 1596 1094 1627 bis
1122 1607 1158 1627 ex
1187 1597 1335 1637 culpabili
1357 1598 1447 1638 igno-

389 1643 489 1675 rantia
511 1642 586 1682 legis
610 1642 642 1671 in
667 1641 716 1670 die
735 1640 852 1676 ieiunii,
872 1648 958 1671 actus
975 1640 1178 1671 comestionis
1192 1641 1271 1672 redit
1294 1642 1334 1672 ad
1357 1649 1447 1673 natu-

389 1697 457 1717 ram
481 1696 556 1717 suae
585 1685 713 1726 speciei,
739 1691 769 1715 et
792 1691 838 1715 est
865 1685 1114 1724 intemperantia.
1144 1685 1346 1725 intelligenda
1374 1694 1448 1717 sunt

390 1741 463 1771 ergo
488 1740 568 1771 quae
592 1728 739 1759 dicuntur
758 1729 796 1759 de
811 1729 931 1769 ignoto,
956 1729 1045 1769 quod
1069 1729 1184 1759 scilicet
1198 1739 1264 1760 non
1281 1729 1446 1770 specificat,

389 1775 496 1815 quoad
514 1774 652 1814 reposita
675 1783 730 1813 per
753 1783 786 1803 se
807 1773 840 1802 in
864 1773 983 1813 specie:
1009 1783 1098 1804 secus
1117 1779 1223 1804 autem
1240 1781 1286 1804 est
1302 1774 1340 1804 de
1356 1775 1446 1805 redu-

390 1819 468 1849 ctive
492 1819 531 1848 ad
555 1817 692 1858 speciem
715 1816 951 1857 pertinentibus.
976 1817 1016 1847 Et
1040 1817 1083 1847 sic
1107 1817 1215 1847 omnia
1238 1825 1424 1850 consonant.

443 1863 483 1893 Et
505 1863 601 1892 habes
625 1871 661 1891 ex
684 1861 746 1891 hoc
769 1861 963 1892 solutionem
987 1861 1074 1892 dubii
1097 1861 1194 1892 relicti
1217 1861 1250 1891 in
1273 1872 1327 1902 qu.
1342 1872 1443 1899 Lxxu,

388 1913 444 1938 art.
463 1917 481 1947 9
497 1906 527 1942 *;
553 1913 583 1937 et
598 1905 826 1936 resolutionem
842 1905 1023 1945 simpliciter
1042 1905 1181 1935 duorum
1201 1905 1314 1936 ultimo
1338 1913 1447 1939 tracta-

387 1957 496 1982 torum
512 1960 596 1980 nunc
606 1949 635 1979 *:
656 1949 745 1989 quod
763 1949 879 1980 scilicet
895 1949 974 1979 facta
990 1956 1116 1989 peccata
1132 1959 1169 1980 ex
1184 1949 1359 1989 ignorantia
1375 1950 1447 1982 facti

388 1994 592 2035 culpabiliter,
617 1993 680 2023 sive
705 1993 766 2024 sint
788 1994 964 2024 secundum
984 2003 1016 2024 se
1037 1993 1121 2023 mala
1144 1993 1208 2024 sive
1224 2003 1300 2030 non,
1316 1994 1448 2027 redeunt

388 2039 428 2070 ad
451 2045 594 2071 naturam
619 2047 693 2067 suae
722 2037 848 2077 speciei,
873 2038 1002 2078 quando
1027 2037 1120 2077 culpa
1149 2037 1282 2077 impedit
1303 2038 1447 2070 velamen

387 2082 580 2123 ignorantiae
605 2092 622 2112 a
644 2081 780 2112 locando
805 2089 911 2112 actum
935 2088 1018 2112 extra
1040 2081 1207 2112 intentum.
1236 2082 1317 2112 Dico
1340 2089 1447 2114 autem

387 2127 458 2163 hoc,
483 2126 558 2167 quia
580 2133 645 2157 tam
668 2125 744 2156 levis
767 2132 875 2165 posset
898 2135 963 2157 esse
983 2125 1076 2165 culpa
1095 2125 1310 2165 negligentiae,
1327 2133 1362 2157 ut
1381 2136 1447 2157 non

387 2172 549 2201 reduceret
571 2178 678 2201 actum
693 2170 732 2200 ad
749 2169 911 2209 propriam
934 2169 1082 2210 speciem,
1106 2169 1217 2200 saltem
1235 2169 1388 2210 perfecte:
1412 2177 1448 2202 ut

388 2221 474 2255 patet
496 2214 528 2244 in
552 2223 590 2244 eo
615 2214 670 2254 qui
693 2224 730 2244 ex
752 2213 910 2244 levissima
933 2213 1026 2254 culpa
1049 2213 1256 2253 negligentiae
1278 2214 1312 2244 in
1336 2214 1447 2247 discer-

389 2259 495 2288 nendo
524 2257 613 2294 vina,
638 2258 817 2297 ignoranter
846 2257 1016 2288 inebriatur
1024 2266 1031 2293 ;
1056 2267 1121 2288 non
1153 2257 1238 2288 enim
1266 2257 1345 2289 redit
1371 2266 1447 2291 tunc

391 2302 520 2333 ebrietas
536 2301 569 2332 in
585 2309 731 2332 naturam
754 2312 828 2332 suae
853 2301 967 2342 speciei
987 2301 1152 2342 perfectae.
1168 2319 1189 2324 -
1205 2302 1246 2332 Et
1264 2302 1342 2334 scito
1359 2303 1448 2344 quod

387 2346 421 2376 in
443 2346 502 2376 hac
519 2345 698 2376 difficultate
715 2346 817 2376 multo
834 2353 977 2386 tempore
994 2345 1039 2376 fui
1055 2355 1122 2376 non
1137 2346 1304 2382 resolutus,
1324 2353 1356 2377 et
1375 2347 1447 2378 ideo

387 2400 465 2429 vage
488 2389 612 2430 scripsi:
637 2390 692 2420 sed
715 2390 804 2420 nolui
828 2397 950 2420 mutare
972 2389 1035 2420 iam
1059 2389 1189 2429 scripta,
1213 2396 1342 2430 propter
1365 2400 1448 2421 exer-

390 2434 510 2465 citium.

442 2479 481 2508 X.
499 2478 534 2507 In
550 2478 664 2508 eodem
680 2485 793 2517 quarto
812 2477 952 2513 articulo,
970 2477 1002 2508 in
1019 2477 1226 2517 responsione
1241 2478 1281 2508 ad
1297 2477 1446 2517 primum,

388 2528 464 2552 nota
479 2522 568 2562 quod
583 2521 658 2552 haec
678 2522 842 2562 responsio
859 2521 1026 2562 exponitur
1046 2521 1176 2552 inferius
1191 2521 1224 2552 in
1243 2532 1298 2562 qu.
1317 2531 1446 2558 Lxxvm,

388 2572 444 2597 art.
466 2576 495 2602 1,
520 2565 558 2595 ad
588 2576 614 2603 1,
638 2566 692 2596 ubi
713 2565 914 2606 distinguitur
931 2565 1041 2606 triplex
1057 2565 1233 2605 ignorantia
1249 2575 1285 2596 ex
1300 2574 1387 2606 parte
1403 2566 1447 2597 rei

388 2610 491 2646 scitae,
509 2610 684 2640 secundum
706 2609 859 2649 triplicem
883 2609 1055 2640 scientiam.
1080 2610 1185 2641 Prima
1201 2616 1255 2646 est,
1274 2620 1337 2650 qua
1352 2610 1448 2642 scitur

387 2653 588 2684 individuum
604 2661 690 2684 actus
708 2663 774 2684 esse
789 2654 926 2684 malum:
952 2661 1027 2693 puta
1044 2654 1123 2684 hanc
1139 2654 1386 2694 acceptationem
1402 2653 1447 2685 rei

388 2697 506 2728 alienae
522 2707 588 2728 esse
607 2697 739 2728 malum.
764 2697 918 2735 Secunda,
935 2708 998 2738 qua
1018 2698 1113 2728 scitur
1131 2697 1331 2728 individuum
1348 2704 1445 2734 actus,

388 2748 418 2772 et
437 2741 588 2782 temporis
604 2741 687 2777 eius,
712 2741 827 2772 scilicet
847 2742 908 2772 hoc
927 2751 1011 2772 nunc
1029 2751 1094 2772 esse
1111 2742 1242 2772 malum.
1267 2741 1374 2773 Tertia
1390 2748 1445 2778 est,

387 2795 450 2825 qua
473 2786 569 2816 scitur
590 2785 791 2816 individuum
807 2793 905 2823 actus,
925 2785 1077 2825 temporis
1101 2793 1131 2816 et
1155 2785 1364 2822 executionis,
1389 2785 1446 2817 sci-

386 2829 459 2859 licet
480 2829 542 2860 hoc
565 2839 650 2860 nunc
673 2839 739 2860 non
763 2839 829 2861 esse
854 2829 1042 2860 faciendum.
1058 2829 1275 2869 -Ignorantia
1299 2829 1447 2870 opposita

387 2873 506 2913 primae
530 2873 689 2910 scientiae,
715 2879 761 2904 est
784 2883 876 2904 causa
899 2873 1027 2914 peccati.
1054 2873 1233 2914 Ignorantia
1255 2874 1393 2905 secunda
1416 2880 1447 2905 et

1051 159 1315 205 QUAESTIO
1346 160 1522 206 LXXVI,
1550 161 1844 200 ARTICULUS
1873 165 1925 200 lV

1507 238 1595 269 tertia
1611 246 1656 270 est
1671 240 1847 279 ignorantia
1866 242 2036 280 electionis,
2053 254 2151 284 quarn
2165 247 2287 276 Auctor
2309 252 2401 286 negat
2423 245 2474 276 hic
2497 255 2563 276 esse

1508 292 1635 315 causam
1653 284 1787 322 peccati:
1811 294 1878 315 non
1901 287 1990 326 quod
2012 294 2101 326 putet
2123 298 2194 318 eam
2216 299 2280 319 non
2306 299 2432 320 causare
2454 299 2562 329 pecca-

1507 333 1586 363 tum,
1612 333 1647 357 ut
1670 327 1722 357 alii
1745 334 1867 365 tenent;
1892 329 1947 359 sed
1969 330 2044 369 quia
2062 338 2154 370 negat
2169 342 2239 362 eam
2262 333 2461 365 annumerari
2482 332 2564 363 inter

1506 371 1663 409 generales
1684 381 1792 402 causas
1811 372 1941 411 peccati,
1957 373 1995 403 de
2011 373 2126 413 quibus
2142 376 2240 406 modo
2256 382 2374 410 tractat.
2399 375 2562 414 Quoniam

1507 421 1633 454 peccata
1649 424 1729 455 quae
1752 414 1833 445 fiunt
1852 425 1888 446 ex
1904 417 2041 447 secunda
2057 423 2087 447 et
2101 417 2190 448 tertia
2203 418 2390 458 ignorantia,
2406 429 2473 451 non
2488 426 2562 450 sunt

1505 465 1631 498 peccata
1647 468 1682 488 ex
1698 458 1884 498 ignorantia,
1901 460 1956 489 sed
1975 470 2011 490 ex
2029 460 2175 500 passione
2189 462 2239 492 vel
2257 462 2376 499 habitu,
2396 470 2431 494 ut
2453 463 2487 493 in
2508 463 2562 493 illa

1505 502 1689 542 quaestione
1703 502 1721 521 *
1743 503 1926 534 declaratur.

1560 546 1612 576 XI.
1638 546 1674 575 In
1697 547 1811 576 eodem
1834 554 1947 587 quarto
1971 547 2103 578 articulo
2124 547 2258 578 dubium
2277 549 2482 588 pro-novitiis
2507 559 2562 586 oc·

1506 589 1600 619 currit
1622 590 1660 619 de
1682 590 1889 630 responsione
1912 591 1951 622 ad
1974 592 2159 622 secundum.
2185 591 2278 628 Quia,
2297 591 2450 623 stantibus
2465 592 2561 629 etiam

1506 632 1655 663 omnibus
1671 633 1759 663 dictis
1773 633 1801 670 *,
1823 634 1927 665 adhuc
1949 635 2002 665 illa
2025 635 2212 675 propositio,
2233 635 2400 670 Peccatum
2417 635 2560 674 αάάὶξμῃα

1499 681 1631 715 peccato
1646 675 1733 716 facit
1755 678 1870 715 maius,
1893 678 2016 709 videtur
2039 678 2147 709 efficax
2170 686 2394 719 argumentum
2409 678 2561 711 sustinere

1504 718 1536 748 in
1560 719 1738 758 proposito,
1763 720 1847 757 Quia
1865 731 1939 752 cum
1953 722 2139 762 ignorantia,
2156 732 2211 754 seu
2228 723 2368 759 ebrietas,
2384 722 2476 754 fuerit
2491 732 2562 762 pec÷

1505 770 1620 799 catum,
1637 762 1662 792 si
1678 763 1736 793 sibi
1760 764 1893 801 addatur
1916 775 2050 806 sequens
2073 774 2247 806 peccatum,
2265 773 2561 807 quantumcumque

1505 806 1685 843 minimum,
1709 806 1801 838 faciet
1823 808 1935 840 maius.

1559 851 1609 882 Ad
1633 851 1694 881 hoc
1717 851 1830 881 dicitur
1848 853 1936 892 quod
1951 861 2174 893 argumentum
2187 855 2248 885 hoc
2263 853 2424 885 concludit
2438 863 2559 890 verum,

1504 895 1558 925 sed
1581 895 1614 925 in
1637 895 1738 925 littera
1761 905 1827 925 non
1850 895 1976 927 affertur
1998 898 2037 927 ad
2055 897 2127 928 hoc.
2150 899 2224 929 Non
2248 898 2334 929 enim
2357 905 2403 929 est
2417 897 2560 938 quaestio

1504 949 1544 970 an
1567 949 1701 979 sequens
1717 945 1882 979 peccatum
1906 939 2061 971 diminuat
2083 949 2247 981 peccatum
2269 941 2482 982 ignorantiae:
2507 942 2561 979 sed

1503 982 1628 1014 affertur
1651 983 1690 1014 ad
1714 989 1937 1022 argumentum
1959 985 2048 1024 quod
2063 984 2238 1024 ignorantia
2255 996 2321 1016 non
2335 986 2491 1016 diminuat
2506 986 2561 1016 sed

1504 1034 1616 1067 augeat
1643 1037 1777 1068 sequens
1808 1034 1990 1067 peccatum;
2015 1028 2169 1068 quoniam
2197 1029 2235 1060 de
2263 1030 2324 1061 hoc
2348 1036 2394 1060 est
2416 1029 2559 1070 quaestio

1502 1071 1673 1111 praesentis
1697 1071 1825 1102 articuli.
1851 1071 1892 1101 Et
1914 1071 1947 1101 in
1969 1071 2071 1105 littera
2089 1073 2128 1102 ad
2142 1073 2204 1103 hoc
2218 1074 2426 1113 respondetur
2440 1073 2560 1113 optime

1502 1116 1590 1156 quod
1614 1115 1682 1155 ipsa
1705 1114 1881 1154 ignorantia
1904 1114 2051 1146 adiuncta
2074 1115 2217 1156 sequenti
2245 1124 2391 1157 peccato,
2416 1127 2482 1153 non
2506 1127 2560 1154 au-

1502 1167 1572 1199 geat
1589 1159 1683 1195 illud,
1706 1159 1760 1190 sed
1784 1158 1939 1189 diminuat
1960 1158 2048 1195 illud,
2074 1167 2104 1191 et
2127 1166 2233 1191 totum
2254 1161 2470 1201 compositum
2483 1161 2501 1180 *
2523 1171 2560 1197 ex

1502 1211 1648 1244 utroque,
1664 1203 1690 1233 si
1706 1202 1931 1243 componentia
1951 1203 2127 1234 secundum
2143 1214 2176 1234 se
2191 1211 2371 1236 sumantur:
2395 1205 2470 1245 quia
2487 1205 2561 1245 plus

1502 1247 1612 1278 adimit
1635 1248 1673 1278 de
1696 1247 1844 1287 gravitate
1867 1246 1961 1283 illius,
1986 1257 2083 1287 quam
2105 1254 2246 1288 apponat
2269 1248 2308 1279 de
2323 1248 2472 1288 gravitate
2487 1258 2560 1290 pro·

1502 1291 1578 1331 pria.
1608 1292 1700 1322 Unde
1722 1291 1754 1322 in
1777 1290 1879 1321 littera
1906 1300 1973 1321 non
2001 1290 2114 1322 dicitur
2141 1292 2229 1332 quod
2257 1292 2353 1323 ambo
2375 1292 2472 1324 simul
2493 1302 2560 1330 non

1501 1335 1618 1367 habent
1649 1342 1768 1366 tantam
1798 1334 1981 1374 gravitatem
2011 1342 2163 1376 quantam
2191 1336 2418 1376 quodcumque
2448 1346 2560 1374 eorum

1501 1390 1644 1410 seorsum
1659 1380 1766 1410 habet:
1789 1379 1843 1409 sed
1859 1385 2011 1419 quantam
2027 1389 2130 1411 unum
2146 1389 2268 1416 eorum,
2285 1379 2400 1414 scilicet
2415 1389 2559 1420 sequens,

1501 1424 1676 1455 secundum
1700 1433 1732 1453 se
1747 1422 1889 1468 gravius,
1914 1429 1950 1453 ut
1971 1423 2091 1455 dictum
2115 1430 2161 1454 est
2173 1423 2200 1460 *‚
2225 1423 2361 1456 haberet.

1554 1468 1623 1507 XII.
1648 1468 1683 1498 In
1707 1468 1820 1497 eodem
1844 1466 1975 1498 articulo
1994 1474 2106 1508 quarto
2122 1467 2256 1498 dubium
2272 1474 2318 1499 est
2333 1468 2372 1498 de
2387 1466 2560 1508 quantitate

1501 1511 1729 1542 diminutionis.
1754 1513 1805 1541 An
1825 1510 1940 1542 scilicet
1962 1510 2139 1550 ignorantia
2153 1512 2329 1546 secundum
2346 1521 2379 1542 se
2395 1517 2560 1551 peccatum

1499 1555 1630 1592 veniale,
1651 1562 1775 1586 excuset
1798 1565 1933 1595 sequens
1956 1562 2123 1595 peccatum
2145 1565 2182 1586 ex
2204 1565 2241 1586 ea
2263 1566 2282 1587 a
2305 1555 2446 1586 mortali:
2471 1562 2502 1589 et
2519 1555 2559 1592 ai—

1499 1599 1613 1631 militer
1635 1599 1811 1639 ignorantia
1833 1599 1974 1630 mortalis
1993 1599 2118 1630 levioris
2137 1599 2266 1636 ordinis,
2283 1606 2408 1631 excuset
2423 1609 2558 1640 sequens

1500 1653 1518 1674 a
1535 1643 1660 1674 mortali
1675 1642 1826 1683 gravioris
1845 1643 1975 1674 ordinis.
1994 1643 2062 1679 Vel,
2079 1653 2096 1674 e
2111 1650 2229 1680 contra,
2245 1643 2378 1678 mortale
2394 1650 2559 1684 peccatum

1500 1697 1635 1728 sequens
1658 1697 1694 1717 ex
1717 1686 1893 1726 ignorantia
1915 1686 2038 1723 veniali,
2054 1686 2147 1719 faciat
2162 1687 2250 1718 illam
2265 1687 2448 1723 mortalem:
2473 1687 2558 1723 etai-

1500 1731 1614 1762 militer
1629 1731 1762 1761 mortale
1784 1730 1933 1770 gravioris
1949 1730 2068 1762 ordinis
2083 1738 2230 1771 aggravet
2244 1731 2455 1771 ignorantiam
2469 1735 2558 1768 m&-

1499 1775 1605 1812 talem‚
1629 1775 1662 1805 in
1685 1775 1860 1814 graviorem
1884 1775 2028 1806 ordinem
2051 1775 2214 1806 trahendo.

1554 1819 1606 1850 Ad
1629 1819 1691 1849 hoc
1714 1818 1827 1849 dicitur
1849 1819 1938 1859 quod
1960 1819 2045 1849 haec·
2059 1819 2202 1859 quaestio
2226 1829 2263 1851 ex
2286 1818 2409 1851 dictis‘
2433 1820 2472 1854 de
2489 1828 2559 1861 ape-

1501 1863 1606 1894 ciebus
1630 1869 1831 1903 peccatorum
1854 1872 1891 1894 ex
1913 1862 2099 1902 ignorantia,
2116 1863 2241 1903 pendet.
2266 1863 2405 1901 Quando
2419 1873 2559 1905 namque

1499 1906 1676 1947 ignorantia
1698 1916 1764 1936 non
1787 1906 1889 1937 aufert
1906 1906 2068 1947 propriam
2091 1914 2122 1938 et
2143 1907 2314 1948 perfectam
2330 1907 2468 1948 speciem
2485 1908 2558 1943 dali-

1500 1952 1607 1982 berato
1631 1957 1759 1991 peccato
1782 1951 1871 1991 quod
1894 1960 1931 1981 ex
1954 1961 1990 1982 ea
2008 1950 2053 1988 fit,
2073 1961 2139 1982 non
2155 1951 2257 1983 aufert
2280 1958 2511 1993 consequenter
2526 1951 2560 1986 id

1500 1995 1589 2036 quod
1612 2004 1649 2025 ex
1672 1994 1799 2034 propria
1819 1994 1923 2034 specie
1945 1994 2003 2026 sibi
2025 1995 2172 2031 vindicat,
2197 1995 2313 2028 scilicet
2336 2006 2402 2028 esse
2424 1995 2559 2030 monde

1500 2045 1531 2070 et
1545 2049 1611 2070 esse
1626 2038 1759 2069 mortale
1773 2038 1922 2078 gravioris
1936 2038 2068 2080 ordin-is.
2092 2039 2225 2079 Propter
2239 2039 2327 2080 quod
2350 2039 2384 2071 in
2405 2039 2454 2072 his
2471 2048 2559 2081 ,qma

1500 2089 1574 2114 sunt
1596 2083 1772 2114 secundum
1795 2092 1827 2113 se
1850 2089 1977 2123 peccata
2001 2083 2156 2119 mortalia,
2181 2090 2212 2114 et
2235 2083 2401 2116 deliberate
2422 2083 2560 2117 fiunti·

1499 2126 1618 2167 seipsis,
1638 2126 1782 2167 quamvis
1803 2136 1839 2157 ex
1861 2126 2046 2166 ignorantia,
2062 2126 2207 2159 mortalia
2222 2134 2306 2159 sunt.
2330 2127 2469 2165 Quando
2483 2136 2559 2161 m

1499 2170 1675 2211 ignorantia
1698 2170 1840 2201 distrahit
1862 2180 1997 2211 sequens
2024 2178 2188 2211 peccatum
2212 2171 2251 2202 ad
2274 2171 2411 2211 speciem
2433 2170 2560 2205 anexius

1500 2214 1632 2255 peccati,
1657 2221 1735 2254 puta
1761 2214 1916 2246 ebrietatis
1939 2215 1990 2246 vel
2010 2214 2186 2247 venationis
2214 2225 2280 2246 non
2303 2215 2557 2252 discretissimam

1500 2265 1590 2295 tunc,
1614 2258 1689 2299 quia
1712 2266 1879 2298 peccatum
1902 2268 2036 2299 sequens
2060 2269 2126 2290 non
2149 2259 2278 2291 sortitur
2303 2259 2467 2300 propriam
2487 2267 2560 2301 apo-

1501 2302 1590 2339 ciem,
1615 2309 1911 2343 quantumcumque
1926 2303 2103 2334 secundum
2116 2313 2149 2334 se
2165 2309 2246 2335 esset
2267 2303 2401 2335 mortale
2423 2309 2479 2336 aut
2490 2309 2559 2344 gra-

1499 2346 1595 2377 vioris
1618 2346 1747 2383 ordinis,
1763 2356 1829 2376 non
1852 2346 1925 2378 facit
1947 2353 2053 2378 actum
2072 2357 2110 2378 ex
2127 2346 2241 2379 veniali
2255 2347 2432 2383 mortalem,
2446 2356 2507 2381 noe
2518 2355 2560 2380 αι

1501 2390 1627 2421 mortali
1640 2390 1766 2421 levioris
1782 2390 1900 2421 ordinis
1915 2391 2084 2422 mor-talem
2097 2391 2247 2430 gravioris
2263 2391 2398 2427 ordinis;
2413 2390 2560 2432 quamvis

1501 2441 1646 2474 aggravet
1668 2441 1704 2465 ut
1727 2434 1968 2466 circumstantia.
1991 2435 2033 2466 Et
2054 2435 2133 2467 ratio
2156 2441 2203 2467 est
2225 2434 2299 2476 quia
2328 2434 2561 2468 circuunt-mn

1501 2488 1567 2508 non
1590 2478 1707 2509 habens
1730 2478 1892 2518 propriam
1914 2478 2061 2519 speciem,
2086 2489 2252 2519 nunquam
2270 2485 2419 2519 aggravat
2437 2479 2472 2511 in
2485 2477 2558 2511 infi-

1501 2522 1623 2558 nitum,
1647 2532 1814 2562 nunquam
1842 2522 1986 2554 transfert
2012 2522 2047 2553 in
2074 2521 2240 2563 proprium
2268 2522 2431 2560 ordinem,
2459 2529 2496 2555 ut
2523 2522 2559 2554 in

1500 2576 1554 2606 qu.
1571 2576 1704 2596 Lxxxvm
1718 2566 1735 2586 *
1758 2566 1888 2597 inferius
1911 2573 2006 2607 patet.
2030 2566 2122 2598 Unde
2137 2566 2162 2596 si
2179 2566 2309 2598 ebrietas
2331 2566 2364 2596 in
2387 2565 2498 2607 aliquo
2518 2566 2560 2599 ait

1500 2617 1665 2650 peccatum
1680 2610 1809 2646 veniale,
1829 2609 2039 2641 homicidium
2062 2620 2260 2650 consequens
2283 2620 2350 2641 non
2372 2609 2464 2642 faciet
2485 2619 2557 2651 peo-

1501 2660 1606 2685 catum
1632 2654 1780 2690 mortale;
1806 2661 1836 2685 et
1858 2654 1999 2685 similiter
2017 2654 2043 2685 si
2066 2653 2291 2694 circumspecta
2313 2653 2489 2694 aliqualiter
2505 2663 2558 2684 ve·

1500 2697 1586 2728 natio
1603 2705 1648 2728 est
1663 2705 1829 2738 peccatum
1844 2698 1974 2734 veniale,
1994 2697 2205 2730 homicidium
2219 2707 2355 2738 sequens
2378 2707 2445 2729 non
2466 2697 2560 2730 faciet

1500 2748 1664 2782 peceatum
1686 2742 1834 2778 mortale;
1860 2748 1891 2773 et
1913 2741 1940 2774 si
1962 2741 2091 2773 ebrietas
2113 2742 2165 2773 vel
2185 2741 2310 2773 venatio
2335 2748 2408 2772 sunt
2431 2747 2559 2782 peccata

1498 2785 1624 2816 levioris
1652 2785 1771 2816 ordinis
1799 2795 1897 2826 quam
1923 2785 2148 2822 homicidium,
2173 2795 2239 2817 non
2267 2785 2429 2817 trahentur
2450 2785 2486 2816 in
2506 2795 2557 2818 01⁵-

1500 2829 1605 2860 dinem
1634 2829 1791 2870 gravitatis
1820 2829 2000 2867 homicidii,
2031 2829 2178 2870 quamvis
2204 2835 2411 2870 aggraventur
2440 2839 2477 2861 ex
2503 2828 2559 2861 nli

1501 2872 1621 2904 effectu.

2588 509 2597 518 ·
2611 508 2690 535 Art-1,
2706 509 2734 530 ad
2749 515 2798 538 1,3.

2588 643 2598 652 '
2613 642 2649 664 Cf.
2659 648 2724 664 num.
2734 649 2756 670 v,
2765 649 2797 666 vr.

2587 1163 2800 1218 stratam
2837 1152 2840 1198 ³

2584 1429 2597 1441 '⁴
2611 1429 2649 1452 cf.
2662 1435 2727 1452 num.
2740 1436 2762 1452 v.

2585 1825 2596 1836 ⁸
2611 1823 2646 1847 cf.
2661 1830 2725 1847 num.
2740 1831 2772 1847 ix.

2584 2568 2695 2597 ‘Art.5.
