<?xml version="1.0" encoding="UTF-8"?>
<!DOCTYPE html PUBLIC "-//W3C//DTD XHTML 1.0 Transitional//EN"
    "http://www.w3.org/TR/xhtml1/DTD/xhtml1-transitional.dtd">
<html xmlns="http://www.w3.org/1999/xhtml" xml:lang="en" lang="en">
 <head>
  <title>
</title>
<meta http-equiv="Content-Type" content="text/html;charset=utf-8" />
  <meta name='ocr-system' content='tesseract 3.04.00' />
  <meta name='ocr-capabilities' content='ocr_page ocr_carea ocr_par ocr_line ocrx_word'/>
</head>
<body>
  <div class='ocr_page' id='page_1' title='image "./operaomniaiussui07thom/operaomniaiussui07thom_0124.png"; bbox 0 0 2840 4010; ppageno 0'>
   <div class='ocr_carea' id='block_1_1' title="bbox 100 820 309 893">
    <p class='ocr_par' dir='ltr' id='par_1_1' title="bbox 100 820 309 893">
     <span class='ocr_line' id='line_1_1' title="bbox 100 820 309 842; baseline -0.014 0"><span class='ocrx_word' id='word_1_1' title='bbox 100 822 110 831; x_wconf 76' lang='lat'>⁸</span> <span class='ocrx_word' id='word_1_2' title='bbox 121 821 145 842; x_wconf 83' lang='lat' dir='ltr'>S.</span> <span class='ocrx_word' id='word_1_3' title='bbox 154 820 197 841; x_wconf 86' lang='lat' dir='ltr'>Th.</span> <span class='ocrx_word' id='word_1_4' title='bbox 209 820 259 840; x_wconf 82' lang='lat' dir='ltr'>lect.</span> <span class='ocrx_word' id='word_1_5' title='bbox 270 825 309 840; x_wconf 78' lang='lat' dir='ltr'>xii.</span> 
     </span>
     <span class='ocr_line' id='line_1_2' title="bbox 101 845 309 869; baseline -0.005 -2"><span class='ocrx_word' id='word_1_6' title='bbox 101 858 111 862; x_wconf 95' lang='lat'><em>—</em></span> <span class='ocrx_word' id='word_1_7' title='bbox 123 847 176 869; x_wconf 80' lang='lat' dir='ltr'>Did.</span> <span class='ocrx_word' id='word_1_8' title='bbox 190 846 227 867; x_wconf 87' lang='lat' dir='ltr'>lib.</span> <span class='ocrx_word' id='word_1_9' title='bbox 240 845 278 869; x_wconf 79' lang='lat' dir='ltr'>lx.</span> <span class='ocrx_word' id='word_1_10' title='bbox 289 851 309 866; x_wconf 87' lang='lat' dir='ltr'>c.</span> 
     </span>
     <span class='ocr_line' id='line_1_3' title="bbox 109 879 192 893; baseline 0 0"><span class='ocrx_word' id='word_1_11' title='bbox 109 880 113 883; x_wconf 71' lang='lat'>¹</span> <span class='ocrx_word' id='word_1_12' title='bbox 139 879 160 893; x_wconf 92' lang='lat' dir='ltr'>n.</span> <span class='ocrx_word' id='word_1_13' title='bbox 176 879 192 893; x_wconf 90' lang='lat'>1.</span> 
     </span>
    </p>
   </div>
   <div class='ocr_carea' id='block_1_2' title="bbox 178 1457 307 1483">
    <p class='ocr_par' dir='ltr' id='par_1_2' title="bbox 178 1457 307 1483">
     <span class='ocr_line' id='line_1_4' title="bbox 178 1457 307 1483; baseline 0 -5"><span class='ocrx_word' id='word_1_14' title='bbox 178 1464 208 1483; x_wconf 73' lang='lat' dir='ltr'>iv,</span> <span class='ocrx_word' id='word_1_15' title='bbox 219 1463 241 1478; x_wconf 90' lang='lat' dir='ltr'>n.</span> <span class='ocrx_word' id='word_1_16' title='bbox 254 1457 286 1478; x_wconf 83' lang='lat'>16.</span> <span class='ocrx_word' id='word_1_17' title='bbox 297 1468 307 1472; x_wconf 99' lang='lat'>-</span> 
     </span>
    </p>
   </div>
   <div class='ocr_carea' id='block_1_3' title="bbox 96 1457 293 1505">
    <p class='ocr_par' dir='ltr' id='par_1_3' title="bbox 96 1457 293 1505">
     <span class='ocr_line' id='line_1_5' title="bbox 96 1457 293 1505; baseline -0.005 0"><span class='ocrx_word' id='word_1_18' title='bbox 96 1457 175 1505; x_wconf 39' lang='lat'>85:351..</span> <span class='ocrx_word' id='word_1_19' title='bbox 190 1484 242 1505; x_wconf 83' lang='lat' dir='ltr'>lect.</span> <span class='ocrx_word' id='word_1_20' title='bbox 261 1489 293 1504; x_wconf 81' lang='lat' dir='ltr'>ix.</span> 
     </span>
    </p>
   </div>
   <div class='ocr_carea' id='block_1_4' title="bbox 92 1994 290 2021">
    <p class='ocr_par' dir='ltr' id='par_1_4' title="bbox 92 1994 290 2021">
     <span class='ocr_line' id='line_1_6' title="bbox 92 1994 290 2021; baseline 0.005 -7"><span class='ocrx_word' id='word_1_21' title='bbox 92 1994 101 2003; x_wconf 75' lang='lat'>&#39;⁸</span> <span class='ocrx_word' id='word_1_22' title='bbox 119 1994 169 2014; x_wconf 84' lang='lat' dir='ltr'>Art.</span> <span class='ocrx_word' id='word_1_23' title='bbox 186 1994 290 2021; x_wconf 75' lang='lat' dir='ltr'>praeced.</span> 
     </span>
    </p>
   </div>
   <div class='ocr_carea' id='block_1_5' title="bbox 92 2197 303 2251">
    <p class='ocr_par' dir='ltr' id='par_1_5' title="bbox 92 2197 303 2251">
     <span class='ocr_line' id='line_1_7' title="bbox 92 2197 301 2224; baseline 0 -6"><span class='ocrx_word' id='word_1_24' title='bbox 92 2197 102 2206; x_wconf 74' lang='lat'>⁸</span> <span class='ocrx_word' id='word_1_25' title='bbox 119 2197 166 2224; x_wconf 90' lang='lat' dir='ltr'>Qu.</span> <span class='ocrx_word' id='word_1_26' title='bbox 181 2203 205 2223; x_wconf 86' lang='lat'>11,</span> <span class='ocrx_word' id='word_1_27' title='bbox 221 2201 262 2218; x_wconf 80' lang='lat' dir='ltr'>art.</span> <span class='ocrx_word' id='word_1_28' title='bbox 278 2203 301 2224; x_wconf 87' lang='lat'>7;</span> 
     </span>
     <span class='ocr_line' id='line_1_8' title="bbox 93 2227 303 2251; baseline 0.005 -7"><span class='ocrx_word' id='word_1_29' title='bbox 93 2229 131 2250; x_wconf 89' lang='lat' dir='ltr'>qu.</span> <span class='ocrx_word' id='word_1_30' title='bbox 148 2229 169 2249; x_wconf 87' lang='lat' dir='ltr'>v,</span> <span class='ocrx_word' id='word_1_31' title='bbox 186 2227 226 2245; x_wconf 85' lang='lat' dir='ltr'>art.</span> <span class='ocrx_word' id='word_1_32' title='bbox 242 2229 261 2251; x_wconf 87' lang='lat'>3,</span> <span class='ocrx_word' id='word_1_33' title='bbox 281 2231 303 2250; x_wconf 84' lang='lat'>4-</span> 
     </span>
    </p>
   </div>
   <div class='ocr_carea' id='block_1_6' title="bbox 115 2311 304 2338">
    <p class='ocr_par' dir='ltr' id='par_1_6' title="bbox 115 2311 304 2338">
     <span class='ocr_line' id='line_1_9' title="bbox 115 2311 304 2338; baseline 0 -6"><span class='ocrx_word' id='word_1_34' title='bbox 115 2311 162 2338; x_wconf 89' lang='lat' dir='ltr'>Qu.</span> <span class='ocrx_word' id='word_1_35' title='bbox 177 2316 245 2338; x_wconf 75' lang='lat' dir='ltr'>Lxxv,</span> <span class='ocrx_word' id='word_1_36' title='bbox 261 2315 304 2332; x_wconf 81' lang='lat' dir='ltr'>art.</span> 
     </span>
    </p>
   </div>
   <div class='ocr_carea' id='block_1_7' title="bbox 95 2782 302 2830">
    <p class='ocr_par' dir='ltr' id='par_1_7' title="bbox 95 2782 302 2830">
     <span class='ocr_line' id='line_1_10' title="bbox 95 2782 302 2809; baseline 0 -7"><span class='ocrx_word' id='word_1_37' title='bbox 95 2783 104 2792; x_wconf 75' lang='lat'>⁸</span> <span class='ocrx_word' id='word_1_38' title='bbox 116 2782 172 2808; x_wconf 86' lang='lat' dir='ltr'>Cap.</span> <span class='ocrx_word' id='word_1_39' title='bbox 182 2787 213 2807; x_wconf 81' lang='lat' dir='ltr'>vr,</span> <span class='ocrx_word' id='word_1_40' title='bbox 229 2787 250 2803; x_wconf 91' lang='lat' dir='ltr'>n.</span> <span class='ocrx_word' id='word_1_41' title='bbox 260 2788 281 2809; x_wconf 88' lang='lat'>3.</span> <span class='ocrx_word' id='word_1_42' title='bbox 293 2793 302 2797; x_wconf 99' lang='lat'>-</span> 
     </span>
     <span class='ocr_line' id='line_1_11' title="bbox 95 2807 285 2830; baseline 0 -1"><span class='ocrx_word' id='word_1_43' title='bbox 95 2808 119 2829; x_wconf 88' lang='lat' dir='ltr'>S.</span> <span class='ocrx_word' id='word_1_44' title='bbox 130 2807 173 2828; x_wconf 86' lang='lat' dir='ltr'>Th.</span> <span class='ocrx_word' id='word_1_45' title='bbox 188 2808 239 2829; x_wconf 79' lang='lat' dir='ltr'>lect.</span> <span class='ocrx_word' id='word_1_46' title='bbox 254 2814 285 2830; x_wconf 80' lang='lat' dir='ltr'>rx.</span> 
     </span>
    </p>
   </div>
   <div class='ocr_carea' id='block_1_8' title="bbox 350 186 417 220">
    <p class='ocr_par' dir='ltr' id='par_1_8' title="bbox 350 186 417 220">
     <span class='ocr_line' id='line_1_12' title="bbox 350 186 417 220; baseline 0 0"><span class='ocrx_word' id='word_1_47' title='bbox 350 186 417 220; x_wconf 79' lang='lat'>116</span> 
     </span>
    </p>
   </div>
   <div class='ocr_carea' id='block_1_9' title="bbox 980 180 1871 236">
    <p class='ocr_par' dir='ltr' id='par_1_9' title="bbox 980 180 1871 236">
     <span class='ocr_line' id='line_1_13' title="bbox 980 180 1871 236; baseline 0.001 -19"><span class='ocrx_word' id='word_1_48' title='bbox 980 181 1244 226; x_wconf 85' lang='lat' dir='ltr'>QUAESTIO</span> <span class='ocrx_word' id='word_1_49' title='bbox 1275 180 1467 225; x_wconf 81' lang='lat' dir='ltr'>LXXXV,</span> <span class='ocrx_word' id='word_1_50' title='bbox 1498 181 1793 236; x_wconf 86' lang='lat' dir='ltr'>ARTICULUS</span> <span class='ocrx_word' id='word_1_51' title='bbox 1821 183 1871 218; x_wconf 89' lang='lat' dir='ltr'>VI</span> 
     </span>
    </p>
   </div>
   <div class='ocr_carea' id='block_1_10' title="bbox 766 312 2084 438">
    <p class='ocr_par' dir='ltr' id='par_1_10' title="bbox 766 312 2084 438">
     <span class='ocr_line' id='line_1_14' title="bbox 1150 312 1700 355; baseline 0.002 -2"><span class='ocrx_word' id='word_1_52' title='bbox 1150 312 1463 354; x_wconf 87' lang='lat' dir='ltr'>ARTICULUS</span> <span class='ocrx_word' id='word_1_53' title='bbox 1494 313 1700 355; x_wconf 85' lang='lat' dir='ltr'>SEXTUS</span> 
     </span>
     <span class='ocr_line' id='line_1_15' title="bbox 766 400 2084 438; baseline -0.001 -1"><span class='ocrx_word' id='word_1_54' title='bbox 766 407 919 437; x_wconf 85' lang='lat' dir='ltr'>UTRUM</span> <span class='ocrx_word' id='word_1_55' title='bbox 943 406 1059 436; x_wconf 67' lang='lat' dir='ltr'>Mons</span> <span class='ocrx_word' id='word_1_56' title='bbox 1083 405 1141 435; x_wconf 86' lang='lat' dir='ltr'>ET</span> <span class='ocrx_word' id='word_1_57' title='bbox 1166 400 1250 435; x_wconf 53' lang='lat' dir='ltr'>31„ss</span> <span class='ocrx_word' id='word_1_58' title='bbox 1274 405 1500 436; x_wconf 83' lang='lat' dir='ltr'>DEFECTUS</span> <span class='ocrx_word' id='word_1_59' title='bbox 1525 406 1621 436; x_wconf 81' lang='lat' dir='ltr'>SINT</span> <span class='ocrx_word' id='word_1_60' title='bbox 1645 407 1903 437; x_wconf 81' lang='lat' dir='ltr'>NATURALES</span> <span class='ocrx_word' id='word_1_61' title='bbox 1928 407 2084 438; x_wconf 70' lang='lat' dir='ltr'>HOMIN!</span> 
     </span>
    </p>
   </div>
   <div class='ocr_carea' id='block_1_11' title="bbox 507 483 2339 556">
    <p class='ocr_par' dir='ltr' id='par_1_11' title="bbox 507 483 2339 556">
     <span class='ocr_line' id='line_1_16' title="bbox 507 483 2339 516; baseline -0.001 -7"><span class='ocrx_word' id='word_1_62' title='bbox 507 487 536 510; x_wconf 83' lang='grc' dir='ltr'>ΙΙ·</span> <span class='ocrx_word' id='word_1_63' title='bbox 558 486 607 513; x_wconf 70' lang='grc' dir='ltr'><strong>ΙΙ““,</strong></span> <span class='ocrx_word' id='word_1_64' title='bbox 628 493 670 516; x_wconf 76' lang='lat' dir='ltr'>qu.</span> <span class='ocrx_word' id='word_1_65' title='bbox 691 492 771 513; x_wconf 72' lang='lat' dir='ltr'>(Jinv,</span> <span class='ocrx_word' id='word_1_66' title='bbox 792 489 838 508; x_wconf 83' lang='lat' dir='ltr'>art.</span> <span class='ocrx_word' id='word_1_67' title='bbox 858 492 877 511; x_wconf 79' lang='grc' dir='ltr'>ι,</span> <span class='ocrx_word' id='word_1_68' title='bbox 898 484 929 507; x_wconf 86' lang='lat' dir='ltr'>ad</span> <span class='ocrx_word' id='word_1_69' title='bbox 952 490 977 510; x_wconf 78' lang='lat'>1:</span> <span class='ocrx_word' id='word_1_70' title='bbox 998 483 1016 507; x_wconf 91' lang='lat'>11</span> <span class='ocrx_word' id='word_1_71' title='bbox 1037 484 1119 511; x_wconf 72' lang='lat' dir='ltr'>Sem„</span> <span class='ocrx_word' id='word_1_72' title='bbox 1140 483 1198 507; x_wconf 82' lang='lat' dir='ltr'>dist.</span> <span class='ocrx_word' id='word_1_73' title='bbox 1213 490 1266 511; x_wconf 78' lang='lat' dir='ltr'>xxx.</span> <span class='ocrx_word' id='word_1_74' title='bbox 1286 491 1330 515; x_wconf 86' lang='lat' dir='ltr'>qu.</span> <span class='ocrx_word' id='word_1_75' title='bbox 1343 491 1366 512; x_wconf 75' lang='grc' dir='ltr'>ι,</span> <span class='ocrx_word' id='word_1_76' title='bbox 1387 488 1435 507; x_wconf 84' lang='lat' dir='ltr'>art.</span> <span class='ocrx_word' id='word_1_77' title='bbox 1453 490 1479 512; x_wconf 88' lang='lat'>1;</span> <span class='ocrx_word' id='word_1_78' title='bbox 1500 483 1538 514; x_wconf 81' lang='lat'>111,</span> <span class='ocrx_word' id='word_1_79' title='bbox 1559 484 1618 508; x_wconf 86' lang='lat' dir='ltr'>dist.</span> <span class='ocrx_word' id='word_1_80' title='bbox 1633 492 1687 515; x_wconf 80' lang='lat' dir='ltr'>xvr,</span> <span class='ocrx_word' id='word_1_81' title='bbox 1708 492 1752 516; x_wconf 85' lang='lat' dir='ltr'>qu.</span> <span class='ocrx_word' id='word_1_82' title='bbox 1767 492 1786 512; x_wconf 77' lang='grc' dir='ltr'>ι,</span> <span class='ocrx_word' id='word_1_83' title='bbox 1807 490 1852 509; x_wconf 85' lang='lat' dir='ltr'>art.</span> <span class='ocrx_word' id='word_1_84' title='bbox 1871 493 1895 511; x_wconf 82' lang='lat'>1:</span> <span class='ocrx_word' id='word_1_85' title='bbox 1916 485 1956 515; x_wconf 85' lang='lat' dir='ltr'>IV,</span> <span class='ocrx_word' id='word_1_86' title='bbox 1978 484 2037 509; x_wconf 81' lang='lat' dir='ltr'>dist.</span> <span class='ocrx_word' id='word_1_87' title='bbox 2049 492 2134 513; x_wconf 78' lang='lat' dir='ltr'>xxxvr,</span> <span class='ocrx_word' id='word_1_88' title='bbox 2155 490 2200 509; x_wconf 80' lang='lat' dir='ltr'>art.</span> <span class='ocrx_word' id='word_1_89' title='bbox 2221 492 2241 513; x_wconf 88' lang='lat'>1,</span> <span class='ocrx_word' id='word_1_90' title='bbox 2261 485 2292 508; x_wconf 82' lang='lat' dir='ltr'>ad</span> <span class='ocrx_word' id='word_1_91' title='bbox 2312 492 2339 514; x_wconf 86' lang='lat'>2;</span> 
     </span>
     <span class='ocr_line' id='line_1_17' title="bbox 639 518 2230 556; baseline 0.001 -13"><span class='ocrx_word' id='word_1_92' title='bbox 639 520 671 543; x_wconf 74' lang='lat' dir='ltr'>lv</span> <span class='ocrx_word' id='word_1_93' title='bbox 694 520 769 543; x_wconf 77' lang='lat' dir='ltr'>Cant.</span> <span class='ocrx_word' id='word_1_94' title='bbox 787 520 872 547; x_wconf 67' lang='lat' dir='ltr'>Gent„</span> <span class='ocrx_word' id='word_1_95' title='bbox 892 526 948 551; x_wconf 84' lang='lat' dir='ltr'>cap.</span> <span class='ocrx_word' id='word_1_96' title='bbox 963 526 1008 548; x_wconf 61' lang='grc' dir='ltr'>ιω</span> <span class='ocrx_word' id='word_1_97' title='bbox 1030 519 1070 543; x_wconf 82' lang='lat' dir='ltr'>De</span> <span class='ocrx_word' id='word_1_98' title='bbox 1089 518 1171 547; x_wconf 79' lang='lat' dir='ltr'>Malo,</span> <span class='ocrx_word' id='word_1_99' title='bbox 1191 526 1236 550; x_wconf 89' lang='lat' dir='ltr'>qu.</span> <span class='ocrx_word' id='word_1_100' title='bbox 1250 526 1273 548; x_wconf 77' lang='lat' dir='ltr'>v,</span> <span class='ocrx_word' id='word_1_101' title='bbox 1293 524 1338 543; x_wconf 86' lang='lat' dir='ltr'>art.</span> <span class='ocrx_word' id='word_1_102' title='bbox 1355 518 1383 549; x_wconf 85' lang='lat'>5;</span> <span class='ocrx_word' id='word_1_103' title='bbox 1403 519 1445 543; x_wconf 84' lang='lat' dir='ltr'>Ad</span> <span class='ocrx_word' id='word_1_104' title='bbox 1465 519 1550 547; x_wconf 67' lang='lat' dir='ltr'>Rom„</span> <span class='ocrx_word' id='word_1_105' title='bbox 1572 527 1627 551; x_wconf 80' lang='lat' dir='ltr'>cap.</span> <span class='ocrx_word' id='word_1_106' title='bbox 1641 527 1664 547; x_wconf 81' lang='lat' dir='ltr'>v,</span> <span class='ocrx_word' id='word_1_107' title='bbox 1685 520 1742 544; x_wconf 77' lang='lat' dir='ltr'>lect.</span> <span class='ocrx_word' id='word_1_108' title='bbox 1757 527 1798 549; x_wconf 80' lang='lat'><em>1113</em></span> <span class='ocrx_word' id='word_1_109' title='bbox 1818 520 1861 544; x_wconf 77' lang='lat' dir='ltr'>Ad</span> <span class='ocrx_word' id='word_1_110' title='bbox 1880 521 1970 547; x_wconf 72' lang='lat' dir='ltr'>Hebr„</span> <span class='ocrx_word' id='word_1_111' title='bbox 1991 527 2045 552; x_wconf 82' lang='lat' dir='ltr'>cap.</span> <span class='ocrx_word' id='word_1_112' title='bbox 2058 527 2091 549; x_wconf 78' lang='lat' dir='ltr'>1x,</span> <span class='ocrx_word' id='word_1_113' title='bbox 2112 521 2169 544; x_wconf 87' lang='lat' dir='ltr'>lect.</span> <span class='ocrx_word' id='word_1_114' title='bbox 2183 527 2208 544; x_wconf 75' lang='lat' dir='ltr'>v-</span> <span class='ocrx_word' id='word_1_115' title='bbox 2227 554 2230 556; x_wconf 20' lang='grc' dir='ltr'><strong>Δ</strong></span> 
     </span>
    </p>
   </div>
   <div class='ocr_carea' id='block_1_12' title="bbox 332 607 1398 1922">
    <p class='ocr_par' dir='ltr' id='par_1_12' title="bbox 369 607 1397 720">
     <span class='ocr_line' id='line_1_18' title="bbox 391 607 1397 658; baseline 0.002 -17"><span class='ocrx_word' id='word_1_116' title='bbox 391 626 434 658; x_wconf 41' lang='lat'>.-2</span> <span class='ocrx_word' id='word_1_117' title='bbox 455 630 506 660; x_wconf 65' lang='lat'>5⁴</span> <span class='ocrx_word' id='word_1_118' title='bbox 529 620 571 644; x_wconf 82' lang='grc' dir='ltr'>ι)</span> <span class='ocrx_word' id='word_1_119' title='bbox 591 620 731 645; x_wconf 79' lang='lat' dir='ltr'>SEXTUM</span> <span class='ocrx_word' id='word_1_120' title='bbox 760 620 812 644; x_wconf 79' lang='lat' dir='ltr'>Sic</span> <span class='ocrx_word' id='word_1_121' title='bbox 838 619 1075 644; x_wconf 70' lang='lat' dir='ltr'>PRocemrun.</span> <span class='ocrx_word' id='word_1_122' title='bbox 1104 607 1263 644; x_wconf 89' lang='lat' dir='ltr'>Videtur</span> <span class='ocrx_word' id='word_1_123' title='bbox 1292 607 1397 654; x_wconf 89' lang='lat' dir='ltr'>quod</span> 
     </span>
     <span class='ocr_line' id='line_1_19' title="bbox 369 658 1396 720; baseline 0.002 -27"><span class='ocrx_word' id='word_1_124' title='bbox 369 658 413 704; x_wconf 41' lang='grc' dir='ltr'>γ’</span> <span class='ocrx_word' id='word_1_125' title='bbox 464 659 523 720; x_wconf 58' lang='lat'>&#39;333</span> <span class='ocrx_word' id='word_1_126' title='bbox 549 673 653 697; x_wconf 90' lang='lat' dir='ltr'>mors</span> <span class='ocrx_word' id='word_1_127' title='bbox 674 668 710 697; x_wconf 91' lang='lat' dir='ltr'>et</span> <span class='ocrx_word' id='word_1_128' title='bbox 728 660 1136 697; x_wconf 84' lang='lat' dir='ltr'>huiusmodi&#39;defectus</span> <span class='ocrx_word' id='word_1_129' title='bbox 1156 660 1228 696; x_wconf 89' lang='lat' dir='ltr'>sint</span> <span class='ocrx_word' id='word_1_130' title='bbox 1250 659 1396 696; x_wconf 89' lang='lat' dir='ltr'>homini</span> 
     </span>
    </p>

    <p class='ocr_par' dir='ltr' id='par_1_13' title="bbox 385 701 1396 762">
     <span class='ocr_line' id='line_1_20' title="bbox 385 701 1396 762; baseline -0.003 -11"><span class='ocrx_word' id='word_1_131' title='bbox 385 711 389 719; x_wconf 90' lang='grc'><strong>’</strong></span> <span class='ocrx_word' id='word_1_132' title='bbox 489 701 748 750; x_wconf 84' lang='lat' dir='ltr'>naturales.</span> <span class='ocrx_word' id='word_1_133' title='bbox 776 714 1024 762; x_wconf 84' lang='lat' dir='ltr'>Corruptibile</span> <span class='ocrx_word' id='word_1_134' title='bbox 1045 713 1145 750; x_wconf 89' lang='lat' dir='ltr'>enim</span> <span class='ocrx_word' id='word_1_135' title='bbox 1166 719 1201 749; x_wconf 88' lang='lat' dir='ltr'>et</span> <span class='ocrx_word' id='word_1_136' title='bbox 1227 714 1396 749; x_wconf 83' lang='lat' dir='ltr'>incorru-</span> 
     </span>
    </p>

    <p class='ocr_par' dir='ltr' id='par_1_14' title="bbox 335 756 1397 972">
     <span class='ocr_line' id='line_1_21' title="bbox 395 756 1396 816; baseline -0.001 -15"><span class='ocrx_word' id='word_1_137' title='bbox 395 782 408 794; x_wconf 53' lang='grc' dir='ltr'><em>κ</em></span> <span class='ocrx_word' id='word_1_138' title='bbox 426 766 433 773; x_wconf 82' lang='grc'><em>’</em></span> <span class='ocrx_word' id='word_1_139' title='bbox 449 757 481 779; x_wconf 49' lang='lat'>*¹</span> <span class='ocrx_word' id='word_1_140' title='bbox 504 756 672 814; x_wconf 42' lang='lat' dir='ltr'>&amp;ptihile</span> <span class='ocrx_word' id='word_1_141' title='bbox 699 766 879 815; x_wconf 64' lang='lat' dir='ltr'>differunt</span> <span class='ocrx_word' id='word_1_142' title='bbox 903 778 1054 816; x_wconf 81' lang='lat' dir='ltr'><strong><em>genere,</em></strong></span> <span class='ocrx_word' id='word_1_143' title='bbox 1083 774 1125 802; x_wconf 91' lang='lat' dir='ltr'>ut</span> <span class='ocrx_word' id='word_1_144' title='bbox 1154 765 1285 801; x_wconf 90' lang='lat' dir='ltr'>dicitur</span> <span class='ocrx_word' id='word_1_145' title='bbox 1304 765 1342 801; x_wconf 90' lang='lat' dir='ltr'>in</span> <span class='ocrx_word' id='word_1_146' title='bbox 1362 765 1396 800; x_wconf 92' lang='lat' dir='ltr'>X</span> 
     </span>
     <span class='ocr_line' id='line_1_22' title="bbox 335 817 1396 866; baseline -0.001 -12"><span class='ocrx_word' id='word_1_147' title='bbox 335 819 550 866; x_wconf 79' lang='lat' dir='ltr'>MetaphyS.</span> <span class='ocrx_word' id='word_1_148' title='bbox 567 818 587 840; x_wconf 77' lang='lat'>*</span> <span class='ocrx_word' id='word_1_149' title='bbox 606 819 684 856; x_wconf 88' lang='lat' dir='ltr'>Sed</span> <span class='ocrx_word' id='word_1_150' title='bbox 711 820 831 856; x_wconf 89' lang='lat' dir='ltr'>homo</span> <span class='ocrx_word' id='word_1_151' title='bbox 857 827 913 856; x_wconf 92' lang='lat' dir='ltr'>est</span> <span class='ocrx_word' id='word_1_152' title='bbox 942 819 1112 855; x_wconf 88' lang='lat' dir='ltr'>eiusdem</span> <span class='ocrx_word' id='word_1_153' title='bbox 1141 817 1287 866; x_wconf 88' lang='lat' dir='ltr'>generis</span> <span class='ocrx_word' id='word_1_154' title='bbox 1309 829 1396 854; x_wconf 92' lang='lat' dir='ltr'>cum</span> 
     </span>
     <span class='ocr_line' id='line_1_23' title="bbox 336 870 1397 921; baseline -0.001 -14"><span class='ocrx_word' id='word_1_155' title='bbox 336 870 415 907; x_wconf 90' lang='lat' dir='ltr'>aliis</span> <span class='ocrx_word' id='word_1_156' title='bbox 445 871 681 919; x_wconf 82' lang='lat' dir='ltr'>animalibus,</span> <span class='ocrx_word' id='word_1_157' title='bbox 712 884 811 921; x_wconf 89' lang='lat' dir='ltr'>quae</span> <span class='ocrx_word' id='word_1_158' title='bbox 832 880 918 909; x_wconf 90' lang='lat' dir='ltr'>sunt</span> <span class='ocrx_word' id='word_1_159' title='bbox 938 871 1153 908; x_wconf 84' lang='lat' dir='ltr'>naturaliter</span> <span class='ocrx_word' id='word_1_160' title='bbox 1179 870 1397 918; x_wconf 87' lang='lat' dir='ltr'>corruptibi-</span> 
     </span>
     <span class='ocr_line' id='line_1_24' title="bbox 335 923 1292 972; baseline -0.001 -12"><span class='ocrx_word' id='word_1_161' title='bbox 335 923 393 960; x_wconf 89' lang='lat' dir='ltr'>lia.</span> <span class='ocrx_word' id='word_1_162' title='bbox 425 925 526 971; x_wconf 89' lang='lat' dir='ltr'>Ergo</span> <span class='ocrx_word' id='word_1_163' title='bbox 555 925 675 961; x_wconf 92' lang='lat' dir='ltr'>homo</span> <span class='ocrx_word' id='word_1_164' title='bbox 706 932 760 961; x_wconf 88' lang='lat' dir='ltr'>est</span> <span class='ocrx_word' id='word_1_165' title='bbox 788 925 1004 962; x_wconf 82' lang='lat' dir='ltr'>naturaliter</span> <span class='ocrx_word' id='word_1_166' title='bbox 1033 923 1292 972; x_wconf 89' lang='lat' dir='ltr'>corruptibilis.</span> 
     </span>
    </p>

    <p class='ocr_par' dir='ltr' id='par_1_15' title="bbox 336 975 1398 1237">
     <span class='ocr_line' id='line_1_25' title="bbox 391 975 1397 1025; baseline -0.002 -11"><span class='ocrx_word' id='word_1_167' title='bbox 391 989 424 1013; x_wconf 91' lang='lat'>2.</span> <span class='ocrx_word' id='word_1_168' title='bbox 447 978 678 1025; x_wconf 78' lang='lat' dir='ltr'>PRAETEREA,</span> <span class='ocrx_word' id='word_1_169' title='bbox 705 990 819 1014; x_wconf 89' lang='lat' dir='ltr'>omne</span> <span class='ocrx_word' id='word_1_170' title='bbox 849 978 953 1025; x_wconf 90' lang='lat' dir='ltr'>quod</span> <span class='ocrx_word' id='word_1_171' title='bbox 982 985 1037 1013; x_wconf 92' lang='lat' dir='ltr'>est</span> <span class='ocrx_word' id='word_1_172' title='bbox 1066 975 1322 1024; x_wconf 89' lang='lat' dir='ltr'>compositum</span> <span class='ocrx_word' id='word_1_173' title='bbox 1352 989 1397 1013; x_wconf 89' lang='lat' dir='ltr'>ex</span> 
     </span>
     <span class='ocr_line' id='line_1_26' title="bbox 336 1029 1398 1078; baseline -0.001 -12"><span class='ocrx_word' id='word_1_174' title='bbox 336 1029 543 1076; x_wconf 83' lang='lat' dir='ltr'>contrariis,</span> <span class='ocrx_word' id='word_1_175' title='bbox 574 1038 630 1067; x_wconf 90' lang='lat' dir='ltr'>est</span> <span class='ocrx_word' id='word_1_176' title='bbox 661 1030 877 1066; x_wconf 84' lang='lat' dir='ltr'>naturaliter</span> <span class='ocrx_word' id='word_1_177' title='bbox 906 1029 1161 1078; x_wconf 82' lang='lat' dir='ltr'>corruptibile,</span> <span class='ocrx_word' id='word_1_178' title='bbox 1196 1029 1303 1077; x_wconf 84' lang='lat' dir='ltr'>quasi</span> <span class='ocrx_word' id='word_1_179' title='bbox 1333 1030 1398 1065; x_wconf 92' lang='lat' dir='ltr'>ha-</span> 
     </span>
     <span class='ocr_line' id='line_1_27' title="bbox 336 1081 1397 1131; baseline -0.001 -12"><span class='ocrx_word' id='word_1_180' title='bbox 336 1084 429 1119; x_wconf 91' lang='lat' dir='ltr'>bens</span> <span class='ocrx_word' id='word_1_181' title='bbox 449 1083 486 1119; x_wconf 91' lang='lat' dir='ltr'>in</span> <span class='ocrx_word' id='word_1_182' title='bbox 506 1095 546 1119; x_wconf 91' lang='lat' dir='ltr'>se</span> <span class='ocrx_word' id='word_1_183' title='bbox 571 1095 725 1119; x_wconf 90' lang='lat' dir='ltr'>causam</span> <span class='ocrx_word' id='word_1_184' title='bbox 755 1082 1004 1131; x_wconf 88' lang='lat' dir='ltr'>corruptionis</span> <span class='ocrx_word' id='word_1_185' title='bbox 1028 1094 1129 1118; x_wconf 89' lang='lat' dir='ltr'>suae.</span> <span class='ocrx_word' id='word_1_186' title='bbox 1162 1081 1239 1118; x_wconf 91' lang='lat' dir='ltr'>Sed</span> <span class='ocrx_word' id='word_1_187' title='bbox 1259 1094 1397 1130; x_wconf 90' lang='lat' dir='ltr'>corpus</span> 
     </span>
     <span class='ocr_line' id='line_1_28' title="bbox 336 1134 1397 1182; baseline 0 -10"><span class='ocrx_word' id='word_1_188' title='bbox 336 1136 547 1172; x_wconf 89' lang='lat' dir='ltr'>humanum</span> <span class='ocrx_word' id='word_1_189' title='bbox 569 1143 624 1172; x_wconf 91' lang='lat' dir='ltr'>est</span> <span class='ocrx_word' id='word_1_190' title='bbox 642 1135 873 1172; x_wconf 89' lang='lat' dir='ltr'>huiusmodi.</span> <span class='ocrx_word' id='word_1_191' title='bbox 897 1136 998 1182; x_wconf 87' lang='lat' dir='ltr'>Ergo</span> <span class='ocrx_word' id='word_1_192' title='bbox 1016 1142 1070 1172; x_wconf 90' lang='lat' dir='ltr'>est</span> <span class='ocrx_word' id='word_1_193' title='bbox 1085 1134 1300 1171; x_wconf 87' lang='lat' dir='ltr'>naturaliter</span> <span class='ocrx_word' id='word_1_194' title='bbox 1316 1147 1397 1172; x_wconf 90' lang='lat' dir='ltr'>cor-</span> 
     </span>
     <span class='ocr_line' id='line_1_29' title="bbox 337 1188 521 1237; baseline -0.005 -12"><span class='ocrx_word' id='word_1_195' title='bbox 337 1188 521 1237; x_wconf 90' lang='lat' dir='ltr'>ruptibile.</span> 
     </span>
    </p>

    <p class='ocr_par' dir='ltr' id='par_1_16' title="bbox 334 1240 1398 1543">
     <span class='ocr_line' id='line_1_30' title="bbox 391 1240 1397 1288; baseline -0.002 -10"><span class='ocrx_word' id='word_1_196' title='bbox 391 1243 424 1278; x_wconf 88' lang='lat'>3.</span> <span class='ocrx_word' id='word_1_197' title='bbox 446 1242 678 1288; x_wconf 79' lang='lat' dir='ltr'>PRAETEREA,</span> <span class='ocrx_word' id='word_1_198' title='bbox 701 1240 864 1277; x_wconf 92' lang='lat' dir='ltr'>calidum</span> <span class='ocrx_word' id='word_1_199' title='bbox 885 1240 1101 1277; x_wconf 88' lang='lat' dir='ltr'>naturaliter</span> <span class='ocrx_word' id='word_1_200' title='bbox 1122 1240 1310 1277; x_wconf 88' lang='lat' dir='ltr'>consumit</span> <span class='ocrx_word' id='word_1_201' title='bbox 1328 1241 1397 1277; x_wconf 91' lang='lat' dir='ltr'>hu-</span> 
     </span>
     <span class='ocr_line' id='line_1_31' title="bbox 335 1293 1397 1342; baseline 0 -12"><span class='ocrx_word' id='word_1_202' title='bbox 335 1294 493 1331; x_wconf 91' lang='lat' dir='ltr'>midum.</span> <span class='ocrx_word' id='word_1_203' title='bbox 523 1293 608 1330; x_wconf 89' lang='lat' dir='ltr'>Vita</span> <span class='ocrx_word' id='word_1_204' title='bbox 636 1300 762 1330; x_wconf 91' lang='lat' dir='ltr'>autem</span> <span class='ocrx_word' id='word_1_205' title='bbox 790 1293 956 1330; x_wconf 91' lang='lat' dir='ltr'>hominis</span> <span class='ocrx_word' id='word_1_206' title='bbox 986 1301 1231 1330; x_wconf 89' lang='lat' dir='ltr'>conservatur</span> <span class='ocrx_word' id='word_1_207' title='bbox 1249 1305 1318 1342; x_wconf 92' lang='lat' dir='ltr'>per</span> <span class='ocrx_word' id='word_1_208' title='bbox 1338 1305 1397 1330; x_wconf 90' lang='lat' dir='ltr'>ca—</span> 
     </span>
     <span class='ocr_line' id='line_1_32' title="bbox 334 1345 1396 1395; baseline 0 -12"><span class='ocrx_word' id='word_1_209' title='bbox 334 1346 453 1384; x_wconf 91' lang='lat' dir='ltr'>lidum</span> <span class='ocrx_word' id='word_1_210' title='bbox 474 1354 510 1383; x_wconf 92' lang='lat' dir='ltr'>et</span> <span class='ocrx_word' id='word_1_211' title='bbox 529 1346 743 1383; x_wconf 90' lang='lat' dir='ltr'>humidum.</span> <span class='ocrx_word' id='word_1_212' title='bbox 776 1346 875 1383; x_wconf 92' lang='lat' dir='ltr'>Cum</span> <span class='ocrx_word' id='word_1_213' title='bbox 904 1345 1015 1394; x_wconf 90' lang='lat' dir='ltr'>igitur</span> <span class='ocrx_word' id='word_1_214' title='bbox 1038 1346 1278 1395; x_wconf 89' lang='lat' dir='ltr'>operationes</span> <span class='ocrx_word' id='word_1_215' title='bbox 1297 1346 1396 1383; x_wconf 88' lang='lat' dir='ltr'>vitae</span> 
     </span>
     <span class='ocr_line' id='line_1_33' title="bbox 336 1398 1398 1449; baseline 0 -13"><span class='ocrx_word' id='word_1_216' title='bbox 336 1400 554 1449; x_wconf 88' lang='lat' dir='ltr'>expleantur</span> <span class='ocrx_word' id='word_1_217' title='bbox 580 1412 649 1449; x_wconf 92' lang='lat' dir='ltr'>per</span> <span class='ocrx_word' id='word_1_218' title='bbox 677 1406 803 1436; x_wconf 90' lang='lat' dir='ltr'>actum</span> <span class='ocrx_word' id='word_1_219' title='bbox 833 1399 965 1435; x_wconf 89' lang='lat' dir='ltr'>caloris</span> <span class='ocrx_word' id='word_1_220' title='bbox 994 1398 1183 1446; x_wconf 86' lang='lat' dir='ltr'>naturalis,</span> <span class='ocrx_word' id='word_1_221' title='bbox 1204 1407 1245 1436; x_wconf 88' lang='lat' dir='ltr'>ut</span> <span class='ocrx_word' id='word_1_222' title='bbox 1266 1399 1398 1436; x_wconf 90' lang='lat' dir='ltr'>dicitur</span> 
     </span>
     <span class='ocr_line' id='line_1_34' title="bbox 334 1452 1396 1500; baseline 0 -11"><span class='ocrx_word' id='word_1_223' title='bbox 334 1452 372 1489; x_wconf 93' lang='lat' dir='ltr'>in</span> <span class='ocrx_word' id='word_1_224' title='bbox 393 1453 424 1488; x_wconf 92' lang='lat' dir='ltr'>II</span> <span class='ocrx_word' id='word_1_225' title='bbox 445 1453 490 1489; x_wconf 82' lang='lat' dir='ltr'>de</span> <span class='ocrx_word' id='word_1_226' title='bbox 503 1453 644 1489; x_wconf 87' lang='lat' dir='ltr'>Anima</span> <span class='ocrx_word' id='word_1_227' title='bbox 658 1452 690 1498; x_wconf 67' lang='lat'>²⁸,</span> <span class='ocrx_word' id='word_1_228' title='bbox 706 1452 857 1488; x_wconf 89' lang='lat' dir='ltr'>videtur</span> <span class='ocrx_word' id='word_1_229' title='bbox 873 1452 978 1500; x_wconf 91' lang='lat' dir='ltr'>quod</span> <span class='ocrx_word' id='word_1_230' title='bbox 998 1464 1102 1488; x_wconf 89' lang='lat' dir='ltr'>mors</span> <span class='ocrx_word' id='word_1_231' title='bbox 1124 1459 1159 1488; x_wconf 90' lang='lat' dir='ltr'>et</span> <span class='ocrx_word' id='word_1_232' title='bbox 1177 1452 1396 1490; x_wconf 90' lang='lat' dir='ltr'>huiusmodi</span> 
     </span>
     <span class='ocr_line' id='line_1_35' title="bbox 335 1505 1006 1543; baseline -0.001 -1"><span class='ocrx_word' id='word_1_233' title='bbox 335 1505 503 1543; x_wconf 86' lang='lat' dir='ltr'>defectus</span> <span class='ocrx_word' id='word_1_234' title='bbox 532 1506 604 1542; x_wconf 94' lang='lat' dir='ltr'>sint</span> <span class='ocrx_word' id='word_1_235' title='bbox 631 1505 777 1542; x_wconf 91' lang='lat' dir='ltr'>homini</span> <span class='ocrx_word' id='word_1_236' title='bbox 806 1505 1006 1541; x_wconf 86' lang='lat' dir='ltr'>naturales.</span> 
     </span>
    </p>

    <p class='ocr_par' dir='ltr' id='par_1_17' title="bbox 332 1555 1396 1754">
     <span class='ocr_line' id='line_1_36' title="bbox 388 1555 1396 1607; baseline -0.001 -12"><span class='ocrx_word' id='word_1_237' title='bbox 388 1555 462 1595; x_wconf 68' lang='lat' dir='ltr'>Sei&gt;</span> <span class='ocrx_word' id='word_1_238' title='bbox 483 1570 639 1606; x_wconf 78' lang='lat' dir='ltr'>CONTRA,</span> <span class='ocrx_word' id='word_1_239' title='bbox 656 1557 837 1607; x_wconf 88' lang='lat' dir='ltr'>quidquid</span> <span class='ocrx_word' id='word_1_240' title='bbox 855 1565 910 1594; x_wconf 89' lang='lat' dir='ltr'>est</span> <span class='ocrx_word' id='word_1_241' title='bbox 928 1557 1073 1594; x_wconf 91' lang='lat' dir='ltr'>homini</span> <span class='ocrx_word' id='word_1_242' title='bbox 1093 1558 1274 1605; x_wconf 91' lang='lat' dir='ltr'>naturale,</span> <span class='ocrx_word' id='word_1_243' title='bbox 1291 1559 1396 1594; x_wconf 90' lang='lat' dir='ltr'>Deus</span> 
     </span>
     <span class='ocr_line' id='line_1_37' title="bbox 333 1610 1396 1659; baseline -0.001 -11"><span class='ocrx_word' id='word_1_244' title='bbox 333 1611 371 1648; x_wconf 92' lang='lat' dir='ltr'>in</span> <span class='ocrx_word' id='word_1_245' title='bbox 398 1611 555 1648; x_wconf 89' lang='lat' dir='ltr'>homine</span> <span class='ocrx_word' id='word_1_246' title='bbox 585 1611 681 1647; x_wconf 85' lang='lat' dir='ltr'>fecit.</span> <span class='ocrx_word' id='word_1_247' title='bbox 713 1610 790 1648; x_wconf 88' lang='lat' dir='ltr'>Sed</span> <span class='ocrx_word' id='word_1_248' title='bbox 810 1612 913 1647; x_wconf 84' lang='lat' dir='ltr'>Deus</span> <span class='ocrx_word' id='word_1_249' title='bbox 941 1617 1099 1647; x_wconf 84' lang='lat' dir='ltr'>mortem</span> <span class='ocrx_word' id='word_1_250' title='bbox 1129 1623 1203 1647; x_wconf 88' lang='lat' dir='ltr'>non</span> <span class='ocrx_word' id='word_1_251' title='bbox 1220 1611 1335 1659; x_wconf 86' lang='lat' dir='ltr'>fecit,</span> <span class='ocrx_word' id='word_1_252' title='bbox 1355 1618 1396 1648; x_wconf 88' lang='lat' dir='ltr'>ut</span> 
     </span>
     <span class='ocr_line' id='line_1_38' title="bbox 334 1664 1396 1712; baseline 0 -12"><span class='ocrx_word' id='word_1_253' title='bbox 334 1664 468 1701; x_wconf 90' lang='lat' dir='ltr'>dicitur</span> <span class='ocrx_word' id='word_1_254' title='bbox 496 1666 582 1712; x_wconf 83' lang='lat' dir='ltr'>Sap.</span> <span class='ocrx_word' id='word_1_255' title='bbox 611 1664 670 1700; x_wconf 65' lang='lat'>1²¹².</span> <span class='ocrx_word' id='word_1_256' title='bbox 701 1665 803 1711; x_wconf 89' lang='lat' dir='ltr'>Ergo</span> <span class='ocrx_word' id='word_1_257' title='bbox 833 1676 937 1700; x_wconf 89' lang='lat' dir='ltr'>mors</span> <span class='ocrx_word' id='word_1_258' title='bbox 966 1676 1044 1700; x_wconf 93' lang='lat' dir='ltr'>non</span> <span class='ocrx_word' id='word_1_259' title='bbox 1074 1670 1130 1700; x_wconf 91' lang='lat' dir='ltr'>est</span> <span class='ocrx_word' id='word_1_260' title='bbox 1156 1664 1302 1700; x_wconf 89' lang='lat' dir='ltr'>homini</span> <span class='ocrx_word' id='word_1_261' title='bbox 1331 1676 1396 1701; x_wconf 89' lang='lat' dir='ltr'>na-</span> 
     </span>
     <span class='ocr_line' id='line_1_39' title="bbox 332 1717 470 1754; baseline 0 0"><span class='ocrx_word' id='word_1_262' title='bbox 332 1717 470 1754; x_wconf 90' lang='lat' dir='ltr'>turalis.</span> 
     </span>
    </p>

    <p class='ocr_par' dir='ltr' id='par_1_18' title="bbox 333 1769 1395 1922">
     <span class='ocr_line' id='line_1_40' title="bbox 388 1769 1393 1818; baseline -0.001 -11"><span class='ocrx_word' id='word_1_263' title='bbox 388 1782 422 1807; x_wconf 90' lang='lat'>2.</span> <span class='ocrx_word' id='word_1_264' title='bbox 439 1771 673 1817; x_wconf 76' lang='lat' dir='ltr'>PRAETEREA,</span> <span class='ocrx_word' id='word_1_265' title='bbox 690 1769 727 1806; x_wconf 91' lang='lat' dir='ltr'>id</span> <span class='ocrx_word' id='word_1_266' title='bbox 747 1769 853 1818; x_wconf 91' lang='lat' dir='ltr'>quod</span> <span class='ocrx_word' id='word_1_267' title='bbox 869 1776 924 1805; x_wconf 91' lang='lat' dir='ltr'>est</span> <span class='ocrx_word' id='word_1_268' title='bbox 939 1774 956 1789; x_wconf 76' lang='lat'><em>²</em></span> <span class='ocrx_word' id='word_1_269' title='bbox 975 1769 1186 1806; x_wconf 88' lang='lat' dir='ltr'>secundum</span> <span class='ocrx_word' id='word_1_270' title='bbox 1208 1776 1393 1817; x_wconf 90' lang='lat' dir='ltr'>naturam,</span> 
     </span>
     <span class='ocr_line' id='line_1_41' title="bbox 333 1822 1394 1872; baseline -0.001 -12"><span class='ocrx_word' id='word_1_271' title='bbox 333 1836 412 1860; x_wconf 91' lang='lat' dir='ltr'>non</span> <span class='ocrx_word' id='word_1_272' title='bbox 430 1831 556 1872; x_wconf 88' lang='lat' dir='ltr'>potest</span> <span class='ocrx_word' id='word_1_273' title='bbox 576 1823 647 1860; x_wconf 93' lang='lat' dir='ltr'>dici</span> <span class='ocrx_word' id='word_1_274' title='bbox 666 1834 792 1871; x_wconf 89' lang='lat' dir='ltr'>poena</span> <span class='ocrx_word' id='word_1_275' title='bbox 811 1834 882 1858; x_wconf 92' lang='lat' dir='ltr'>nec</span> <span class='ocrx_word' id='word_1_276' title='bbox 902 1822 1061 1858; x_wconf 89' lang='lat' dir='ltr'>malum:</span> <span class='ocrx_word' id='word_1_277' title='bbox 1084 1822 1171 1871; x_wconf 89' lang='lat' dir='ltr'>quia</span> <span class='ocrx_word' id='word_1_278' title='bbox 1190 1822 1394 1871; x_wconf 90' lang='lat' dir='ltr'>unicuique</span> 
     </span>
     <span class='ocr_line' id='line_1_42' title="bbox 334 1874 1395 1922; baseline 0 -9"><span class='ocrx_word' id='word_1_279' title='bbox 334 1877 387 1913; x_wconf 90' lang='lat' dir='ltr'>rei</span> <span class='ocrx_word' id='word_1_280' title='bbox 416 1884 471 1913; x_wconf 87' lang='lat' dir='ltr'>est</span> <span class='ocrx_word' id='word_1_281' title='bbox 499 1875 731 1913; x_wconf 89' lang='lat' dir='ltr'>conveniens</span> <span class='ocrx_word' id='word_1_282' title='bbox 761 1875 798 1911; x_wconf 92' lang='lat' dir='ltr'>id</span> <span class='ocrx_word' id='word_1_283' title='bbox 828 1875 933 1922; x_wconf 92' lang='lat' dir='ltr'>quod</span> <span class='ocrx_word' id='word_1_284' title='bbox 963 1882 1018 1911; x_wconf 90' lang='lat' dir='ltr'>est</span> <span class='ocrx_word' id='word_1_285' title='bbox 1047 1874 1079 1911; x_wconf 91' lang='lat' dir='ltr'>ei</span> <span class='ocrx_word' id='word_1_286' title='bbox 1108 1875 1286 1912; x_wconf 88' lang='lat' dir='ltr'>naturale.</span> <span class='ocrx_word' id='word_1_287' title='bbox 1319 1875 1395 1913; x_wconf 90' lang='lat' dir='ltr'>Sed</span> 
     </span>
    </p>
   </div>
   <div class='ocr_carea' id='block_1_13' title="bbox 351 621 537 806">
    <p class='ocr_par' dir='ltr' id='par_1_19' title="bbox 351 621 537 806">
     <span class='ocr_line' id='line_1_43' title="bbox 351 621 537 806; baseline 0.07 -12"><span class='ocrx_word' id='word_1_288' title='bbox 351 621 537 806; x_wconf 95' lang='lat' dir='ltr'>   </span> 
     </span>
    </p>
   </div>
   <div class='ocr_carea' id='block_1_14' title="bbox 330 1927 1396 2402">
    <p class='ocr_par' dir='ltr' id='par_1_20' title="bbox 330 1927 1396 2073">
     <span class='ocr_line' id='line_1_44' title="bbox 333 1927 1396 1977; baseline -0.002 -10"><span class='ocrx_word' id='word_1_289' title='bbox 333 1942 437 1967; x_wconf 91' lang='lat' dir='ltr'>mors</span> <span class='ocrx_word' id='word_1_290' title='bbox 467 1937 503 1966; x_wconf 91' lang='lat' dir='ltr'>et</span> <span class='ocrx_word' id='word_1_291' title='bbox 529 1928 749 1966; x_wconf 88' lang='lat' dir='ltr'>huiusmodi</span> <span class='ocrx_word' id='word_1_292' title='bbox 783 1927 950 1964; x_wconf 90' lang='lat' dir='ltr'>defectus</span> <span class='ocrx_word' id='word_1_293' title='bbox 984 1936 1070 1964; x_wconf 92' lang='lat' dir='ltr'>sunt</span> <span class='ocrx_word' id='word_1_294' title='bbox 1096 1940 1224 1976; x_wconf 90' lang='lat' dir='ltr'>poena</span> <span class='ocrx_word' id='word_1_295' title='bbox 1251 1929 1396 1977; x_wconf 88' lang='lat' dir='ltr'>peccati</span> 
     </span>
     <span class='ocr_line' id='line_1_45' title="bbox 333 1980 1396 2030; baseline -0.001 -11"><span class='ocrx_word' id='word_1_296' title='bbox 333 1982 533 2030; x_wconf 88' lang='lat' dir='ltr'>originalis,</span> <span class='ocrx_word' id='word_1_297' title='bbox 561 1989 602 2018; x_wconf 90' lang='lat' dir='ltr'>ut</span> <span class='ocrx_word' id='word_1_298' title='bbox 630 1994 744 2030; x_wconf 91' lang='lat' dir='ltr'>supra</span> <span class='ocrx_word' id='word_1_299' title='bbox 762 1980 782 2002; x_wconf 68' lang='lat'>²³⁶</span> <span class='ocrx_word' id='word_1_300' title='bbox 811 1981 953 2018; x_wconf 85' lang='lat' dir='ltr'>dictum</span> <span class='ocrx_word' id='word_1_301' title='bbox 984 1988 1048 2018; x_wconf 92' lang='lat' dir='ltr'>est.</span> <span class='ocrx_word' id='word_1_302' title='bbox 1079 1982 1181 2029; x_wconf 90' lang='lat' dir='ltr'>Ergo</span> <span class='ocrx_word' id='word_1_303' title='bbox 1211 1993 1290 2018; x_wconf 93' lang='lat' dir='ltr'>non</span> <span class='ocrx_word' id='word_1_304' title='bbox 1309 1989 1396 2019; x_wconf 92' lang='lat' dir='ltr'>sunt</span> 
     </span>
     <span class='ocr_line' id='line_1_46' title="bbox 330 2035 705 2073; baseline -0.005 0"><span class='ocrx_word' id='word_1_305' title='bbox 330 2035 478 2073; x_wconf 90' lang='lat' dir='ltr'>homini</span> <span class='ocrx_word' id='word_1_306' title='bbox 505 2035 705 2072; x_wconf 84' lang='lat' dir='ltr'>naturales.</span> 
     </span>
    </p>

    <p class='ocr_par' dir='ltr' id='par_1_21' title="bbox 331 2086 1396 2402">
     <span class='ocr_line' id='line_1_47' title="bbox 387 2086 1392 2135; baseline -0.001 -10"><span class='ocrx_word' id='word_1_307' title='bbox 387 2090 420 2126; x_wconf 88' lang='lat'>3.</span> <span class='ocrx_word' id='word_1_308' title='bbox 451 2089 687 2134; x_wconf 78' lang='lat' dir='ltr'>PRAETEREA,</span> <span class='ocrx_word' id='word_1_309' title='bbox 717 2086 874 2123; x_wconf 88' lang='lat' dir='ltr'>materia</span> <span class='ocrx_word' id='word_1_310' title='bbox 901 2087 1210 2135; x_wconf 89' lang='lat' dir='ltr'>proportionatur</span> <span class='ocrx_word' id='word_1_311' title='bbox 1237 2087 1392 2135; x_wconf 88' lang='lat' dir='ltr'>formae,</span> 
     </span>
     <span class='ocr_line' id='line_1_48' title="bbox 333 2138 1396 2190; baseline -0.001 -12"><span class='ocrx_word' id='word_1_312' title='bbox 333 2149 368 2178; x_wconf 90' lang='lat' dir='ltr'>et</span> <span class='ocrx_word' id='word_1_313' title='bbox 388 2141 578 2190; x_wconf 84' lang='lat' dir='ltr'>quaelibet</span> <span class='ocrx_word' id='word_1_314' title='bbox 598 2153 657 2177; x_wconf 91' lang='lat' dir='ltr'>res</span> <span class='ocrx_word' id='word_1_315' title='bbox 677 2152 746 2176; x_wconf 88' lang='lat' dir='ltr'>suo</span> <span class='ocrx_word' id='word_1_316' title='bbox 767 2139 846 2177; x_wconf 92' lang='lat' dir='ltr'>fini.</span> <span class='ocrx_word' id='word_1_317' title='bbox 878 2138 980 2176; x_wconf 90' lang='lat' dir='ltr'>Finis</span> <span class='ocrx_word' id='word_1_318' title='bbox 1006 2147 1134 2176; x_wconf 91' lang='lat' dir='ltr'>autem</span> <span class='ocrx_word' id='word_1_319' title='bbox 1154 2140 1320 2177; x_wconf 89' lang='lat' dir='ltr'>hominis</span> <span class='ocrx_word' id='word_1_320' title='bbox 1341 2148 1396 2177; x_wconf 83' lang='lat' dir='ltr'>est</span> 
     </span>
     <span class='ocr_line' id='line_1_49' title="bbox 331 2192 1395 2243; baseline -0.001 -12"><span class='ocrx_word' id='word_1_321' title='bbox 331 2194 523 2231; x_wconf 87' lang='lat' dir='ltr'>beatitudo</span> <span class='ocrx_word' id='word_1_322' title='bbox 543 2201 738 2243; x_wconf 89' lang='lat' dir='ltr'>perpetua,</span> <span class='ocrx_word' id='word_1_323' title='bbox 759 2199 800 2229; x_wconf 91' lang='lat' dir='ltr'>ut</span> <span class='ocrx_word' id='word_1_324' title='bbox 820 2205 934 2241; x_wconf 91' lang='lat' dir='ltr'>supra</span> <span class='ocrx_word' id='word_1_325' title='bbox 952 2192 972 2214; x_wconf 75' lang='lat'>&#39;¹‘</span> <span class='ocrx_word' id='word_1_326' title='bbox 993 2192 1134 2229; x_wconf 91' lang='lat' dir='ltr'>dictum</span> <span class='ocrx_word' id='word_1_327' title='bbox 1156 2200 1221 2230; x_wconf 91' lang='lat' dir='ltr'>est.</span> <span class='ocrx_word' id='word_1_328' title='bbox 1253 2193 1395 2230; x_wconf 91' lang='lat' dir='ltr'>Forma</span> 
     </span>
     <span class='ocr_line' id='line_1_50' title="bbox 333 2245 1394 2295; baseline -0.001 -11"><span class='ocrx_word' id='word_1_329' title='bbox 333 2247 443 2284; x_wconf 87' lang='lat' dir='ltr'>etiam</span> <span class='ocrx_word' id='word_1_330' title='bbox 472 2247 631 2284; x_wconf 90' lang='lat' dir='ltr'>humani</span> <span class='ocrx_word' id='word_1_331' title='bbox 651 2245 820 2294; x_wconf 90' lang='lat' dir='ltr'>corporis</span> <span class='ocrx_word' id='word_1_332' title='bbox 841 2253 896 2282; x_wconf 88' lang='lat' dir='ltr'>est</span> <span class='ocrx_word' id='word_1_333' title='bbox 915 2245 1043 2282; x_wconf 88' lang='lat' dir='ltr'>anima</span> <span class='ocrx_word' id='word_1_334' title='bbox 1071 2245 1275 2294; x_wconf 88' lang='lat' dir='ltr'>rationalis,</span> <span class='ocrx_word' id='word_1_335' title='bbox 1297 2258 1394 2295; x_wconf 91' lang='lat' dir='ltr'>quae</span> 
     </span>
     <span class='ocr_line' id='line_1_51' title="bbox 333 2298 1393 2348; baseline -0.001 -11"><span class='ocrx_word' id='word_1_336' title='bbox 333 2308 388 2337; x_wconf 88' lang='lat' dir='ltr'>est</span> <span class='ocrx_word' id='word_1_337' title='bbox 401 2299 704 2348; x_wconf 90' lang='lat' dir='ltr'>incorruptibilis,</span> <span class='ocrx_word' id='word_1_338' title='bbox 720 2306 762 2335; x_wconf 91' lang='lat' dir='ltr'>ut</span> <span class='ocrx_word' id='word_1_339' title='bbox 775 2298 814 2335; x_wconf 94' lang='lat' dir='ltr'>in</span> <span class='ocrx_word' id='word_1_340' title='bbox 829 2298 958 2336; x_wconf 91' lang='lat' dir='ltr'>Primo</span> <span class='ocrx_word' id='word_1_341' title='bbox 976 2300 996 2320; x_wconf 74' lang='lat'>&#39;¹‘</span> <span class='ocrx_word' id='word_1_342' title='bbox 1016 2299 1187 2336; x_wconf 91' lang='lat' dir='ltr'>habitum</span> <span class='ocrx_word' id='word_1_343' title='bbox 1205 2307 1270 2336; x_wconf 91' lang='lat' dir='ltr'>est.</span> <span class='ocrx_word' id='word_1_344' title='bbox 1291 2300 1393 2347; x_wconf 89' lang='lat' dir='ltr'>Ergo</span> 
     </span>
     <span class='ocr_line' id='line_1_52' title="bbox 333 2352 1356 2402; baseline -0.001 -12"><span class='ocrx_word' id='word_1_345' title='bbox 333 2366 471 2402; x_wconf 91' lang='lat' dir='ltr'>corpus</span> <span class='ocrx_word' id='word_1_346' title='bbox 499 2354 709 2389; x_wconf 88' lang='lat' dir='ltr'>humanum</span> <span class='ocrx_word' id='word_1_347' title='bbox 738 2359 793 2388; x_wconf 92' lang='lat' dir='ltr'>est</span> <span class='ocrx_word' id='word_1_348' title='bbox 820 2352 1036 2388; x_wconf 89' lang='lat' dir='ltr'>naturaliter</span> <span class='ocrx_word' id='word_1_349' title='bbox 1063 2352 1356 2401; x_wconf 89' lang='lat' dir='ltr'>incorruptibile.</span> 
     </span>
    </p>
   </div>
   <div class='ocr_carea' id='block_1_15' title="bbox 386 2404 1408 2454">
    <p class='ocr_par' dir='ltr' id='par_1_22' title="bbox 386 2404 1408 2454">
     <span class='ocr_line' id='line_1_53' title="bbox 386 2404 1408 2454; baseline 0 -12"><span class='ocrx_word' id='word_1_350' title='bbox 386 2407 610 2443; x_wconf 77' lang='lat' dir='ltr'>RESPONDEO</span> <span class='ocrx_word' id='word_1_351' title='bbox 647 2417 831 2442; x_wconf 82' lang='lat' dir='ltr'>D1CENDUM</span> <span class='ocrx_word' id='word_1_352' title='bbox 865 2404 970 2454; x_wconf 91' lang='lat' dir='ltr'>quod</span> <span class='ocrx_word' id='word_1_353' title='bbox 1006 2405 1053 2441; x_wconf 91' lang='lat' dir='ltr'>de</span> <span class='ocrx_word' id='word_1_354' title='bbox 1090 2417 1318 2454; x_wconf 89' lang='lat' dir='ltr'>unaquaque</span> <span class='ocrx_word' id='word_1_355' title='bbox 1354 2417 1408 2442; x_wconf 43' lang='lat' dir='ltr'>re*</span> 
     </span>
    </p>
   </div>
   <div class='ocr_carea' id='block_1_16' title="bbox 330 2457 1394 3406">
    <p class='ocr_par' dir='ltr' id='par_1_23' title="bbox 330 2457 1394 2866">
     <span class='ocr_line' id='line_1_54' title="bbox 333 2457 1392 2508; baseline -0.001 -13"><span class='ocrx_word' id='word_1_356' title='bbox 333 2458 564 2508; x_wconf 90' lang='lat' dir='ltr'>corruptibili</span> <span class='ocrx_word' id='word_1_357' title='bbox 580 2457 777 2508; x_wconf 90' lang='lat' dir='ltr'>dupliciter</span> <span class='ocrx_word' id='word_1_358' title='bbox 795 2457 899 2506; x_wconf 90' lang='lat' dir='ltr'>loqui</span> <span class='ocrx_word' id='word_1_359' title='bbox 917 2470 1142 2506; x_wconf 87' lang='lat' dir='ltr'>possumus:</span> <span class='ocrx_word' id='word_1_360' title='bbox 1162 2471 1240 2495; x_wconf 93' lang='lat' dir='ltr'>uno</span> <span class='ocrx_word' id='word_1_361' title='bbox 1261 2458 1392 2506; x_wconf 91' lang='lat' dir='ltr'>modo,</span> 
     </span>
     <span class='ocr_line' id='line_1_55' title="bbox 332 2510 1393 2559; baseline 0 -11"><span class='ocrx_word' id='word_1_362' title='bbox 332 2512 544 2548; x_wconf 91' lang='lat' dir='ltr'>secundum</span> <span class='ocrx_word' id='word_1_363' title='bbox 573 2519 747 2547; x_wconf 90' lang='lat' dir='ltr'>naturam</span> <span class='ocrx_word' id='word_1_364' title='bbox 766 2510 1040 2557; x_wconf 71' lang='lat' dir='ltr'>universalem,</span> <span class='ocrx_word' id='word_1_365' title='bbox 1072 2510 1144 2547; x_wconf 90' lang='lat' dir='ltr'>alio</span> <span class='ocrx_word' id='word_1_366' title='bbox 1175 2510 1307 2559; x_wconf 83' lang='lat' dir='ltr'>modo,</span> <span class='ocrx_word' id='word_1_367' title='bbox 1337 2523 1393 2548; x_wconf 91' lang='lat' dir='ltr'>se-</span> 
     </span>
     <span class='ocr_line' id='line_1_56' title="bbox 332 2563 1394 2613; baseline -0.001 -12"><span class='ocrx_word' id='word_1_368' title='bbox 332 2566 501 2602; x_wconf 89' lang='lat' dir='ltr'>cundum</span> <span class='ocrx_word' id='word_1_369' title='bbox 539 2572 714 2601; x_wconf 90' lang='lat' dir='ltr'>naturam</span> <span class='ocrx_word' id='word_1_370' title='bbox 746 2563 1024 2612; x_wconf 89' lang='lat' dir='ltr'>particularem.</span> <span class='ocrx_word' id='word_1_371' title='bbox 1060 2565 1206 2601; x_wconf 89' lang='lat' dir='ltr'>Natura</span> <span class='ocrx_word' id='word_1_372' title='bbox 1239 2563 1394 2613; x_wconf 89' lang='lat' dir='ltr'>quidem</span> 
     </span>
     <span class='ocr_line' id='line_1_57' title="bbox 330 2616 1394 2666; baseline 0 -12"><span class='ocrx_word' id='word_1_373' title='bbox 330 2617 563 2666; x_wconf 88' lang='lat' dir='ltr'>particularis</span> <span class='ocrx_word' id='word_1_374' title='bbox 593 2624 648 2653; x_wconf 90' lang='lat' dir='ltr'>est</span> <span class='ocrx_word' id='word_1_375' title='bbox 675 2616 829 2665; x_wconf 90' lang='lat' dir='ltr'>propria</span> <span class='ocrx_word' id='word_1_376' title='bbox 857 2616 975 2653; x_wconf 89' lang='lat' dir='ltr'>virtus</span> <span class='ocrx_word' id='word_1_377' title='bbox 996 2616 1118 2653; x_wconf 87' lang='lat' dir='ltr'>activa</span> <span class='ocrx_word' id='word_1_378' title='bbox 1139 2624 1174 2653; x_wconf 91' lang='lat' dir='ltr'>et</span> <span class='ocrx_word' id='word_1_379' title='bbox 1195 2628 1394 2654; x_wconf 89' lang='lat' dir='ltr'>conserva-</span> 
     </span>
     <span class='ocr_line' id='line_1_58' title="bbox 330 2669 1394 2719; baseline -0.001 -12"><span class='ocrx_word' id='word_1_380' title='bbox 330 2670 407 2707; x_wconf 86' lang='lat' dir='ltr'>tiva</span> <span class='ocrx_word' id='word_1_381' title='bbox 438 2670 687 2719; x_wconf 89' lang='lat' dir='ltr'>unicuiusque</span> <span class='ocrx_word' id='word_1_382' title='bbox 717 2669 781 2705; x_wconf 89' lang='lat' dir='ltr'>rei.</span> <span class='ocrx_word' id='word_1_383' title='bbox 812 2670 860 2706; x_wconf 90' lang='lat' dir='ltr'>Et</span> <span class='ocrx_word' id='word_1_384' title='bbox 887 2669 1098 2706; x_wconf 88' lang='lat' dir='ltr'>secundum</span> <span class='ocrx_word' id='word_1_385' title='bbox 1127 2670 1238 2718; x_wconf 88' lang='lat' dir='ltr'>hanc,</span> <span class='ocrx_word' id='word_1_386' title='bbox 1268 2669 1394 2707; x_wconf 90' lang='lat' dir='ltr'>omnis</span> 
     </span>
     <span class='ocr_line' id='line_1_59' title="bbox 332 2722 1393 2772; baseline 0 -12"><span class='ocrx_word' id='word_1_387' title='bbox 332 2723 522 2772; x_wconf 89' lang='lat' dir='ltr'>corruptio</span> <span class='ocrx_word' id='word_1_388' title='bbox 553 2730 588 2759; x_wconf 89' lang='lat' dir='ltr'>et</span> <span class='ocrx_word' id='word_1_389' title='bbox 616 2722 783 2758; x_wconf 84' lang='lat' dir='ltr'>defectus</span> <span class='ocrx_word' id='word_1_390' title='bbox 806 2730 861 2758; x_wconf 91' lang='lat' dir='ltr'>est</span> <span class='ocrx_word' id='word_1_391' title='bbox 881 2730 1011 2759; x_wconf 85' lang='lat' dir='ltr'>contra</span> <span class='ocrx_word' id='word_1_392' title='bbox 1040 2730 1224 2770; x_wconf 89' lang='lat' dir='ltr'>naturam,</span> <span class='ocrx_word' id='word_1_393' title='bbox 1246 2730 1287 2759; x_wconf 93' lang='lat' dir='ltr'>ut</span> <span class='ocrx_word' id='word_1_394' title='bbox 1306 2722 1393 2760; x_wconf 91' lang='lat' dir='ltr'>dici-</span> 
     </span>
     <span class='ocr_line' id='line_1_60' title="bbox 330 2774 1394 2823; baseline -0.001 -10"><span class='ocrx_word' id='word_1_395' title='bbox 330 2784 389 2813; x_wconf 91' lang='lat' dir='ltr'>tur</span> <span class='ocrx_word' id='word_1_396' title='bbox 408 2777 446 2813; x_wconf 91' lang='lat' dir='ltr'>in</span> <span class='ocrx_word' id='word_1_397' title='bbox 462 2778 492 2812; x_wconf 93' lang='lat' dir='ltr'>II</span> <span class='ocrx_word' id='word_1_398' title='bbox 509 2777 554 2812; x_wconf 88' lang='lat' dir='ltr'>de</span> <span class='ocrx_word' id='word_1_399' title='bbox 578 2774 734 2812; x_wconf 83' lang='lat' dir='ltr'>Caelo*:</span> <span class='ocrx_word' id='word_1_400' title='bbox 756 2775 844 2823; x_wconf 90' lang='lat' dir='ltr'>quia</span> <span class='ocrx_word' id='word_1_401' title='bbox 862 2775 1080 2812; x_wconf 90' lang='lat' dir='ltr'>huiusmodi</span> <span class='ocrx_word' id='word_1_402' title='bbox 1099 2776 1218 2812; x_wconf 86' lang='lat' dir='ltr'>virtus</span> <span class='ocrx_word' id='word_1_403' title='bbox 1237 2775 1394 2812; x_wconf 90' lang='lat' dir='ltr'>intendit</span> 
     </span>
     <span class='ocr_line' id='line_1_61' title="bbox 333 2827 1179 2866; baseline -0.001 0"><span class='ocrx_word' id='word_1_404' title='bbox 333 2842 413 2866; x_wconf 88' lang='lat' dir='ltr'>esse</span> <span class='ocrx_word' id='word_1_405' title='bbox 444 2836 480 2866; x_wconf 90' lang='lat' dir='ltr'>et</span> <span class='ocrx_word' id='word_1_406' title='bbox 509 2827 838 2865; x_wconf 86' lang='lat' dir='ltr'>conservationem</span> <span class='ocrx_word' id='word_1_407' title='bbox 869 2827 949 2864; x_wconf 91' lang='lat' dir='ltr'>eius</span> <span class='ocrx_word' id='word_1_408' title='bbox 978 2828 1083 2864; x_wconf 90' lang='lat' dir='ltr'>cuius</span> <span class='ocrx_word' id='word_1_409' title='bbox 1114 2836 1179 2865; x_wconf 90' lang='lat' dir='ltr'>est.</span> 
     </span>
    </p>

    <p class='ocr_par' dir='ltr' id='par_1_24' title="bbox 332 2880 1392 3406">
     <span class='ocr_line' id='line_1_62' title="bbox 385 2880 1392 2919; baseline -0.001 0"><span class='ocrx_word' id='word_1_410' title='bbox 385 2883 530 2919; x_wconf 89' lang='lat' dir='ltr'>Natura</span> <span class='ocrx_word' id='word_1_411' title='bbox 549 2892 642 2918; x_wconf 90' lang='lat' dir='ltr'>vero</span> <span class='ocrx_word' id='word_1_412' title='bbox 671 2880 894 2917; x_wconf 85' lang='lat' dir='ltr'>universalis</span> <span class='ocrx_word' id='word_1_413' title='bbox 920 2888 974 2916; x_wconf 91' lang='lat' dir='ltr'>est</span> <span class='ocrx_word' id='word_1_414' title='bbox 993 2880 1110 2918; x_wconf 87' lang='lat' dir='ltr'>virtus</span> <span class='ocrx_word' id='word_1_415' title='bbox 1131 2881 1253 2918; x_wconf 84' lang='lat' dir='ltr'>activa</span> <span class='ocrx_word' id='word_1_416' title='bbox 1272 2881 1310 2918; x_wconf 92' lang='lat' dir='ltr'>in</span> <span class='ocrx_word' id='word_1_417' title='bbox 1329 2881 1392 2918; x_wconf 83' lang='lat' dir='ltr'>ali-</span> 
     </span>
     <span class='ocr_line' id='line_1_63' title="bbox 332 2933 1391 2983; baseline -0.002 -11"><span class='ocrx_word' id='word_1_418' title='bbox 332 2948 409 2983; x_wconf 90' lang='lat' dir='ltr'>quo</span> <span class='ocrx_word' id='word_1_419' title='bbox 437 2933 642 2971; x_wconf 89' lang='lat' dir='ltr'>universali</span> <span class='ocrx_word' id='word_1_420' title='bbox 670 2933 855 2983; x_wconf 91' lang='lat' dir='ltr'>principio</span> <span class='ocrx_word' id='word_1_421' title='bbox 886 2941 1052 2980; x_wconf 87' lang='lat' dir='ltr'>naturae,</span> <span class='ocrx_word' id='word_1_422' title='bbox 1079 2941 1171 2982; x_wconf 89' lang='lat' dir='ltr'>puta</span> <span class='ocrx_word' id='word_1_423' title='bbox 1198 2934 1237 2970; x_wconf 90' lang='lat' dir='ltr'>in</span> <span class='ocrx_word' id='word_1_424' title='bbox 1265 2933 1391 2982; x_wconf 90' lang='lat' dir='ltr'>aliquo</span> 
     </span>
     <span class='ocr_line' id='line_1_64' title="bbox 333 2985 1391 3036; baseline -0.001 -12"><span class='ocrx_word' id='word_1_425' title='bbox 333 2988 549 3024; x_wconf 89' lang='lat' dir='ltr'>caelestium</span> <span class='ocrx_word' id='word_1_426' title='bbox 575 2998 798 3036; x_wconf 90' lang='lat' dir='ltr'>corporum;</span> <span class='ocrx_word' id='word_1_427' title='bbox 823 2986 885 3024; x_wconf 87' lang='lat' dir='ltr'>vel</span> <span class='ocrx_word' id='word_1_428' title='bbox 905 2985 1061 3023; x_wconf 87' lang='lat' dir='ltr'>alicuius</span> <span class='ocrx_word' id='word_1_429' title='bbox 1081 2986 1284 3036; x_wconf 90' lang='lat' dir='ltr'>superioris</span> <span class='ocrx_word' id='word_1_430' title='bbox 1304 2987 1391 3023; x_wconf 90' lang='lat' dir='ltr'>sub—</span> 
     </span>
     <span class='ocr_line' id='line_1_65' title="bbox 332 3039 1390 3088; baseline -0.001 -11"><span class='ocrx_word' id='word_1_431' title='bbox 332 3041 500 3088; x_wconf 86' lang='lat' dir='ltr'>stantiae,</span> <span class='ocrx_word' id='word_1_432' title='bbox 523 3041 735 3077; x_wconf 89' lang='lat' dir='ltr'>secundum</span> <span class='ocrx_word' id='word_1_433' title='bbox 751 3040 855 3088; x_wconf 90' lang='lat' dir='ltr'>quod</span> <span class='ocrx_word' id='word_1_434' title='bbox 876 3039 989 3076; x_wconf 89' lang='lat' dir='ltr'>etiam</span> <span class='ocrx_word' id='word_1_435' title='bbox 1005 3040 1109 3076; x_wconf 91' lang='lat' dir='ltr'>Deus</span> <span class='ocrx_word' id='word_1_436' title='bbox 1125 3052 1147 3076; x_wconf 92' lang='lat' dir='ltr'>a</span> <span class='ocrx_word' id='word_1_437' title='bbox 1162 3039 1390 3088; x_wconf 90' lang='lat' dir='ltr'>quibusdam</span> 
     </span>
     <span class='ocr_line' id='line_1_66' title="bbox 334 3092 1391 3140; baseline 0 -11"><span class='ocrx_word' id='word_1_438' title='bbox 334 3093 465 3130; x_wconf 90' lang='lat' dir='ltr'>dicitur</span> <span class='ocrx_word' id='word_1_439' title='bbox 492 3099 628 3130; x_wconf 88' lang='lat' dir='ltr'>natura</span> <span class='ocrx_word' id='word_1_440' title='bbox 657 3098 849 3130; x_wconf 83' lang='lat' dir='ltr'>naturans.</span> <span class='ocrx_word' id='word_1_441' title='bbox 882 3093 990 3139; x_wconf 88' lang='lat' dir='ltr'>Quae</span> <span class='ocrx_word' id='word_1_442' title='bbox 1020 3092 1177 3140; x_wconf 90' lang='lat' dir='ltr'>quidem</span> <span class='ocrx_word' id='word_1_443' title='bbox 1198 3092 1317 3129; x_wconf 89' lang='lat' dir='ltr'>virtus</span> <span class='ocrx_word' id='word_1_444' title='bbox 1336 3092 1391 3129; x_wconf 91' lang='lat' dir='ltr'>in-</span> 
     </span>
     <span class='ocr_line' id='line_1_67' title="bbox 333 3143 1391 3194; baseline 0.001 -13"><span class='ocrx_word' id='word_1_445' title='bbox 333 3146 449 3183; x_wconf 87' lang='lat' dir='ltr'>tendit</span> <span class='ocrx_word' id='word_1_446' title='bbox 464 3147 609 3183; x_wconf 91' lang='lat' dir='ltr'>bonum</span> <span class='ocrx_word' id='word_1_447' title='bbox 626 3153 662 3182; x_wconf 90' lang='lat' dir='ltr'>et</span> <span class='ocrx_word' id='word_1_448' title='bbox 677 3143 1006 3182; x_wconf 86' lang='lat' dir='ltr'>conservationem</span> <span class='ocrx_word' id='word_1_449' title='bbox 1026 3145 1205 3193; x_wconf 90' lang='lat' dir='ltr'>universi,</span> <span class='ocrx_word' id='word_1_450' title='bbox 1222 3145 1271 3182; x_wconf 92' lang='lat' dir='ltr'>ad</span> <span class='ocrx_word' id='word_1_451' title='bbox 1286 3145 1391 3194; x_wconf 91' lang='lat' dir='ltr'>quod</span> 
     </span>
     <span class='ocr_line' id='line_1_68' title="bbox 335 3198 1390 3247; baseline 0.002 -14"><span class='ocrx_word' id='word_1_452' title='bbox 335 3198 488 3245; x_wconf 86' lang='lat' dir='ltr'>exigitur</span> <span class='ocrx_word' id='word_1_453' title='bbox 508 3199 706 3239; x_wconf 71' lang='lat' dir='ltr'>alternatio,</span> <span class='ocrx_word' id='word_1_454' title='bbox 731 3198 997 3246; x_wconf 80' lang='lat' dir='ltr'>generationis</span> <span class='ocrx_word' id='word_1_455' title='bbox 1013 3206 1048 3234; x_wconf 91' lang='lat' dir='ltr'>et</span> <span class='ocrx_word' id='word_1_456' title='bbox 1076 3198 1324 3247; x_wconf 89' lang='lat' dir='ltr'>corruptionis</span> <span class='ocrx_word' id='word_1_457' title='bbox 1352 3198 1390 3235; x_wconf 93' lang='lat' dir='ltr'>in</span> 
     </span>
     <span class='ocr_line' id='line_1_69' title="bbox 335 3251 1390 3300; baseline 0.002 -14"><span class='ocrx_word' id='word_1_458' title='bbox 335 3251 458 3287; x_wconf 90' lang='lat' dir='ltr'>rebus.</span> <span class='ocrx_word' id='word_1_459' title='bbox 480 3252 527 3287; x_wconf 89' lang='lat' dir='ltr'>Et</span> <span class='ocrx_word' id='word_1_460' title='bbox 547 3252 757 3288; x_wconf 90' lang='lat' dir='ltr'>secundum</span> <span class='ocrx_word' id='word_1_461' title='bbox 779 3253 864 3298; x_wconf 87' lang='lat' dir='ltr'>hoc,</span> <span class='ocrx_word' id='word_1_462' title='bbox 886 3251 1147 3300; x_wconf 89' lang='lat' dir='ltr'>corruptiones</span> <span class='ocrx_word' id='word_1_463' title='bbox 1167 3259 1204 3288; x_wconf 92' lang='lat' dir='ltr'>et</span> <span class='ocrx_word' id='word_1_464' title='bbox 1223 3251 1390 3288; x_wconf 86' lang='lat' dir='ltr'>defectus</span> 
     </span>
     <span class='ocr_line' id='line_1_70' title="bbox 334 3304 1390 3352; baseline 0.004 -14"><span class='ocrx_word' id='word_1_465' title='bbox 334 3315 461 3339; x_wconf 90' lang='lat' dir='ltr'>rerum</span> <span class='ocrx_word' id='word_1_466' title='bbox 481 3311 566 3339; x_wconf 90' lang='lat' dir='ltr'>sunt</span> <span class='ocrx_word' id='word_1_467' title='bbox 594 3305 799 3341; x_wconf 85' lang='lat' dir='ltr'>naturales:</span> <span class='ocrx_word' id='word_1_468' title='bbox 829 3316 907 3341; x_wconf 91' lang='lat' dir='ltr'>non</span> <span class='ocrx_word' id='word_1_469' title='bbox 927 3304 1081 3352; x_wconf 87' lang='lat' dir='ltr'>quidem</span> <span class='ocrx_word' id='word_1_470' title='bbox 1103 3304 1314 3342; x_wconf 90' lang='lat' dir='ltr'>secundum</span> <span class='ocrx_word' id='word_1_471' title='bbox 1335 3304 1390 3342; x_wconf 91' lang='lat' dir='ltr'>in-</span> 
     </span>
     <span class='ocr_line' id='line_1_71' title="bbox 335 3355 1390 3406; baseline 0.003 -15"><span class='ocrx_word' id='word_1_472' title='bbox 335 3355 572 3391; x_wconf 90' lang='lat' dir='ltr'>clinationem</span> <span class='ocrx_word' id='word_1_473' title='bbox 602 3356 758 3403; x_wconf 82' lang='lat' dir='ltr'>formae,</span> <span class='ocrx_word' id='word_1_474' title='bbox 789 3369 885 3405; x_wconf 90' lang='lat' dir='ltr'>quae</span> <span class='ocrx_word' id='word_1_475' title='bbox 917 3365 971 3394; x_wconf 90' lang='lat' dir='ltr'>est</span> <span class='ocrx_word' id='word_1_476' title='bbox 989 3357 1216 3406; x_wconf 89' lang='lat' dir='ltr'>principium</span> <span class='ocrx_word' id='word_1_477' title='bbox 1241 3357 1390 3394; x_wconf 91' lang='lat' dir='ltr'>essendi</span> 
     </span>
    </p>
   </div>
   <div class='ocr_carea' id='block_1_17' title="bbox 1445 607 2519 3405">
    <p class='ocr_par' dir='ltr' id='par_1_25' title="bbox 1451 607 2512 1489">
     <span class='ocr_line' id='line_1_72' title="bbox 1454 607 2511 654; baseline 0.004 -12"><span class='ocrx_word' id='word_1_478' title='bbox 1454 613 1490 642; x_wconf 91' lang='lat' dir='ltr'>et</span> <span class='ocrx_word' id='word_1_479' title='bbox 1507 607 1766 654; x_wconf 85' lang='lat' dir='ltr'>perfectionis;</span> <span class='ocrx_word' id='word_1_480' title='bbox 1797 608 1864 644; x_wconf 90' lang='lat' dir='ltr'>sed</span> <span class='ocrx_word' id='word_1_481' title='bbox 1884 608 2103 644; x_wconf 83' lang='lat' dir='ltr'>secundum</span> <span class='ocrx_word' id='word_1_482' title='bbox 2132 608 2412 645; x_wconf 89' lang='lat' dir='ltr'>inclinationem</span> <span class='ocrx_word' id='word_1_483' title='bbox 2432 621 2511 646; x_wconf 89' lang='lat' dir='ltr'>ma·</span> 
     </span>
     <span class='ocr_line' id='line_1_73' title="bbox 1451 658 2510 710; baseline 0.004 -16"><span class='ocrx_word' id='word_1_484' title='bbox 1451 658 1579 705; x_wconf 89' lang='lat' dir='ltr'>teriae,</span> <span class='ocrx_word' id='word_1_485' title='bbox 1595 671 1694 706; x_wconf 89' lang='lat' dir='ltr'>quae</span> <span class='ocrx_word' id='word_1_486' title='bbox 1713 660 2039 710; x_wconf 88' lang='lat' dir='ltr'>proportionaliter</span> <span class='ocrx_word' id='word_1_487' title='bbox 2059 660 2268 697; x_wconf 88' lang='lat' dir='ltr'>attribuitur</span> <span class='ocrx_word' id='word_1_488' title='bbox 2286 660 2349 697; x_wconf 90' lang='lat' dir='ltr'>tali</span> <span class='ocrx_word' id='word_1_489' title='bbox 2367 661 2510 699; x_wconf 81' lang='lat' dir='ltr'>formae</span> 
     </span>
     <span class='ocr_line' id='line_1_74' title="bbox 1453 711 2512 761; baseline 0.004 -15"><span class='ocrx_word' id='word_1_490' title='bbox 1453 711 1664 747; x_wconf 88' lang='lat' dir='ltr'>secundum</span> <span class='ocrx_word' id='word_1_491' title='bbox 1694 711 1995 750; x_wconf 88' lang='lat' dir='ltr'>distributionem</span> <span class='ocrx_word' id='word_1_492' title='bbox 2024 713 2246 750; x_wconf 89' lang='lat' dir='ltr'>universalis</span> <span class='ocrx_word' id='word_1_493' title='bbox 2275 713 2434 761; x_wconf 82' lang='lat' dir='ltr'>agentis.</span> <span class='ocrx_word' id='word_1_494' title='bbox 2463 714 2512 751; x_wconf 90' lang='lat' dir='ltr'>Et</span> 
     </span>
     <span class='ocr_line' id='line_1_75' title="bbox 1453 763 2511 816; baseline 0.005 -18"><span class='ocrx_word' id='word_1_495' title='bbox 1453 763 1629 811; x_wconf 88' lang='lat' dir='ltr'>quamvis</span> <span class='ocrx_word' id='word_1_496' title='bbox 1659 764 1783 800; x_wconf 90' lang='lat' dir='ltr'>omnis</span> <span class='ocrx_word' id='word_1_497' title='bbox 1815 765 1939 802; x_wconf 89' lang='lat' dir='ltr'>forma</span> <span class='ocrx_word' id='word_1_498' title='bbox 1972 767 2140 803; x_wconf 88' lang='lat' dir='ltr'>intendat</span> <span class='ocrx_word' id='word_1_499' title='bbox 2171 764 2398 816; x_wconf 82' lang='lat' dir='ltr'>perpetuum</span> <span class='ocrx_word' id='word_1_500' title='bbox 2429 778 2511 805; x_wconf 85' lang='lat' dir='ltr'>esse</span> 
     </span>
     <span class='ocr_line' id='line_1_76' title="bbox 1453 819 2512 868; baseline 0.005 -17"><span class='ocrx_word' id='word_1_501' title='bbox 1453 824 1636 862; x_wconf 90' lang='lat' dir='ltr'>quantum</span> <span class='ocrx_word' id='word_1_502' title='bbox 1662 824 1797 864; x_wconf 88' lang='lat' dir='ltr'>potest,</span> <span class='ocrx_word' id='word_1_503' title='bbox 1827 819 1928 854; x_wconf 89' lang='lat' dir='ltr'>nulla</span> <span class='ocrx_word' id='word_1_504' title='bbox 1955 827 2082 856; x_wconf 90' lang='lat' dir='ltr'>tarnen</span> <span class='ocrx_word' id='word_1_505' title='bbox 2110 819 2233 856; x_wconf 86' lang='lat' dir='ltr'>forma</span> <span class='ocrx_word' id='word_1_506' title='bbox 2257 819 2310 855; x_wconf 92' lang='lat' dir='ltr'>rei</span> <span class='ocrx_word' id='word_1_507' title='bbox 2331 819 2512 868; x_wconf 86' lang='lat' dir='ltr'>corrupti-</span> 
     </span>
     <span class='ocr_line' id='line_1_77' title="bbox 1452 867 2511 921; baseline 0.004 -17"><span class='ocrx_word' id='word_1_508' title='bbox 1452 867 1535 905; x_wconf 91' lang='lat' dir='ltr'>bilis</span> <span class='ocrx_word' id='word_1_509' title='bbox 1555 877 1678 918; x_wconf 87' lang='lat' dir='ltr'>potest</span> <span class='ocrx_word' id='word_1_510' title='bbox 1697 870 1846 918; x_wconf 91' lang='lat' dir='ltr'>assequi</span> <span class='ocrx_word' id='word_1_511' title='bbox 1865 872 2154 919; x_wconf 87' lang='lat' dir='ltr'>perpetuitatem</span> <span class='ocrx_word' id='word_1_512' title='bbox 2175 872 2244 918; x_wconf 89' lang='lat' dir='ltr'>sui,</span> <span class='ocrx_word' id='word_1_513' title='bbox 2264 879 2413 921; x_wconf 89' lang='lat' dir='ltr'>praeter</span> <span class='ocrx_word' id='word_1_514' title='bbox 2432 871 2511 908; x_wconf 90' lang='lat' dir='ltr'>ani-</span> 
     </span>
     <span class='ocr_line' id='line_1_78' title="bbox 1453 922 2512 974; baseline 0.004 -17"><span class='ocrx_word' id='word_1_515' title='bbox 1453 933 1557 957; x_wconf 89' lang='lat' dir='ltr'>mam</span> <span class='ocrx_word' id='word_1_516' title='bbox 1577 922 1819 958; x_wconf 87' lang='lat' dir='ltr'>rationalem:</span> <span class='ocrx_word' id='word_1_517' title='bbox 1850 935 1895 959; x_wconf 90' lang='lat' dir='ltr'>eo</span> <span class='ocrx_word' id='word_1_518' title='bbox 1925 924 2030 972; x_wconf 91' lang='lat' dir='ltr'>quod</span> <span class='ocrx_word' id='word_1_519' title='bbox 2057 925 2138 974; x_wconf 91' lang='lat' dir='ltr'>ipsa</span> <span class='ocrx_word' id='word_1_520' title='bbox 2167 937 2245 961; x_wconf 92' lang='lat' dir='ltr'>non</span> <span class='ocrx_word' id='word_1_521' title='bbox 2271 933 2325 962; x_wconf 91' lang='lat' dir='ltr'>est</span> <span class='ocrx_word' id='word_1_522' title='bbox 2344 924 2512 961; x_wconf 91' lang='lat' dir='ltr'>subiecta</span> 
     </span>
     <span class='ocr_line' id='line_1_79' title="bbox 1453 974 2509 1024; baseline 0.005 -14"><span class='ocrx_word' id='word_1_523' title='bbox 1453 974 1611 1011; x_wconf 94' lang='lat' dir='ltr'>omnino</span> <span class='ocrx_word' id='word_1_524' title='bbox 1645 975 1823 1011; x_wconf 89' lang='lat' dir='ltr'>materiae</span> <span class='ocrx_word' id='word_1_525' title='bbox 1859 976 2066 1024; x_wconf 89' lang='lat' dir='ltr'>corporali,</span> <span class='ocrx_word' id='word_1_526' title='bbox 2096 977 2192 1014; x_wconf 89' lang='lat' dir='ltr'>sicut</span> <span class='ocrx_word' id='word_1_527' title='bbox 2218 978 2314 1015; x_wconf 90' lang='lat' dir='ltr'>aliae</span> <span class='ocrx_word' id='word_1_528' title='bbox 2342 978 2509 1022; x_wconf 81' lang='lat' dir='ltr'>formae3</span> 
     </span>
     <span class='ocr_line' id='line_1_80' title="bbox 1453 1027 2512 1079; baseline 0.004 -16"><span class='ocrx_word' id='word_1_529' title='bbox 1453 1027 1666 1074; x_wconf 90' lang='lat' dir='ltr'>quinimmo</span> <span class='ocrx_word' id='word_1_530' title='bbox 1694 1028 1809 1064; x_wconf 87' lang='lat' dir='ltr'>habet</span> <span class='ocrx_word' id='word_1_531' title='bbox 1831 1028 2026 1077; x_wconf 90' lang='lat' dir='ltr'>propriam</span> <span class='ocrx_word' id='word_1_532' title='bbox 2053 1030 2316 1079; x_wconf 88' lang='lat' dir='ltr'>operationem</span> <span class='ocrx_word' id='word_1_533' title='bbox 2340 1031 2512 1067; x_wconf 85' lang='lat' dir='ltr'>immate-</span> 
     </span>
     <span class='ocr_line' id='line_1_81' title="bbox 1453 1079 2512 1132; baseline 0.005 -17"><span class='ocrx_word' id='word_1_534' title='bbox 1453 1079 1597 1126; x_wconf 90' lang='lat' dir='ltr'>rialem,</span> <span class='ocrx_word' id='word_1_535' title='bbox 1617 1088 1658 1116; x_wconf 92' lang='lat' dir='ltr'>ut</span> <span class='ocrx_word' id='word_1_536' title='bbox 1676 1080 1714 1117; x_wconf 90' lang='lat' dir='ltr'>in</span> <span class='ocrx_word' id='word_1_537' title='bbox 1737 1080 1868 1116; x_wconf 90' lang='lat' dir='ltr'>Primo</span> <span class='ocrx_word' id='word_1_538' title='bbox 1883 1080 1903 1102; x_wconf 75' lang='lat'>&#39;¹‘</span> <span class='ocrx_word' id='word_1_539' title='bbox 1920 1081 2092 1118; x_wconf 89' lang='lat' dir='ltr'>habitum</span> <span class='ocrx_word' id='word_1_540' title='bbox 2117 1090 2182 1119; x_wconf 92' lang='lat' dir='ltr'>est.</span> <span class='ocrx_word' id='word_1_541' title='bbox 2212 1083 2323 1120; x_wconf 88' lang='lat' dir='ltr'>Unde</span> <span class='ocrx_word' id='word_1_542' title='bbox 2344 1095 2388 1120; x_wconf 89' lang='lat' dir='ltr'>ex</span> <span class='ocrx_word' id='word_1_543' title='bbox 2406 1090 2512 1132; x_wconf 88' lang='lat' dir='ltr'>parte</span> 
     </span>
     <span class='ocr_line' id='line_1_82' title="bbox 1454 1133 2512 1187; baseline 0.004 -19"><span class='ocrx_word' id='word_1_544' title='bbox 1454 1144 1544 1169; x_wconf 92' lang='lat' dir='ltr'>suae</span> <span class='ocrx_word' id='word_1_545' title='bbox 1573 1133 1739 1180; x_wconf 81' lang='lat' dir='ltr'>formae,</span> <span class='ocrx_word' id='word_1_546' title='bbox 1771 1134 1975 1170; x_wconf 86' lang='lat' dir='ltr'>naturalior</span> <span class='ocrx_word' id='word_1_547' title='bbox 2010 1142 2065 1171; x_wconf 91' lang='lat' dir='ltr'>est</span> <span class='ocrx_word' id='word_1_548' title='bbox 2100 1135 2248 1172; x_wconf 89' lang='lat' dir='ltr'>homini</span> <span class='ocrx_word' id='word_1_549' title='bbox 2280 1136 2512 1187; x_wconf 88' lang='lat' dir='ltr'>incorruptio</span> 
     </span>
     <span class='ocr_line' id='line_1_83' title="bbox 1453 1185 2512 1237; baseline 0.004 -16"><span class='ocrx_word' id='word_1_550' title='bbox 1453 1197 1570 1233; x_wconf 90' lang='lat' dir='ltr'>quam</span> <span class='ocrx_word' id='word_1_551' title='bbox 1591 1186 1670 1222; x_wconf 90' lang='lat' dir='ltr'>aliis</span> <span class='ocrx_word' id='word_1_552' title='bbox 1690 1186 1802 1222; x_wconf 90' lang='lat' dir='ltr'>rebus</span> <span class='ocrx_word' id='word_1_553' title='bbox 1827 1187 2141 1236; x_wconf 65' lang='lat' dir='ltr'>corruptibilibus</span> <span class='ocrx_word' id='word_1_554' title='bbox 2172 1185 2249 1224; x_wconf 87' lang='lat' dir='ltr'>Sed</span> <span class='ocrx_word' id='word_1_555' title='bbox 2269 1189 2358 1236; x_wconf 88' lang='lat' dir='ltr'>quia</span> <span class='ocrx_word' id='word_1_556' title='bbox 2377 1196 2414 1225; x_wconf 92' lang='lat' dir='ltr'>et</span> <span class='ocrx_word' id='word_1_557' title='bbox 2430 1188 2512 1237; x_wconf 90' lang='lat' dir='ltr'>ipsa</span> 
     </span>
     <span class='ocr_line' id='line_1_84' title="bbox 1451 1239 2512 1289; baseline 0.004 -15"><span class='ocrx_word' id='word_1_558' title='bbox 1451 1239 1567 1275; x_wconf 86' lang='lat' dir='ltr'>habet</span> <span class='ocrx_word' id='word_1_559' title='bbox 1594 1239 1792 1275; x_wconf 88' lang='lat' dir='ltr'>materiam</span> <span class='ocrx_word' id='word_1_560' title='bbox 1824 1251 1868 1275; x_wconf 87' lang='lat' dir='ltr'>ex</span> <span class='ocrx_word' id='word_1_561' title='bbox 1895 1239 2087 1276; x_wconf 88' lang='lat' dir='ltr'>contrariis</span> <span class='ocrx_word' id='word_1_562' title='bbox 2108 1241 2374 1289; x_wconf 90' lang='lat' dir='ltr'>compositam,</span> <span class='ocrx_word' id='word_1_563' title='bbox 2396 1250 2441 1278; x_wconf 85' lang='lat' dir='ltr'>ex</span> <span class='ocrx_word' id='word_1_564' title='bbox 2459 1241 2512 1278; x_wconf 92' lang='lat' dir='ltr'>in-</span> 
     </span>
     <span class='ocr_line' id='line_1_85' title="bbox 1453 1291 2510 1342; baseline 0.004 -15"><span class='ocrx_word' id='word_1_565' title='bbox 1453 1291 1652 1328; x_wconf 89' lang='lat' dir='ltr'>clinatione</span> <span class='ocrx_word' id='word_1_566' title='bbox 1672 1291 1851 1328; x_wconf 89' lang='lat' dir='ltr'>materiae</span> <span class='ocrx_word' id='word_1_567' title='bbox 1872 1291 2039 1341; x_wconf 87' lang='lat' dir='ltr'>sequitur</span> <span class='ocrx_word' id='word_1_568' title='bbox 2058 1293 2346 1342; x_wconf 89' lang='lat' dir='ltr'>corruptibilitas</span> <span class='ocrx_word' id='word_1_569' title='bbox 2366 1293 2404 1330; x_wconf 88' lang='lat' dir='ltr'>in</span> <span class='ocrx_word' id='word_1_570' title='bbox 2418 1301 2510 1331; x_wconf 79' lang='lat' dir='ltr'>toto,</span> 
     </span>
     <span class='ocr_line' id='line_1_86' title="bbox 1452 1345 2512 1396; baseline 0.004 -16"><span class='ocrx_word' id='word_1_571' title='bbox 1452 1345 1501 1380; x_wconf 93' lang='lat' dir='ltr'>Et</span> <span class='ocrx_word' id='word_1_572' title='bbox 1520 1345 1732 1381; x_wconf 91' lang='lat' dir='ltr'>secundum</span> <span class='ocrx_word' id='word_1_573' title='bbox 1752 1345 1838 1391; x_wconf 89' lang='lat' dir='ltr'>hoc,</span> <span class='ocrx_word' id='word_1_574' title='bbox 1859 1345 1977 1381; x_wconf 89' lang='lat' dir='ltr'>homo</span> <span class='ocrx_word' id='word_1_575' title='bbox 2004 1352 2059 1382; x_wconf 90' lang='lat' dir='ltr'>est</span> <span class='ocrx_word' id='word_1_576' title='bbox 2087 1346 2303 1383; x_wconf 87' lang='lat' dir='ltr'>naturaliter</span> <span class='ocrx_word' id='word_1_577' title='bbox 2331 1346 2512 1396; x_wconf 90' lang='lat' dir='ltr'>corrupti-</span> 
     </span>
     <span class='ocr_line' id='line_1_87' title="bbox 1451 1396 2512 1447; baseline 0.004 -15"><span class='ocrx_word' id='word_1_578' title='bbox 1451 1396 1533 1433; x_wconf 91' lang='lat' dir='ltr'>bilis</span> <span class='ocrx_word' id='word_1_579' title='bbox 1554 1398 1765 1434; x_wconf 89' lang='lat' dir='ltr'>secundum</span> <span class='ocrx_word' id='word_1_580' title='bbox 1785 1405 1959 1435; x_wconf 88' lang='lat' dir='ltr'>naturam</span> <span class='ocrx_word' id='word_1_581' title='bbox 1980 1398 2159 1435; x_wconf 88' lang='lat' dir='ltr'>materiae</span> <span class='ocrx_word' id='word_1_582' title='bbox 2175 1398 2243 1436; x_wconf 91' lang='lat' dir='ltr'>sibi</span> <span class='ocrx_word' id='word_1_583' title='bbox 2263 1399 2424 1447; x_wconf 83' lang='lat' dir='ltr'>relictae,</span> <span class='ocrx_word' id='word_1_584' title='bbox 2444 1400 2512 1436; x_wconf 87' lang='lat' dir='ltr'>sed</span> 
     </span>
     <span class='ocr_line' id='line_1_88' title="bbox 1451 1451 2160 1489; baseline 0.004 -3"><span class='ocrx_word' id='word_1_585' title='bbox 1451 1461 1530 1486; x_wconf 93' lang='lat' dir='ltr'>non</span> <span class='ocrx_word' id='word_1_586' title='bbox 1558 1451 1770 1487; x_wconf 91' lang='lat' dir='ltr'>secundum</span> <span class='ocrx_word' id='word_1_587' title='bbox 1799 1458 1973 1487; x_wconf 90' lang='lat' dir='ltr'>naturam</span> <span class='ocrx_word' id='word_1_588' title='bbox 2003 1451 2160 1489; x_wconf 88' lang='lat' dir='ltr'>formae.</span> 
     </span>
    </p>

    <p class='ocr_par' dir='ltr' id='par_1_26' title="bbox 1445 1503 2519 3353">
     <span class='ocr_line' id='line_1_89' title="bbox 1502 1503 2512 1554; baseline 0.002 -15"><span class='ocrx_word' id='word_1_589' title='bbox 1502 1503 1654 1539; x_wconf 89' lang='lat' dir='ltr'>Primae</span> <span class='ocrx_word' id='word_1_590' title='bbox 1668 1510 1802 1539; x_wconf 88' lang='lat' dir='ltr'>-autem</span> <span class='ocrx_word' id='word_1_591' title='bbox 1821 1511 1896 1540; x_wconf 87' lang='lat' dir='ltr'>tres</span> <span class='ocrx_word' id='word_1_592' title='bbox 1917 1504 2080 1541; x_wconf 90' lang='lat' dir='ltr'>rationes</span> <span class='ocrx_word' id='word_1_593' title='bbox 2097 1505 2311 1554; x_wconf 91' lang='lat' dir='ltr'>procedunt</span> <span class='ocrx_word' id='word_1_594' title='bbox 2335 1517 2379 1541; x_wconf 89' lang='lat' dir='ltr'>ex</span> <span class='ocrx_word' id='word_1_595' title='bbox 2407 1511 2512 1554; x_wconf 84' lang='lat' dir='ltr'>parte</span> 
     </span>
     <span class='ocr_line' id='line_1_90' title="bbox 1450 1556 2512 1608; baseline 0.002 -16"><span class='ocrx_word' id='word_1_596' title='bbox 1450 1556 1652 1592; x_wconf 89' lang='lat' dir='ltr'>materiae:</span> <span class='ocrx_word' id='word_1_597' title='bbox 1682 1556 1775 1592; x_wconf 88' lang='lat' dir='ltr'>aliae</span> <span class='ocrx_word' id='word_1_598' title='bbox 1794 1568 1889 1593; x_wconf 88' lang='lat' dir='ltr'>vero</span> <span class='ocrx_word' id='word_1_599' title='bbox 1918 1563 1992 1593; x_wconf 91' lang='lat' dir='ltr'>tres</span> <span class='ocrx_word' id='word_1_600' title='bbox 2016 1558 2231 1608; x_wconf 86' lang='lat' dir='ltr'>procedunt</span> <span class='ocrx_word' id='word_1_601' title='bbox 2251 1569 2295 1594; x_wconf 87' lang='lat' dir='ltr'>ex</span> <span class='ocrx_word' id='word_1_602' title='bbox 2312 1565 2418 1607; x_wconf 88' lang='lat' dir='ltr'>parte</span> <span class='ocrx_word' id='word_1_603' title='bbox 2438 1557 2512 1594; x_wconf 87' lang='lat' dir='ltr'>for-</span> 
     </span>
     <span class='ocr_line' id='line_1_91' title="bbox 1448 1609 2519 1658; baseline 0.001 -13"><span class='ocrx_word' id='word_1_604' title='bbox 1448 1621 1546 1645; x_wconf 87' lang='lat' dir='ltr'>mae.</span> <span class='ocrx_word' id='word_1_605' title='bbox 1577 1609 1688 1646; x_wconf 92' lang='lat' dir='ltr'>Unde</span> <span class='ocrx_word' id='word_1_606' title='bbox 1708 1609 1757 1645; x_wconf 94' lang='lat' dir='ltr'>ad</span> <span class='ocrx_word' id='word_1_607' title='bbox 1778 1621 1909 1646; x_wconf 88' lang='lat' dir='ltr'>earum</span> <span class='ocrx_word' id='word_1_608' title='bbox 1930 1609 2170 1658; x_wconf 85' lang='lat' dir='ltr'>solutionem,</span> <span class='ocrx_word' id='word_1_609' title='bbox 2193 1610 2519 1648; x_wconf 83' lang='lat' dir='ltr'>considerandum</span> 
     </span>
     <span class='ocr_line' id='line_1_92' title="bbox 1451 1662 2511 1712; baseline 0.002 -14"><span class='ocrx_word' id='word_1_610' title='bbox 1451 1670 1506 1698; x_wconf 92' lang='lat' dir='ltr'>est</span> <span class='ocrx_word' id='word_1_611' title='bbox 1534 1662 1638 1710; x_wconf 90' lang='lat' dir='ltr'>quod</span> <span class='ocrx_word' id='word_1_612' title='bbox 1667 1663 1789 1698; x_wconf 89' lang='lat' dir='ltr'>forma</span> <span class='ocrx_word' id='word_1_613' title='bbox 1817 1662 2004 1709; x_wconf 89' lang='lat' dir='ltr'>hominis,</span> <span class='ocrx_word' id='word_1_614' title='bbox 2034 1675 2132 1712; x_wconf 89' lang='lat' dir='ltr'>quae</span> <span class='ocrx_word' id='word_1_615' title='bbox 2161 1670 2216 1700; x_wconf 91' lang='lat' dir='ltr'>est</span> <span class='ocrx_word' id='word_1_616' title='bbox 2244 1663 2372 1700; x_wconf 91' lang='lat' dir='ltr'>anima</span> <span class='ocrx_word' id='word_1_617' title='bbox 2400 1662 2511 1700; x_wconf 92' lang='lat' dir='ltr'>ratio-</span> 
     </span>
     <span class='ocr_line' id='line_1_93' title="bbox 1449 1714 2511 1766; baseline 0.003 -15"><span class='ocrx_word' id='word_1_618' title='bbox 1449 1714 1554 1761; x_wconf 92' lang='lat' dir='ltr'>nalis,</span> <span class='ocrx_word' id='word_1_619' title='bbox 1576 1715 1785 1751; x_wconf 89' lang='lat' dir='ltr'>secundum</span> <span class='ocrx_word' id='word_1_620' title='bbox 1815 1727 1924 1752; x_wconf 91' lang='lat' dir='ltr'>suam</span> <span class='ocrx_word' id='word_1_621' title='bbox 1943 1714 2332 1765; x_wconf 87' lang='lat' dir='ltr'>incorruptibilitatem</span> <span class='ocrx_word' id='word_1_622' title='bbox 2352 1728 2511 1766; x_wconf 86' lang='lat' dir='ltr'>propor-</span> 
     </span>
     <span class='ocr_line' id='line_1_94' title="bbox 1448 1767 2510 1819; baseline 0.002 -15"><span class='ocrx_word' id='word_1_623' title='bbox 1448 1768 1592 1804; x_wconf 88' lang='lat' dir='ltr'>tionata</span> <span class='ocrx_word' id='word_1_624' title='bbox 1621 1776 1676 1804; x_wconf 90' lang='lat' dir='ltr'>est</span> <span class='ocrx_word' id='word_1_625' title='bbox 1704 1780 1773 1804; x_wconf 91' lang='lat' dir='ltr'>suo</span> <span class='ocrx_word' id='word_1_626' title='bbox 1803 1767 1887 1814; x_wconf 90' lang='lat' dir='ltr'>fini,</span> <span class='ocrx_word' id='word_1_627' title='bbox 1917 1768 1982 1816; x_wconf 90' lang='lat' dir='ltr'>qui</span> <span class='ocrx_word' id='word_1_628' title='bbox 2011 1776 2066 1805; x_wconf 90' lang='lat' dir='ltr'>est</span> <span class='ocrx_word' id='word_1_629' title='bbox 2094 1769 2288 1806; x_wconf 87' lang='lat' dir='ltr'>beatitudo</span> <span class='ocrx_word' id='word_1_630' title='bbox 2315 1777 2510 1819; x_wconf 83' lang='lat' dir='ltr'>perpetua.</span> 
     </span>
     <span class='ocr_line' id='line_1_95' title="bbox 1451 1820 2511 1873; baseline 0.001 -15"><span class='ocrx_word' id='word_1_631' title='bbox 1451 1822 1527 1858; x_wconf 91' lang='lat' dir='ltr'>Sed</span> <span class='ocrx_word' id='word_1_632' title='bbox 1549 1832 1684 1869; x_wconf 90' lang='lat' dir='ltr'>corpus</span> <span class='ocrx_word' id='word_1_633' title='bbox 1713 1822 1938 1873; x_wconf 68' lang='lat' dir='ltr'>numanum,</span> <span class='ocrx_word' id='word_1_634' title='bbox 1969 1821 2074 1870; x_wconf 92' lang='lat' dir='ltr'>quod</span> <span class='ocrx_word' id='word_1_635' title='bbox 2104 1829 2159 1858; x_wconf 87' lang='lat' dir='ltr'>est</span> <span class='ocrx_word' id='word_1_636' title='bbox 2187 1820 2427 1871; x_wconf 85' lang='lat' dir='ltr'>corruptibile</span> <span class='ocrx_word' id='word_1_637' title='bbox 2455 1832 2511 1859; x_wconf 88' lang='lat' dir='ltr'>se-</span> 
     </span>
     <span class='ocr_line' id='line_1_96' title="bbox 1451 1874 2510 1925; baseline 0.002 -15"><span class='ocrx_word' id='word_1_638' title='bbox 1451 1875 1618 1911; x_wconf 90' lang='lat' dir='ltr'>cundum</span> <span class='ocrx_word' id='word_1_639' title='bbox 1648 1886 1758 1910; x_wconf 86' lang='lat' dir='ltr'>suam</span> <span class='ocrx_word' id='word_1_640' title='bbox 1787 1881 1963 1912; x_wconf 90' lang='lat' dir='ltr'>naturam</span> <span class='ocrx_word' id='word_1_641' title='bbox 1997 1874 2294 1923; x_wconf 89' lang='lat' dir='ltr'>consideratum,</span> <span class='ocrx_word' id='word_1_642' title='bbox 2324 1875 2510 1925; x_wconf 89' lang='lat' dir='ltr'>quodam-</span> 
     </span>
     <span class='ocr_line' id='line_1_97' title="bbox 1451 1926 2511 1977; baseline 0.002 -14"><span class='ocrx_word' id='word_1_643' title='bbox 1451 1927 1569 1964; x_wconf 91' lang='lat' dir='ltr'>modo</span> <span class='ocrx_word' id='word_1_644' title='bbox 1597 1926 1929 1975; x_wconf 89' lang='lat' dir='ltr'>proportionatum</span> <span class='ocrx_word' id='word_1_645' title='bbox 1959 1934 2014 1964; x_wconf 90' lang='lat' dir='ltr'>est</span> <span class='ocrx_word' id='word_1_646' title='bbox 2041 1939 2131 1964; x_wconf 90' lang='lat' dir='ltr'>suae</span> <span class='ocrx_word' id='word_1_647' title='bbox 2160 1928 2322 1976; x_wconf 86' lang='lat' dir='ltr'>formae,</span> <span class='ocrx_word' id='word_1_648' title='bbox 2353 1936 2390 1965; x_wconf 92' lang='lat' dir='ltr'>et</span> <span class='ocrx_word' id='word_1_649' title='bbox 2418 1936 2511 1977; x_wconf 89' lang='lat' dir='ltr'>quo-</span> 
     </span>
     <span class='ocr_line' id='line_1_98' title="bbox 1450 1980 2510 2031; baseline 0.002 -15"><span class='ocrx_word' id='word_1_650' title='bbox 1450 1980 1661 2017; x_wconf 90' lang='lat' dir='ltr'>dammodo</span> <span class='ocrx_word' id='word_1_651' title='bbox 1692 1992 1781 2016; x_wconf 88' lang='lat' dir='ltr'>non.</span> <span class='ocrx_word' id='word_1_652' title='bbox 1812 1981 1961 2029; x_wconf 87' lang='lat' dir='ltr'>Duplex</span> <span class='ocrx_word' id='word_1_653' title='bbox 1990 1980 2092 2018; x_wconf 89' lang='lat' dir='ltr'>enirn</span> <span class='ocrx_word' id='word_1_654' title='bbox 2122 1981 2287 2018; x_wconf 91' lang='lat' dir='ltr'>conditio</span> <span class='ocrx_word' id='word_1_655' title='bbox 2311 1988 2436 2031; x_wconf 90' lang='lat' dir='ltr'>potest</span> <span class='ocrx_word' id='word_1_656' title='bbox 2458 1988 2510 2018; x_wconf 90' lang='lat' dir='ltr'>at-</span> 
     </span>
     <span class='ocr_line' id='line_1_99' title="bbox 1447 2032 2510 2083; baseline 0.003 -15"><span class='ocrx_word' id='word_1_657' title='bbox 1447 2032 1551 2069; x_wconf 86' lang='lat' dir='ltr'>tendi</span> <span class='ocrx_word' id='word_1_658' title='bbox 1570 2032 1607 2069; x_wconf 91' lang='lat' dir='ltr'>in</span> <span class='ocrx_word' id='word_1_659' title='bbox 1627 2032 1751 2081; x_wconf 90' lang='lat' dir='ltr'>aliqua</span> <span class='ocrx_word' id='word_1_660' title='bbox 1771 2033 1949 2070; x_wconf 90' lang='lat' dir='ltr'>materia:</span> <span class='ocrx_word' id='word_1_661' title='bbox 1978 2045 2054 2070; x_wconf 92' lang='lat' dir='ltr'>una</span> <span class='ocrx_word' id='word_1_662' title='bbox 2083 2033 2223 2070; x_wconf 90' lang='lat' dir='ltr'>scilicet</span> <span class='ocrx_word' id='word_1_663' title='bbox 2250 2045 2366 2082; x_wconf 89' lang='lat' dir='ltr'>quam</span> <span class='ocrx_word' id='word_1_664' title='bbox 2396 2036 2510 2083; x_wconf 80' lang='lat' dir='ltr'>agens</span> 
     </span>
     <span class='ocr_line' id='line_1_100' title="bbox 1451 2085 2512 2138; baseline 0.002 -16"><span class='ocrx_word' id='word_1_665' title='bbox 1451 2085 1565 2133; x_wconf 87' lang='lat' dir='ltr'>eligit;</span> <span class='ocrx_word' id='word_1_666' title='bbox 1597 2085 1668 2123; x_wconf 92' lang='lat' dir='ltr'>alia</span> <span class='ocrx_word' id='word_1_667' title='bbox 1687 2097 1784 2134; x_wconf 90' lang='lat' dir='ltr'>quae</span> <span class='ocrx_word' id='word_1_668' title='bbox 1805 2098 1884 2122; x_wconf 92' lang='lat' dir='ltr'>non</span> <span class='ocrx_word' id='word_1_669' title='bbox 1906 2093 1960 2123; x_wconf 90' lang='lat' dir='ltr'>est</span> <span class='ocrx_word' id='word_1_670' title='bbox 1979 2087 2027 2123; x_wconf 90' lang='lat' dir='ltr'>ab</span> <span class='ocrx_word' id='word_1_671' title='bbox 2056 2094 2189 2134; x_wconf 86' lang='lat' dir='ltr'>agente</span> <span class='ocrx_word' id='word_1_672' title='bbox 2219 2087 2348 2134; x_wconf 85' lang='lat' dir='ltr'>electa,</span> <span class='ocrx_word' id='word_1_673' title='bbox 2369 2087 2436 2124; x_wconf 91' lang='lat' dir='ltr'>sed</span> <span class='ocrx_word' id='word_1_674' title='bbox 2456 2094 2512 2138; x_wconf 81' lang='lat' dir='ltr'>est</span> 
     </span>
     <span class='ocr_line' id='line_1_101' title="bbox 1450 2138 2511 2186; baseline 0.002 -11"><span class='ocrx_word' id='word_1_675' title='bbox 1450 2139 1661 2175; x_wconf 85' lang='lat' dir='ltr'>secundum</span> <span class='ocrx_word' id='word_1_676' title='bbox 1683 2138 1941 2175; x_wconf 89' lang='lat' dir='ltr'>conditionem</span> <span class='ocrx_word' id='word_1_677' title='bbox 1962 2140 2172 2176; x_wconf 87' lang='lat' dir='ltr'>naturalem</span> <span class='ocrx_word' id='word_1_678' title='bbox 2193 2140 2385 2178; x_wconf 86' lang='lat' dir='ltr'>materiae.</span> <span class='ocrx_word' id='word_1_679' title='bbox 2407 2139 2511 2186; x_wconf 73' lang='lat' dir='ltr'>Sicti&#39;t</span> 
     </span>
     <span class='ocr_line' id='line_1_102' title="bbox 1449 2191 2510 2240; baseline 0.002 -12"><span class='ocrx_word' id='word_1_680' title='bbox 1449 2192 1555 2228; x_wconf 90' lang='lat' dir='ltr'>faber</span> <span class='ocrx_word' id='word_1_681' title='bbox 1574 2192 1621 2228; x_wconf 90' lang='lat' dir='ltr'>ad</span> <span class='ocrx_word' id='word_1_682' title='bbox 1642 2191 1858 2228; x_wconf 84' lang='lat' dir='ltr'>faciendum</span> <span class='ocrx_word' id='word_1_683' title='bbox 1890 2192 2079 2229; x_wconf 89' lang='lat' dir='ltr'>cultellum</span> <span class='ocrx_word' id='word_1_684' title='bbox 2105 2192 2203 2240; x_wconf 89' lang='lat' dir='ltr'>eligit</span> <span class='ocrx_word' id='word_1_685' title='bbox 2220 2192 2421 2230; x_wconf 89' lang='lat' dir='ltr'>materiam</span> <span class='ocrx_word' id='word_1_686' title='bbox 2443 2192 2510 2230; x_wconf 88' lang='lat' dir='ltr'>du-</span> 
     </span>
     <span class='ocr_line' id='line_1_103' title="bbox 1450 2244 2511 2295; baseline 0.002 -14"><span class='ocrx_word' id='word_1_687' title='bbox 1450 2257 1531 2281; x_wconf 90' lang='lat' dir='ltr'>ram</span> <span class='ocrx_word' id='word_1_688' title='bbox 1553 2252 1589 2281; x_wconf 90' lang='lat' dir='ltr'>et</span> <span class='ocrx_word' id='word_1_689' title='bbox 1609 2244 1798 2291; x_wconf 88' lang='lat' dir='ltr'>ductilem,</span> <span class='ocrx_word' id='word_1_690' title='bbox 1816 2257 1914 2293; x_wconf 91' lang='lat' dir='ltr'>quae</span> <span class='ocrx_word' id='word_1_691' title='bbox 1934 2244 2116 2282; x_wconf 91' lang='lat' dir='ltr'>subtiliari</span> <span class='ocrx_word' id='word_1_692' title='bbox 2133 2245 2252 2295; x_wconf 78' lang='lat' dir='ltr'>possit</span> <span class='ocrx_word' id='word_1_693' title='bbox 2270 2253 2311 2283; x_wconf 90' lang='lat' dir='ltr'>ut</span> <span class='ocrx_word' id='word_1_694' title='bbox 2329 2246 2376 2283; x_wconf 92' lang='lat' dir='ltr'>sit</span> <span class='ocrx_word' id='word_1_695' title='bbox 2390 2244 2405 2275; x_wconf 74' lang='grc' dir='ltr'><strong>β</strong></span> <span class='ocrx_word' id='word_1_696' title='bbox 2424 2251 2511 2295; x_wconf 86' lang='lat' dir='ltr'>apta</span> 
     </span>
     <span class='ocr_line' id='line_1_104' title="bbox 1449 2295 2510 2345; baseline 0.002 -11"><span class='ocrx_word' id='word_1_697' title='bbox 1449 2297 1632 2345; x_wconf 88' lang='lat' dir='ltr'>incisioni,</span> <span class='ocrx_word' id='word_1_698' title='bbox 1655 2305 1689 2334; x_wconf 89' lang='lat' dir='ltr'>et</span> <span class='ocrx_word' id='word_1_699' title='bbox 1714 2298 1923 2335; x_wconf 91' lang='lat' dir='ltr'>secundum</span> <span class='ocrx_word' id='word_1_700' title='bbox 1952 2295 2051 2335; x_wconf 92' lang='lat' dir='ltr'>hanc</span> <span class='ocrx_word' id='word_1_701' title='bbox 2080 2298 2339 2336; x_wconf 90' lang='lat' dir='ltr'>conditionem</span> <span class='ocrx_word' id='word_1_702' title='bbox 2367 2299 2510 2336; x_wconf 85' lang='lat' dir='ltr'>ferrum</span> 
     </span>
     <span class='ocr_line' id='line_1_105' title="bbox 1450 2350 2510 2402; baseline 0.002 -15"><span class='ocrx_word' id='word_1_703' title='bbox 1450 2357 1506 2387; x_wconf 91' lang='lat' dir='ltr'>est</span> <span class='ocrx_word' id='word_1_704' title='bbox 1532 2350 1691 2387; x_wconf 89' lang='lat' dir='ltr'>materia</span> <span class='ocrx_word' id='word_1_705' title='bbox 1715 2350 2002 2400; x_wconf 86' lang='lat' dir='ltr'>proportionata</span> <span class='ocrx_word' id='word_1_706' title='bbox 2022 2351 2190 2388; x_wconf 91' lang='lat' dir='ltr'>cultello:</span> <span class='ocrx_word' id='word_1_707' title='bbox 2220 2351 2289 2389; x_wconf 88' lang='lat' dir='ltr'>sed</span> <span class='ocrx_word' id='word_1_708' title='bbox 2311 2353 2386 2389; x_wconf 92' lang='lat' dir='ltr'>hoc</span> <span class='ocrx_word' id='word_1_709' title='bbox 2405 2352 2510 2402; x_wconf 93' lang='lat' dir='ltr'>quod</span> 
     </span>
     <span class='ocr_line' id='line_1_106' title="bbox 1448 2403 2509 2454; baseline 0.002 -14"><span class='ocrx_word' id='word_1_710' title='bbox 1448 2404 1590 2440; x_wconf 85' lang='lat' dir='ltr'>ferrum</span> <span class='ocrx_word' id='word_1_711' title='bbox 1607 2403 1652 2440; x_wconf 91' lang='lat' dir='ltr'>sit</span> <span class='ocrx_word' id='word_1_712' title='bbox 1671 2403 1867 2451; x_wconf 86' lang='lat' dir='ltr'>frangibile</span> <span class='ocrx_word' id='word_1_713' title='bbox 1884 2411 1919 2440; x_wconf 89' lang='lat' dir='ltr'>et</span> <span class='ocrx_word' id='word_1_714' title='bbox 1933 2403 2148 2452; x_wconf 85' lang='lat' dir='ltr'>rubiginem</span> <span class='ocrx_word' id='word_1_715' title='bbox 2164 2405 2403 2454; x_wconf 87' lang='lat' dir='ltr'>contrahens,</span> <span class='ocrx_word' id='word_1_716' title='bbox 2421 2417 2509 2442; x_wconf 92' lang='lat' dir='ltr'>con-</span> 
     </span>
     <span class='ocr_line' id='line_1_107' title="bbox 1449 2456 2509 2507; baseline 0.002 -14"><span class='ocrx_word' id='word_1_717' title='bbox 1449 2457 1617 2506; x_wconf 90' lang='lat' dir='ltr'>sequitur</span> <span class='ocrx_word' id='word_1_718' title='bbox 1646 2468 1690 2492; x_wconf 88' lang='lat' dir='ltr'>ex</span> <span class='ocrx_word' id='word_1_719' title='bbox 1724 2456 1882 2493; x_wconf 91' lang='lat' dir='ltr'>naturali</span> <span class='ocrx_word' id='word_1_720' title='bbox 1918 2456 2163 2507; x_wconf 89' lang='lat' dir='ltr'>dispositione</span> <span class='ocrx_word' id='word_1_721' title='bbox 2198 2457 2305 2506; x_wconf 90' lang='lat' dir='ltr'>ferri,</span> <span class='ocrx_word' id='word_1_722' title='bbox 2336 2470 2407 2495; x_wconf 93' lang='lat' dir='ltr'>nec</span> <span class='ocrx_word' id='word_1_723' title='bbox 2434 2458 2509 2495; x_wconf 91' lang='lat' dir='ltr'>hoc</span> 
     </span>
     <span class='ocr_line' id='line_1_108' title="bbox 1449 2507 2508 2560; baseline 0.001 -14"><span class='ocrx_word' id='word_1_724' title='bbox 1449 2509 1549 2558; x_wconf 84' lang='lat' dir='ltr'>eligit</span> <span class='ocrx_word' id='word_1_725' title='bbox 1584 2509 1714 2546; x_wconf 86' lang='lat' dir='ltr'>artifex</span> <span class='ocrx_word' id='word_1_726' title='bbox 1746 2509 1784 2546; x_wconf 93' lang='lat' dir='ltr'>in</span> <span class='ocrx_word' id='word_1_727' title='bbox 1818 2510 1937 2556; x_wconf 90' lang='lat' dir='ltr'>ferro,</span> <span class='ocrx_word' id='word_1_728' title='bbox 1972 2509 2039 2547; x_wconf 92' lang='lat' dir='ltr'>sed</span> <span class='ocrx_word' id='word_1_729' title='bbox 2073 2507 2192 2558; x_wconf 88' lang='lat' dir='ltr'>magis</span> <span class='ocrx_word' id='word_1_730' title='bbox 2230 2510 2445 2560; x_wconf 90' lang='lat' dir='ltr'>repudiaret</span> <span class='ocrx_word' id='word_1_731' title='bbox 2478 2511 2508 2548; x_wconf 89' lang='lat' dir='ltr'>si</span> 
     </span>
     <span class='ocr_line' id='line_1_109' title="bbox 1447 2562 2510 2612; baseline 0.001 -13"><span class='ocrx_word' id='word_1_732' title='bbox 1447 2571 1587 2612; x_wconf 91' lang='lat' dir='ltr'>posset.</span> <span class='ocrx_word' id='word_1_733' title='bbox 1621 2562 1732 2599; x_wconf 90' lang='lat' dir='ltr'>Unde</span> <span class='ocrx_word' id='word_1_734' title='bbox 1760 2563 1855 2600; x_wconf 91' lang='lat' dir='ltr'>haec</span> <span class='ocrx_word' id='word_1_735' title='bbox 1892 2562 2083 2611; x_wconf 87' lang='lat' dir='ltr'>dispositio</span> <span class='ocrx_word' id='word_1_736' title='bbox 2122 2563 2302 2600; x_wconf 89' lang='lat' dir='ltr'>materiae</span> <span class='ocrx_word' id='word_1_737' title='bbox 2338 2576 2417 2600; x_wconf 91' lang='lat' dir='ltr'>non</span> <span class='ocrx_word' id='word_1_738' title='bbox 2454 2571 2510 2600; x_wconf 90' lang='lat' dir='ltr'>est</span> 
     </span>
     <span class='ocr_line' id='line_1_110' title="bbox 1446 2615 2509 2664; baseline 0.002 -13"><span class='ocrx_word' id='word_1_739' title='bbox 1446 2615 1733 2664; x_wconf 89' lang='lat' dir='ltr'>proportionata</span> <span class='ocrx_word' id='word_1_740' title='bbox 1761 2615 1959 2652; x_wconf 89' lang='lat' dir='ltr'>intentioni</span> <span class='ocrx_word' id='word_1_741' title='bbox 1986 2615 2138 2652; x_wconf 90' lang='lat' dir='ltr'>artificis</span> <span class='ocrx_word' id='word_1_742' title='bbox 2157 2621 2184 2664; x_wconf 75' lang='grc' dir='ltr'>Υ,</span> <span class='ocrx_word' id='word_1_743' title='bbox 2214 2628 2285 2653; x_wconf 91' lang='lat' dir='ltr'>nec</span> <span class='ocrx_word' id='word_1_744' title='bbox 2312 2616 2509 2654; x_wconf 89' lang='lat' dir='ltr'>intentioni</span> 
     </span>
     <span class='ocr_line' id='line_1_111' title="bbox 1448 2668 2508 2717; baseline 0.002 -13"><span class='ocrx_word' id='word_1_745' title='bbox 1448 2669 1547 2705; x_wconf 88' lang='lat' dir='ltr'>artis.</span> <span class='ocrx_word' id='word_1_746' title='bbox 1579 2668 1756 2705; x_wconf 91' lang='lat' dir='ltr'>Similiter</span> <span class='ocrx_word' id='word_1_747' title='bbox 1785 2680 1922 2717; x_wconf 90' lang='lat' dir='ltr'>corpus</span> <span class='ocrx_word' id='word_1_748' title='bbox 1942 2669 2154 2705; x_wconf 87' lang='lat' dir='ltr'>humanum</span> <span class='ocrx_word' id='word_1_749' title='bbox 2177 2677 2231 2706; x_wconf 91' lang='lat' dir='ltr'>est</span> <span class='ocrx_word' id='word_1_750' title='bbox 2250 2669 2408 2706; x_wconf 88' lang='lat' dir='ltr'>materia</span> <span class='ocrx_word' id='word_1_751' title='bbox 2436 2670 2508 2707; x_wconf 81' lang='lat' dir='ltr'>ele-</span> 
     </span>
     <span class='ocr_line' id='line_1_112' title="bbox 1448 2722 2508 2771; baseline 0.002 -13"><span class='ocrx_word' id='word_1_752' title='bbox 1448 2729 1506 2758; x_wconf 89' lang='lat' dir='ltr'>cta</span> <span class='ocrx_word' id='word_1_753' title='bbox 1521 2734 1543 2758; x_wconf 91' lang='lat' dir='ltr'>a</span> <span class='ocrx_word' id='word_1_754' title='bbox 1558 2729 1691 2758; x_wconf 88' lang='lat' dir='ltr'>natura</span> <span class='ocrx_word' id='word_1_755' title='bbox 1707 2729 1891 2770; x_wconf 88' lang='lat' dir='ltr'>quantum</span> <span class='ocrx_word' id='word_1_756' title='bbox 1911 2722 1958 2758; x_wconf 91' lang='lat' dir='ltr'>ad</span> <span class='ocrx_word' id='word_1_757' title='bbox 1978 2722 2063 2768; x_wconf 88' lang='lat' dir='ltr'>hoc,</span> <span class='ocrx_word' id='word_1_758' title='bbox 2081 2722 2186 2771; x_wconf 89' lang='lat' dir='ltr'>quod</span> <span class='ocrx_word' id='word_1_759' title='bbox 2203 2730 2258 2759; x_wconf 89' lang='lat' dir='ltr'>est</span> <span class='ocrx_word' id='word_1_760' title='bbox 2276 2730 2508 2771; x_wconf 84' lang='lat' dir='ltr'>temperatae</span> 
     </span>
     <span class='ocr_line' id='line_1_113' title="bbox 1449 2774 2508 2823; baseline 0.002 -13"><span class='ocrx_word' id='word_1_761' title='bbox 1449 2774 1740 2823; x_wconf 89' lang='lat' dir='ltr'>complexionis,</span> <span class='ocrx_word' id='word_1_762' title='bbox 1771 2782 1812 2811; x_wconf 91' lang='lat' dir='ltr'>ut</span> <span class='ocrx_word' id='word_1_763' title='bbox 1839 2774 1958 2823; x_wconf 88' lang='lat' dir='ltr'>possit</span> <span class='ocrx_word' id='word_1_764' title='bbox 1991 2787 2073 2811; x_wconf 91' lang='lat' dir='ltr'>esse</span> <span class='ocrx_word' id='word_1_765' title='bbox 2107 2775 2508 2813; x_wconf 88' lang='lat' dir='ltr'>convenientissimum</span> 
     </span>
     <span class='ocr_line' id='line_1_114' title="bbox 1447 2826 2507 2875; baseline 0.003 -12"><span class='ocrx_word' id='word_1_766' title='bbox 1447 2831 1633 2875; x_wconf 81' lang='lat' dir='ltr'>organum</span> <span class='ocrx_word' id='word_1_767' title='bbox 1661 2834 1781 2863; x_wconf 93' lang='lat' dir='ltr'>tactus</span> <span class='ocrx_word' id='word_1_768' title='bbox 1811 2835 1846 2863; x_wconf 91' lang='lat' dir='ltr'>et</span> <span class='ocrx_word' id='word_1_769' title='bbox 1864 2826 2022 2864; x_wconf 91' lang='lat' dir='ltr'>aliarum</span> <span class='ocrx_word' id='word_1_770' title='bbox 2041 2827 2224 2864; x_wconf 85' lang='lat' dir='ltr'>virtutum</span> <span class='ocrx_word' id='word_1_771' title='bbox 2246 2828 2507 2866; x_wconf 83' lang='lat' dir='ltr'>sensitivamm</span> 
     </span>
     <span class='ocr_line' id='line_1_115' title="bbox 1448 2879 2509 2930; baseline 0.002 -14"><span class='ocrx_word' id='word_1_772' title='bbox 1448 2888 1484 2917; x_wconf 90' lang='lat' dir='ltr'>et</span> <span class='ocrx_word' id='word_1_773' title='bbox 1512 2880 1756 2917; x_wconf 87' lang='lat' dir='ltr'>motivarum.</span> <span class='ocrx_word' id='word_1_774' title='bbox 1788 2880 1865 2917; x_wconf 89' lang='lat' dir='ltr'>Sed</span> <span class='ocrx_word' id='word_1_775' title='bbox 1894 2881 1999 2928; x_wconf 90' lang='lat' dir='ltr'>quod</span> <span class='ocrx_word' id='word_1_776' title='bbox 2019 2879 2064 2917; x_wconf 93' lang='lat' dir='ltr'>sit</span> <span class='ocrx_word' id='word_1_777' title='bbox 2085 2881 2434 2930; x_wconf 77' lang='lat' dir='ltr'>corruptibile,‘hoc</span> <span class='ocrx_word' id='word_1_778' title='bbox 2453 2889 2509 2918; x_wconf 90' lang='lat' dir='ltr'>est</span> 
     </span>
     <span class='ocr_line' id='line_1_116' title="bbox 1448 2932 2506 2980; baseline 0.001 -10"><span class='ocrx_word' id='word_1_779' title='bbox 1448 2945 1492 2970; x_wconf 84' lang='lat' dir='ltr'>ex</span> <span class='ocrx_word' id='word_1_780' title='bbox 1513 2932 1728 2970; x_wconf 89' lang='lat' dir='ltr'>conditione</span> <span class='ocrx_word' id='word_1_781' title='bbox 1750 2932 1942 2980; x_wconf 88' lang='lat' dir='ltr'>materiae,</span> <span class='ocrx_word' id='word_1_782' title='bbox 1964 2945 2034 2969; x_wconf 92' lang='lat' dir='ltr'>nec</span> <span class='ocrx_word' id='word_1_783' title='bbox 2055 2941 2110 2970; x_wconf 90' lang='lat' dir='ltr'>est</span> <span class='ocrx_word' id='word_1_784' title='bbox 2130 2934 2290 2971; x_wconf 90' lang='lat' dir='ltr'>electum</span> <span class='ocrx_word' id='word_1_785' title='bbox 2312 2947 2333 2971; x_wconf 91' lang='lat' dir='ltr'>a</span> <span class='ocrx_word' id='word_1_786' title='bbox 2352 2933 2506 2972; x_wconf 85' lang='lat' dir='ltr'>natura:</span> 
     </span>
     <span class='ocr_line' id='line_1_117' title="bbox 1447 2985 2507 3037; baseline 0.002 -15"><span class='ocrx_word' id='word_1_787' title='bbox 1447 2986 1538 3035; x_wconf 90' lang='lat' dir='ltr'>quin</span> <span class='ocrx_word' id='word_1_788' title='bbox 1565 2986 1692 3035; x_wconf 91' lang='lat' dir='ltr'>potius</span> <span class='ocrx_word' id='word_1_789' title='bbox 1720 2992 1853 3022; x_wconf 91' lang='lat' dir='ltr'>natura</span> <span class='ocrx_word' id='word_1_790' title='bbox 1883 2985 2033 3034; x_wconf 87' lang='lat' dir='ltr'>eligeret</span> <span class='ocrx_word' id='word_1_791' title='bbox 2060 2987 2258 3024; x_wconf 89' lang='lat' dir='ltr'>materiam</span> <span class='ocrx_word' id='word_1_792' title='bbox 2286 2987 2507 3037; x_wconf 91' lang='lat' dir='ltr'>incorrupti-</span> 
     </span>
     <span class='ocr_line' id='line_1_118' title="bbox 1446 3035 2507 3087; baseline 0.002 -12"><span class='ocrx_word' id='word_1_793' title='bbox 1446 3039 1580 3086; x_wconf 90' lang='lat' dir='ltr'>bilem,</span> <span class='ocrx_word' id='word_1_794' title='bbox 1611 3038 1641 3075; x_wconf 89' lang='lat' dir='ltr'>si</span> <span class='ocrx_word' id='word_1_795' title='bbox 1667 3035 1807 3087; x_wconf 91' lang='lat' dir='ltr'>posset.</span> <span class='ocrx_word' id='word_1_796' title='bbox 1840 3038 1916 3075; x_wconf 91' lang='lat' dir='ltr'>Sed</span> <span class='ocrx_word' id='word_1_797' title='bbox 1946 3040 2068 3085; x_wconf 91' lang='lat' dir='ltr'>Deus,</span> <span class='ocrx_word' id='word_1_798' title='bbox 2100 3040 2158 3076; x_wconf 92' lang='lat' dir='ltr'>cui</span> <span class='ocrx_word' id='word_1_799' title='bbox 2187 3039 2356 3077; x_wconf 90' lang='lat' dir='ltr'>subiacet</span> <span class='ocrx_word' id='word_1_800' title='bbox 2384 3039 2507 3077; x_wconf 90' lang='lat' dir='ltr'>omnis</span> 
     </span>
     <span class='ocr_line' id='line_1_119' title="bbox 1446 3090 2506 3142; baseline 0.002 -14"><span class='ocrx_word' id='word_1_801' title='bbox 1446 3100 1590 3139; x_wconf 85' lang='lat' dir='ltr'>natura,</span> <span class='ocrx_word' id='word_1_802' title='bbox 1619 3091 1656 3128; x_wconf 94' lang='lat' dir='ltr'>in</span> <span class='ocrx_word' id='word_1_803' title='bbox 1685 3092 1765 3141; x_wconf 89' lang='lat' dir='ltr'>ipsa</span> <span class='ocrx_word' id='word_1_804' title='bbox 1793 3090 2022 3128; x_wconf 88' lang='lat' dir='ltr'>institutione</span> <span class='ocrx_word' id='word_1_805' title='bbox 2049 3092 2215 3130; x_wconf 90' lang='lat' dir='ltr'>hominis</span> <span class='ocrx_word' id='word_1_806' title='bbox 2235 3091 2424 3142; x_wconf 87' lang='lat' dir='ltr'>supplevit</span> <span class='ocrx_word' id='word_1_807' title='bbox 2443 3092 2506 3130; x_wconf 87' lang='lat' dir='ltr'>de·</span> 
     </span>
     <span class='ocr_line' id='line_1_120' title="bbox 1446 3144 2507 3194; baseline 0.001 -13"><span class='ocrx_word' id='word_1_808' title='bbox 1446 3146 1586 3181; x_wconf 86' lang='lat' dir='ltr'>fectum</span> <span class='ocrx_word' id='word_1_809' title='bbox 1615 3152 1782 3191; x_wconf 87' lang='lat' dir='ltr'>naturae,</span> <span class='ocrx_word' id='word_1_810' title='bbox 1814 3151 1849 3181; x_wconf 89' lang='lat' dir='ltr'>et</span> <span class='ocrx_word' id='word_1_811' title='bbox 1878 3145 1981 3182; x_wconf 93' lang='lat' dir='ltr'>dono</span> <span class='ocrx_word' id='word_1_812' title='bbox 2010 3145 2169 3182; x_wconf 90' lang='lat' dir='ltr'>iustitiae</span> <span class='ocrx_word' id='word_1_813' title='bbox 2198 3145 2386 3194; x_wconf 89' lang='lat' dir='ltr'>originalis</span> <span class='ocrx_word' id='word_1_814' title='bbox 2405 3144 2507 3183; x_wconf 89' lang='lat' dir='ltr'>dedit</span> 
     </span>
     <span class='ocr_line' id='line_1_121' title="bbox 1446 3197 2507 3246; baseline -0.001 -11"><span class='ocrx_word' id='word_1_815' title='bbox 1446 3197 1596 3246; x_wconf 89' lang='lat' dir='ltr'>corpori</span> <span class='ocrx_word' id='word_1_816' title='bbox 1616 3197 2005 3246; x_wconf 86' lang='lat' dir='ltr'>incorruptibilitatem</span> <span class='ocrx_word' id='word_1_817' title='bbox 2021 3198 2227 3246; x_wconf 89' lang='lat' dir='ltr'>quandam,</span> <span class='ocrx_word' id='word_1_818' title='bbox 2243 3207 2284 3236; x_wconf 92' lang='lat' dir='ltr'>ut</span> <span class='ocrx_word' id='word_1_819' title='bbox 2297 3199 2335 3236; x_wconf 92' lang='lat' dir='ltr'>in</span> <span class='ocrx_word' id='word_1_820' title='bbox 2350 3197 2507 3235; x_wconf 76' lang='lat' dir='ltr'>Primo*</span> 
     </span>
     <span class='ocr_line' id='line_1_122' title="bbox 1447 3251 2506 3300; baseline 0 -13"><span class='ocrx_word' id='word_1_821' title='bbox 1447 3251 1587 3288; x_wconf 91' lang='lat' dir='ltr'>dictum</span> <span class='ocrx_word' id='word_1_822' title='bbox 1617 3258 1682 3287; x_wconf 92' lang='lat' dir='ltr'>est.</span> <span class='ocrx_word' id='word_1_823' title='bbox 1714 3251 1762 3287; x_wconf 91' lang='lat' dir='ltr'>Et</span> <span class='ocrx_word' id='word_1_824' title='bbox 1789 3251 2000 3288; x_wconf 88' lang='lat' dir='ltr'>secundum</span> <span class='ocrx_word' id='word_1_825' title='bbox 2028 3252 2103 3288; x_wconf 92' lang='lat' dir='ltr'>hoc</span> <span class='ocrx_word' id='word_1_826' title='bbox 2123 3251 2258 3288; x_wconf 90' lang='lat' dir='ltr'>dicitur</span> <span class='ocrx_word' id='word_1_827' title='bbox 2277 3251 2506 3300; x_wconf 20' lang='lat' dir='ltr'>quotheus</span> 
     </span>
     <span class='ocr_line' id='line_1_123' title="bbox 1445 3303 2503 3353; baseline -0.001 -13"><span class='ocrx_word' id='word_1_828' title='bbox 1445 3310 1602 3341; x_wconf 83' lang='lat' dir='ltr'>mortem</span> <span class='ocrx_word' id='word_1_829' title='bbox 1620 3316 1692 3340; x_wconf 86' lang='lat' dir='ltr'>non</span> <span class='ocrx_word' id='word_1_830' title='bbox 1702 3304 1864 3351; x_wconf 85' lang='lat' dir='ltr'>fecit,et</span> <span class='ocrx_word' id='word_1_831' title='bbox 1878 3304 1983 3352; x_wconf 91' lang='lat' dir='ltr'>quod</span> <span class='ocrx_word' id='word_1_832' title='bbox 2003 3316 2108 3341; x_wconf 90' lang='lat' dir='ltr'>mors</span> <span class='ocrx_word' id='word_1_833' title='bbox 2128 3312 2184 3341; x_wconf 87' lang='lat' dir='ltr'>est</span> <span class='ocrx_word' id='word_1_834' title='bbox 2201 3315 2328 3353; x_wconf 88' lang='lat' dir='ltr'>poena</span> <span class='ocrx_word' id='word_1_835' title='bbox 2346 3303 2503 3352; x_wconf 90' lang='lat' dir='ltr'>peccati.</span> 
     </span>
    </p>

    <p class='ocr_par' dir='ltr' id='par_1_27' title="bbox 1498 3353 2229 3405">
     <span class='ocr_line' id='line_1_124' title="bbox 1498 3353 2229 3405; baseline -0.001 -11"><span class='ocrx_word' id='word_1_836' title='bbox 1498 3357 1609 3394; x_wconf 91' lang='lat' dir='ltr'>Unde</span> <span class='ocrx_word' id='word_1_837' title='bbox 1637 3353 1964 3405; x_wconf 81' lang='lat' dir='ltr'>patetresponsio</span> <span class='ocrx_word' id='word_1_838' title='bbox 1993 3357 2043 3393; x_wconf 85' lang='lat' dir='ltr'>ad</span> <span class='ocrx_word' id='word_1_839' title='bbox 2070 3356 2229 3393; x_wconf 89' lang='lat' dir='ltr'>obiecta.</span> 
     </span>
    </p>
   </div>
   <div class='ocr_carea' id='block_1_18' title="bbox 1035 3436 1782 3441">
    <p class='ocr_par' dir='ltr' id='par_1_28' title="bbox 1035 3436 1782 3441">
     <span class='ocr_line' id='line_1_125' title="bbox 1035 3436 1782 3441; baseline 0 0"><span class='ocrx_word' id='word_1_840' title='bbox 1035 3436 1782 3441; x_wconf 95' lang='lat' dir='ltr'> </span> 
     </span>
    </p>
   </div>
   <div class='ocr_carea' id='block_1_19' title="bbox 388 3469 837 3536">
    <p class='ocr_par' dir='ltr' id='par_1_29' title="bbox 388 3469 837 3536">
     <span class='ocr_line' id='line_1_126' title="bbox 388 3469 761 3500; baseline 0.003 -7"><span class='ocrx_word' id='word_1_841' title='bbox 388 3469 415 3500; x_wconf 59' lang='grc' dir='ltr'>α)</span> <span class='ocrx_word' id='word_1_842' title='bbox 434 3473 482 3494; x_wconf 79' lang='lat' dir='ltr'>est.</span> <span class='ocrx_word' id='word_1_843' title='bbox 500 3483 518 3487; x_wconf 98' lang='lat'><em>-</em></span> <span class='ocrx_word' id='word_1_844' title='bbox 536 3472 575 3493; x_wconf 79' lang='lat' dir='ltr'>est</span> <span class='ocrx_word' id='word_1_845' title='bbox 593 3470 692 3493; x_wconf 79' lang='lat' dir='ltr'>homini</span> <span class='ocrx_word' id='word_1_846' title='bbox 712 3471 761 3494; x_wconf 82' lang='lat' dir='ltr'>EF.</span> 
     </span>
     <span class='ocr_line' id='line_1_127' title="bbox 388 3503 837 3536; baseline 0 -8"><span class='ocrx_word' id='word_1_847' title='bbox 388 3503 412 3536; x_wconf 73' lang='grc' dir='ltr'>β)</span> <span class='ocrx_word' id='word_1_848' title='bbox 431 3505 474 3529; x_wconf 82' lang='lat' dir='ltr'>sit.</span> <span class='ocrx_word' id='word_1_849' title='bbox 493 3518 512 3523; x_wconf 93' lang='lat'>-</span> <span class='ocrx_word' id='word_1_850' title='bbox 530 3504 566 3528; x_wconf 88' lang='lat' dir='ltr'>sic</span> <span class='ocrx_word' id='word_1_851' title='bbox 585 3505 619 3528; x_wconf 83' lang='lat' dir='ltr'>sit</span> <span class='ocrx_word' id='word_1_852' title='bbox 637 3505 837 3529; x_wconf 70' lang='lat' dir='ltr'>ABCDEGIKL.</span> 
     </span>
    </p>
   </div>
   <div class='ocr_carea' id='block_1_20' title="bbox 1417 2703 1421 3539">
    <p class='ocr_par' dir='ltr' id='par_1_30' title="bbox 1417 2703 1421 3539">
     <span class='ocr_line' id='line_1_128' title="bbox 1417 2703 1421 3539; baseline 0 0"><span class='ocrx_word' id='word_1_853' title='bbox 1417 2703 1421 3539; x_wconf 95' lang='lat' dir='ltr'> </span> 
     </span>
    </p>
   </div>
   <div class='ocr_carea' id='block_1_21' title="bbox 1499 3470 2119 3504">
    <p class='ocr_par' dir='ltr' id='par_1_31' title="bbox 1499 3470 2119 3504">
     <span class='ocr_line' id='line_1_129' title="bbox 1499 3470 2119 3504; baseline -0.005 -8"><span class='ocrx_word' id='word_1_854' title='bbox 1499 3476 1524 3504; x_wconf 79' lang='grc' dir='ltr'>γ)</span> <span class='ocrx_word' id='word_1_855' title='bbox 1544 3471 1664 3504; x_wconf 73' lang='lat' dir='ltr'>artificis.</span> <span class='ocrx_word' id='word_1_856' title='bbox 1684 3485 1700 3489; x_wconf 93' lang='lat'>—</span> <span class='ocrx_word' id='word_1_857' title='bbox 1720 3471 1858 3502; x_wconf 72' lang='lat' dir='ltr'>artificiati</span> <span class='ocrx_word' id='word_1_858' title='bbox 1876 3470 2119 3501; x_wconf 70' lang='lat' dir='ltr'>ACDEFGILpssH.</span> 
     </span>
    </p>
   </div>
   <div class='ocr_carea' id='block_1_22' title="bbox 2541 1089 2748 1117">
    <p class='ocr_par' dir='ltr' id='par_1_32' title="bbox 2541 1089 2748 1117">
     <span class='ocr_line' id='line_1_130' title="bbox 2541 1089 2748 1117; baseline 0 -6"><span class='ocrx_word' id='word_1_859' title='bbox 2541 1091 2549 1099; x_wconf 90' lang='grc'><em>·</em></span> <span class='ocrx_word' id='word_1_860' title='bbox 2562 1089 2607 1117; x_wconf 89' lang='lat' dir='ltr'>Qu.</span> <span class='ocrx_word' id='word_1_861' title='bbox 2624 1095 2692 1117; x_wconf 58' lang='lat' dir='ltr'>cxxv,</span> <span class='ocrx_word' id='word_1_862' title='bbox 2707 1093 2748 1111; x_wconf 76' lang='lat' dir='ltr'>nrt.</span> 
     </span>
    </p>
   </div>
   <div class='ocr_carea' id='block_1_23' title="bbox 2534 3208 2744 3236">
    <p class='ocr_par' dir='ltr' id='par_1_33' title="bbox 2534 3208 2744 3236">
     <span class='ocr_line' id='line_1_131' title="bbox 2534 3208 2744 3236; baseline 0 -6"><span class='ocrx_word' id='word_1_863' title='bbox 2534 3208 2543 3219; x_wconf 77' lang='grc'><em>·</em></span> <span class='ocrx_word' id='word_1_864' title='bbox 2549 3209 2596 3236; x_wconf 88' lang='lat' dir='ltr'>Qu.</span> <span class='ocrx_word' id='word_1_865' title='bbox 2602 3214 2673 3236; x_wconf 78' lang='lat' dir='ltr'>xcvii,</span> <span class='ocrx_word' id='word_1_866' title='bbox 2680 3211 2722 3231; x_wconf 74' lang='lat' dir='ltr'>nrt.</span> <span class='ocrx_word' id='word_1_867' title='bbox 2727 3215 2744 3230; x_wconf 82' lang='grc' dir='ltr'>ι.</span> 
     </span>
    </p>
   </div>
  </div>
 </body>
</html>
