2840 4010
84 312 96 323 ⁸
106 311 156 333 Lib.
167 310 208 338 Vl,
224 316 244 332 c.
256 316 297 332 vn.

182 1462 196 1480 G

82 2153 95 2165 ³
109 2152 167 2176 Gen.
181 2159 232 2182 etp.
243 2160 295 2179 vni,

82 2185 144 2202 ven.
157 2185 180 2207 7.

1021 172 1287 218 QUAESTIO
1318 173 1401 220 CII,
1430 173 1726 210 ARTICULUS
1754 173 1804 209 VI

323 249 584 298 prohibentur.
606 249 717 286 Unde
738 249 826 286 dicit
840 250 1084 298 Augustinus,
1105 251 1144 288 in
1167 251 1263 287 libro
1288 252 1387 288 Con-

324 308 383 339 tra
409 302 592 338 Faustum
614 303 653 338 *2
683 303 725 339 Si
750 304 796 339 de
817 315 938 351 porco
965 309 1002 340 et
1027 315 1130 353 agno
1157 303 1385 351 requiratur,

325 359 525 402 utrumque
552 360 690 391 natura
710 357 892 393 mundum
921 361 989 401 est,
1017 356 1105 404 quia
1134 356 1255 392 omnis
1283 366 1387 392 crea-

325 412 411 444 tura
446 407 523 443 Dei
557 408 656 444 hona
689 414 761 445 est.-
790 409 954 456 quadam
982 419 1072 445 vero
1099 408 1384 456 significatione,

325 470 449 508 agnus
467 460 640 505 mundus,
650 472 791 508 porcus
810 461 1024 497 immundus
1047 466 1110 496 est.
1130 461 1340 507 Tanquam,
1355 461 1389 496 si

325 511 476 548 stultum
509 518 543 549 et
569 513 772 560 sapientem
792 514 932 551 diceres
951 511 977 559 λ,
999 518 1198 559 utrumque
1215 513 1287 548 hoc
1304 523 1387 548 ver-

326 565 415 601 bum
444 571 581 602 natura
608 566 711 603 uocis
729 572 766 602 et
790 566 998 602 litterarum
1022 570 1058 600 et
1081 564 1318 612 syllabarum
1337 576 1387 600 ex

326 618 459 666 quibus
486 624 639 663 constat,
661 618 842 655 mundum
861 622 932 654 est.-
959 617 1234 666 significatione
1259 623 1385 654 autem

327 682 444 708 unum
473 676 527 706 est
552 671 746 716 mundum,
766 675 802 706 et
826 669 931 707 aliud
957 669 1204 707 immundum.
1231 669 1384 707 Animal

329 723 430 760 enim
461 724 565 771 quod
594 722 758 759 ruminat
789 729 826 759 et
844 723 1025 770 ungulam
1053 723 1174 770 findit,
1196 722 1385 760 mundum

327 783 382 812 est
418 775 701 822 significatione.
733 775 833 821 Quia
869 774 973 812 fissio
1010 777 1172 823 ungulae
1201 775 1386 823 significat

327 828 604 865 distinctionem
625 829 791 864 duorum
815 835 1149 874 testamentorum;
1177 828 1240 865 vel
1265 828 1385 865 Patris

327 889 363 918 et
390 881 420 917 F
423 880 489 926 ilii;
517 881 579 917 vel
609 880 770 917 duarum
804 888 1026 918 naturarum
1055 881 1093 918 in
1122 880 1294 926 Christo;
1323 881 1386 917 vel

327 933 591 971 discretionem
620 933 711 969 boni
740 941 775 969 et
804 934 904 970 mali.
932 934 1150 972 Ruminatio
1183 941 1309 970 autem
1339 933 1385 970 si-

325 985 480 1034 gnificat
500 985 786 1025 meditationem
808 987 1102 1035 Scripturarum,
1118 994 1154 1024 et
1173 998 1310 1023 sanum
1329 986 1385 1023 in-

325 1039 516 1076 tellectum
545 1050 688 1075 earum.
711 1039 952 1089 Cuicumque
974 1048 1102 1077 autem
1130 1040 1268 1076 horum
1297 1040 1386 1076 alte-

327 1103 409 1128 rum
437 1091 554 1138 deest,
575 1091 814 1139 spiritualiter
832 1093 1055 1131 immundus
1075 1099 1142 1130 est.
1162 1113 1186 1120 -
1208 1091 1386 1130 Similiter

326 1143 439 1180 etiarn
468 1143 505 1180 in
534 1143 699 1192 piscibus
718 1145 768 1182 illi
796 1145 861 1193 qui
880 1147 1023 1183 habent
1050 1157 1229 1194 squamas
1249 1153 1285 1181 et
1303 1145 1385 1193 pin-

325 1197 453 1243 nulas,
482 1196 755 1244 significatione
785 1199 918 1236 mundi
945 1206 1042 1236 sunt.
1077 1198 1176 1245 Quia
1207 1210 1277 1247 per
1303 1198 1386 1246 pin-

304 1250 433 1287 ..naias
453 1249 684 1296 significatur
702 1250 781 1287 vita
809 1252 992 1298 sublimis,
1012 1252 1074 1288 vel
1094 1251 1383 1300 contemplatio;

325 1314 394 1350 per
413 1314 592 1350 squamas
612 1310 739 1340 autem
760 1303 992 1351 significatur
1010 1316 1144 1353 aspera
1161 1303 1258 1350 vita;
1289 1316 1384 1352 quo-

326 1367 411 1392 rum
445 1362 649 1404 utrumque
689 1357 944 1394 necessarium
979 1365 1034 1394 est
1067 1357 1116 1395 ad
1157 1357 1385 1395 munditiam

326 1407 559 1457 spiritualem
579 1414 607 1445 μ.
628 1429 652 1436 -
673 1410 715 1446 In
743 1409 878 1446 avibus
903 1418 1031 1447 autem
1059 1409 1234 1459 specialia
1269 1422 1384 1459 quae-

327 1460 417 1498 dam
439 1472 580 1507 genera
597 1466 611 1482 V
637 1462 899 1509 prohibentur.
930 1465 972 1500 ln
996 1463 1121 1511 aquila
1141 1462 1255 1510 enim,
1285 1475 1385 1511 quae

326 1513 398 1551 alte
417 1513 532 1560 volat,
552 1514 776 1561 prohibetur
794 1516 983 1563 superbia.
1011 1517 1056 1553 ln
1077 1517 1220 1565 gryphe
1241 1524 1384 1563 autem,

325 1565 390 1613 qui
409 1565 516 1614 equis
537 1573 573 1602 et
589 1567 810 1604 hominibus
834 1568 991 1606 infestus
1011 1576 1078 1616 est,
1099 1569 1298 1607 crudelitas
1316 1581 1385 1618 po-

324 1625 470 1655 tentum
498 1619 730 1666 prohibetur.
765 1622 807 1657 ln
833 1621 1019 1658 haliaeeto
1053 1629 1196 1669 autem,
1225 1622 1290 1671 qui
1318 1634 1385 1671 pa-

325 1671 440 1709 scitur
467 1671 622 1709 minutis
651 1672 806 1720 avibus,
836 1674 1093 1722 significantur
1125 1674 1174 1713 illi
1207 1675 1272 1724 qui
1298 1683 1385 1712 sunt

324 1724 557 1773 pauperibus
577 1726 739 1763 molesti.
769 1727 810 1763 In
835 1727 953 1764 milvo
974 1735 1116 1775 autem,
1134 1727 1199 1778 qui
1217 1728 1383 1765 maxime

325 1776 468 1814 insidiis
495 1778 619 1824 utitur,
641 1778 883 1826 designantur
910 1781 1147 1819 fraudulenti.
1173 1782 1215 1818 In
1234 1782 1384 1818 vulture

326 1837 468 1877 autem,
495 1831 559 1879 qui
587 1831 756 1880 sequitur
785 1833 991 1870 exercitum
1020 1841 1221 1882 expectans
1255 1846 1384 1871 come-

326 1883 415 1920 dere
444 1884 633 1921 cadavera
665 1892 924 1933 mortuorum,
955 1886 1212 1934 significantur
1239 1887 1288 1924 illi
1317 1888 1384 1935 qui

324 1943 467 1972 mortes
501 1944 536 1972 et
564 1936 766 1974 seditiones
794 1939 995 1975 hominum
1025 1939 1202 1977 affectant
1234 1947 1275 1977 ut
1295 1940 1384 1977 inde

323 1988 526 2026 lucrentur.
552 1991 625 2026 Per
643 1990 820 2028 animalia
842 1992 985 2029 corvini
1006 1992 1153 2039 generis
1172 1992 1385 2041 significan-

260 2047 267 2052 ‘
323 2047 383 2077 tur
409 2041 460 2078 illi
488 2042 553 2091 qui
582 2050 669 2080 sunt
695 2044 954 2093 voluptatibus
988 2045 1190 2093 denigrati:
1223 2047 1302 2084 vel·
1319 2047 1384 2094 qui

324 2102 411 2132 sunt
430 2103 603 2143 expertes
631 2096 755 2133 bonae
785 2098 1006 2145 affectionis,
1028 2098 1118 2147 quia
1146 2111 1296 2146 corvus,
1327 2112 1384 2136 se-

323 2148 399 2184 mel
433 2148 594 2186 emissus
626 2150 674 2186 ab
709 2161 815 2197 arca,
846 2163 924 2187 non
959 2159 1014 2187 est
1046 2163 1220 2189 reversus
1250 2152 1280 2189 *.
1311 2153 1384 2189 Per

324 2200 591 2249 struthionem,
621 2202 698 2250 qui,
728 2215 815 2240 curn
845 2203 890 2240 sit
919 2203 1020 2251 avis,
1049 2205 1179 2242 volare
1207 2217 1287 2242 non
1313 2218 1384 2254 po-

323 2259 406 2300 test,
436 2254 503 2291 sed
540 2266 693 2305 semper
730 2264 785 2293 est
818 2256 915 2293 circa
943 2264 1097 2305 terram,
1125 2257 1383 2306 significantur

323 2307 408 2343 Deo
442 2306 643 2344 militantes
672 2315 708 2344 et
739 2321 779 2345 se
800 2310 956 2357 negotiis
984 2310 1240 2348 saecularibus
1258 2311 1382 2360 impli-

323 2367 463 2397 cantes.
485 2360 726 2408 Nycticorax,
747 2374 844 2410 quae
872 2363 909 2399 in
929 2371 1039 2400 nocte
1067 2363 1167 2400 acuti
1191 2372 1247 2401 est
1265 2365 1382 2411 viSUS,

322 2411 362 2449 in
381 2412 441 2450 die
461 2420 589 2450 autem
610 2426 688 2450 non
707 2414 822 2462 videt,
844 2415 1028 2463 significat
1051 2428 1116 2453 eos
1135 2417 1199 2465 qui
1227 2417 1265 2454 in
1285 2425 1383 2455 tem-

321 2465 516 2514 poralibus
553 2474 642 2503 sunt
677 2468 809 2515 astuti,
845 2469 883 2505 in
920 2469 1175 2517 spiritualibus
1211 2471 1379 2508 hebetes.

323 2518 444 2556 Larus
472 2526 623 2566 autem,
657 2520 721 2567 qui
749 2528 787 2557 et
813 2522 918 2558 volat
954 2521 992 2558 in
1025 2534 1112 2559 aere
1144 2530 1182 2560 et
1213 2531 1316 2560 natat
1344 2524 1382 2561 in

323 2582 434 2620 aqua,
455 2571 640 2619 significat
661 2585 726 2610 eos
752 2574 817 2621 qui
846 2582 882 2611 et
910 2574 1238 2613 circumcisionem
1258 2585 1295 2614 et
1314 2577 1382 2614 ba-

322 2623 505 2672 ptismum
533 2633 779 2663 venerantur:
813 2628 876 2664 vel
909 2627 1094 2675 significat
1122 2641 1188 2666 eos
1221 2630 1286 2678 qui
1314 2642 1383 2678 per

323 2678 686 2725 contemplationem
709 2680 842 2716 volare
870 2681 1016 2727 volunt,
1037 2688 1074 2717 et
1100 2688 1229 2719 tamen
1246 2683 1384 2720 vivunt

324 2729 361 2767 in
389 2730 496 2778 aquis
515 2730 768 2779 voluptatum.
789 2732 979 2781 Accipiter
1002 2745 1108 2779 vero,
1129 2735 1193 2783 qui
1218 2735 1383 2773 deservit

323 2782 543 2819 hominibus
575 2783 625 2820 ad
652 2784 850 2832 praedam,
871 2786 1150 2833 significatveos
1178 2788 1243 2837 qui
1271 2788 1382 2826 mini—

324 2842 440 2871 strant
458 2835 676 2883 potentibus
692 2837 740 2873 ad
761 2837 1074 2886 depraedandum
1088 2852 1288 2889 pauperes.
1308 2843 1383 2879 Per

323 2887 533 2934 bubonem,
563 2888 627 2936 qui
655 2888 693 2925 in
720 2898 832 2927 nocte
859 2890 1043 2939 pastum*
1070 2894 1226 2941 quaerit,
1253 2894 1300 2931 de
1322 2895 1382 2932 die

325 2947 453 2977 autem
472 2941 572 2987 latet,
602 2941 858 2988 significantur
882 2944 1074 2992 luxuriosi,
1103 2947 1167 2995 qui
1201 2948 1382 2984 occultari

324 3000 512 3040 quaerunt
533 2993 571 3030 in
590 2995 783 3032 nocturnis
803 2997 982 3045 operibus
1002 3010 1101 3046 quae
1130 3007 1256 3047 agunt.
1278 3001 1382 3038 Mer-

323 3046 432 3093 gulus
455 3053 597 3093 autem,
619 3047 725 3084 cuius
753 3056 888 3086 natura
916 3057 972 3087 est
993 3059 1035 3087 ut
1057 3052 1128 3088 sub
1156 3053 1269 3089 undis
1300 3053 1380 3090 diu·

322 3099 395 3136 tius
423 3098 649 3136 immoretur
667 3106 692 3147 ⁰,
712 3100 896 3148 significat
922 3104 1087 3151 gulosos,
1108 3104 1172 3153 qui
1191 3106 1298 3154 aquis
1317 3106 1381 3143 de-

322 3152 494 3189 liciarum
514 3164 553 3189 se
568 3152 808 3201 immergunt.
830 3154 904 3192 Ibis
918 3167 1012 3193 vero
1028 3156 1108 3193 avis
1123 3165 1178 3194 est
1195 3157 1234 3195 in
1253 3159 1382 3196 Africa

373 3303 401 3336 λ)
422 3304 531 3328 diceres.
549 3317 566 3322 -
585 3304 674 3328 dicens
694 3304 887 3334 ABCEGHKL,
907 3305 977 3331 dices
996 3306 1013 3331 1.

375 3339 403 3374 μ.)
422 3339 596 3371 spiritualem.
615 3353 632 3357 —
651 3339 831 3371 spiritualium
850 3341 1096 3366 ABCDEGHIKLa.

374 3374 398 3407 ν)
417 3381 525 3407 genera.
543 3388 561 3393 -
579 3375 667 3399 auium
688 3375 785 3399 addunt
803 3375 912 3400 codices.

375 3408 398 3441 ξ)
414 3412 531 3442 pastum.
550 3423 568 3428 —
587 3410 684 3434 victum
698 3410 743 3434 Pa.
757 3423 776 3429 -
788 3410 838 3435 Pro
853 3411 879 3435 in
895 3412 1039 3440 nocturnis,
1060 3412 1086 3437 in
1106 3413 1225 3439 noctibus
1237 3413 1266 3443 F.
1280 3414 1305 3439 in
1320 3422 1383 3440 cun-

321 3445 370 3470 ctis
388 3445 426 3469 sH
446 3445 470 3469 in
490 3450 555 3477 spat.
575 3453 638 3475 vac„
659 3446 685 3469 in
707 3446 790 3470 noctis
810 3446 895 3476 ceteri,
915 3448 1052 3472 nocturnis
1072 3448 1101 3473 Ρ.

375 3480 401 3512 ο)
421 3481 586 3505 immoretur.
603 3494 621 3499 —
639 3481 811 3505 submoratur
835 3481 870 3512 E,
894 3482 1062 3508 submoretur
1084 3484 1113 3509 F.
1131 3497 1149 3502 —
1169 3484 1218 3508 Pro
1243 3485 1331 3516 aquis,
1357 3485 1382 3509 in

321 3515 397 3546 aquis
417 3515 463 3541 Pa.

375 3550 404 3582 π)
423 3551 595 3582 serpentibus.
614 3566 631 3569 —
652 3558 689 3575 ex
707 3552 872 3583 serpentibus
891 3553 992 3577 codices
1012 3559 1036 3578 et
1054 3561 1079 3579 a.

465 3603 573 3628 Sumus
592 3604 693 3629 Tur-201..
714 3605 744 3629 1).
759 3605 872 3630 Tirotmr:
892 3605 922 3630 Τ.
946 3606 987 3630 IV.

2429 186 2502 221 249

1442 252 1589 288 habens
1614 253 1769 299 longum
1799 258 1978 298 rostrum,
2009 263 2107 300 quae
2137 251 2374 300 serpentibus
2393 258 2411 273 ⁷³
2438 265 2504 301 pa-

1443 305 1566 351 scitur,
1598 312 1635 341 et
1663 305 1756 341 forte
1786 312 1841 341 est
1870 304 1973 341 idem
2002 304 2107 353 quod
2136 304 2302 341 ciconia:
2332 312 2368 341 et
2396 306 2504 353 signi-

1443 357 1531 393 ficat
1557 357 1724 403 invidos,
1749 357 1813 406 qui
1834 357 1881 394 de
1901 357 2011 394 malis
2039 357 2212 404 aliorum,
2233 357 2340 406 quasi
2361 358 2407 394 de
2428 371 2504 394 ser-

1441 409 1639 457 pentibus,
1668 410 1897 447 reficiuntur.
1929 411 2084 458 Cygnus
2121 418 2250 447 autem
2282 418 2337 447 est
2369 411 2504 447 coloris

1443 462 1604 508 candidi,
1637 470 1674 499 et
1700 463 1815 510 longo
1836 464 1933 500 collo
1963 463 2069 511 quod
2093 464 2208 500 habet
2227 468 2253 510 Ρ,
2275 475 2320 500 ex
2350 464 2504 512 profun-

1443 514 1556 550 ditate
1589 523 1709 551 terrae
1742 517 1804 552 vel
1838 528 1961 564 aquae
1995 516 2123 553 cibum
2153 516 2283 553 trahit:
2316 524 2352 553 et
2379 524 2504 564 potest

1442 566 1654 613 significare
1682 568 1859 605 homines
1897 569 1962 617 qui
1988 581 2057 618 per
2086 569 2311 606 exteriorem
2344 569 2503 606 iustitiae

1443 620 1650 656 candorem
1692 621 1796 656 lucra
1837 629 1986 658 terrena
2022 629 2218 671 quaerunt.
2249 622 2504 659 Onocrotalus

1442 679 1571 708 autem
1597 672 1678 708 avis
1708 681 1763 709 est
1790 673 1828 710 in
1847 674 2015 722 partibus
2043 675 2206 721 orientis,
2228 675 2341 723 longo
2368 682 2502 716 rostro,

1443 736 1540 772 quae
1559 724 1598 760 in
1618 725 1788 761 faucibus
1807 727 1924 763 habet
1943 727 2131 776 quosdam
2152 727 2347 775 folliculos,
2364 728 2401 765 in
2421 728 2504 776 qui-

1442 777 1513 813 bus
1532 777 1658 825 primo
1680 777 1808 814 cibum
1837 780 1997 827 reponit,
2020 789 2055 817 et
2082 789 2169 829 post
2187 782 2323 817 horam
2353 781 2390 818 in
2410 793 2502 818 ven-

1441 837 1538 866 trem
1558 830 1691 866 mittit:
1721 838 1757 867 et
1776 830 1962 878 significat
1987 845 2135 881 avaros,
2158 834 2222 882 qui
2251 834 2503 871 immoderata

1442 882 1690 919 sollieitudine
1709 883 1810 920 vitae
1835 885 2048 922 necessaria
2069 894 2310 934 congregant.
2332 887 2503 935 Porphy-

1443 935 1499 972 rio
1529 943 1668 982 autem,
1685 945 1835 984 praeter
1863 938 2024 974 modum
2045 939 2203 975 aliarum
2229 939 2371 986 avium,
2388 940 2503 976 habet

1442 1000 1561 1024 unum
1589 989 1728 1036 pedem
1756 989 1876 1026 latum
1902 991 1951 1027 ad
1980 992 2201 1038 natandum,
2223 992 2338 1028 alium
2366 993 2501 1029 fissum

1443 1042 1491 1078 ad
1514 1041 1808 1088 ambulandum,
1838 1043 1925 1091 quia
1947 1051 1982 1080 et
2002 1044 2039 1080 in
2060 1056 2159 1093 aqua
2179 1052 2282 1080 natat
2299 1053 2341 1081 ut
2361 1053 2501 1091 anates,

1443 1101 1479 1130 et
1498 1093 1536 1130 in
1564 1102 1661 1130 terra
1681 1095 1852 1131 ambulat
1870 1104 1911 1132 ut
1930 1097 2121 1145 perdices:
2142 1098 2225 1133 solo
2246 1109 2377 1134 morsu
2397 1098 2502 1144 bibit,

1442 1159 1599 1184 omnem
1629 1147 1755 1184 cibum
1777 1160 1876 1195 aqua
1904 1149 2069 1197 tingens:
2092 1157 2128 1186 et
2147 1150 2332 1197 significat
2352 1163 2418 1187 eos
2438 1151 2502 1198 qui

1442 1199 1533 1236 nihil
1561 1200 1609 1236 ad
1638 1201 1788 1237 alterius
1817 1201 2012 1238 arbitrium
2037 1203 2162 1239 facere
2190 1204 2335 1250 volunt,
2357 1204 2424 1240 sed
2443 1216 2501 1240 so-

1442 1253 1520 1289 lum
1541 1253 1644 1301 quod
1666 1253 1776 1290 fuerit
1795 1254 1951 1291 tinctum
1971 1267 2070 1303 aqua
2089 1256 2265 1304 propriae
2285 1257 2500 1293 voluntatis.

1442 1307 1515 1342 Per
1529 1306 1846 1355 herodionen-qui
1861 1308 2064 1356 vulgariter
2083 1309 2180 1346 falco
2201 1309 2345 1356 dicitur,
2363 1309 2504 1357 signifi-

1443 1366 1574 1395 cantur
1592 1359 1640 1396 illi
1657 1372 1821 1408 quorum
1836 1362 1951 1408 pedes
1969 1368 2057 1398 sunt
2072 1362 2215 1399 veloces
2235 1362 2286 1398 ad
2311 1362 2503 1412 effunden-

1442 1465 1523 1501 avis
1552 1466 1718 1512 garrula,
1749 1465 1934 1513 signifieat
1965 1468 2158 1514 loquaces.
2180 1469 2319 1516 Upupa
2353 1475 2500 1516 autem,

1441 1530 1539 1565 quae
1577 1518 1744 1555 nidificat
1780 1519 1818 1555 in
1857 1520 2085 1556 stercoribus
2118 1528 2154 1556 et
2182 1521 2310 1557 fetenti
2338 1522 2503 1569 pascitur

1441 1571 1546 1617 fimo,
1568 1578 1605 1607 et
1631 1571 1814 1618 gemitum
1846 1572 1884 1608 in
1913 1580 2025 1609 cantu
2053 1573 2216 1620 simulat,
2238 1573 2423 1621 significat
2441 1575 2502 1611 tri-

1441 1623 1577 1660 stitiam
1597 1624 1748 1671 saeculi,
1765 1637 1862 1673 quae
1884 1625 1922 1662 in
1936 1626 2156 1663 hominibus
2170 1626 2379 1664 immundis
2400 1639 2502 1664 mor-

1439 1683 1517 1712 tem
1528 1685 1717 1725 operatur.
1731 1678 1804 1714 Per
1813 1679 2122 1727 vespertilionem
2138 1687 2278 1727 autem,
2291 1692 2389 1728 quae
2405 1680 2502 1717 circa

1439 1737 1579 1766 terram
1593 1730 1738 1776 volitat,
1754 1730 2010 1778 significantur
2024 1732 2074 1768 illi
2089 1733 2166 1780 qui,
2184 1733 2365 1769 saeculari
2381 1733 2499 1770 scien-

1438 1782 1488 1819 tia
1514 1783 1683 1831 praediti,
1703 1784 1784 1820 sola
1803 1791 1951 1821 terrena
1980 1785 2141 1834 sapiunt.
2162 1806 2186 1813 -
2208 1786 2316 1822 Circa
2335 1787 2501 1823 volatilia

1439 1843 1567 1872 autem
1589 1843 1624 1872 et
1639 1842 1653 1857 τ
1672 1836 1951 1885 quadrupedia,
1972 1838 2033 1874 illa
2053 1839 2133 1875 sola
2158 1839 2420 1876 conceduntur
2448 1839 2502 1876 eis

1439 1901 1538 1936 quae
1567 1889 1778 1937 posteriora
1807 1902 1915 1927 crura
1943 1891 2085 1928 habent
2114 1891 2296 1939 longiora,
2321 1899 2363 1928 ut
2390 1893 2499 1929 salire

1438 1942 1592 1990 possint.
1615 1942 1700 1979 Alia
1727 1955 1832 1990 vero,
1856 1955 1955 1991 quae
1983 1952 2102 1981 terrae
2132 1944 2251 1992 magis
2280 1944 2501 1992 adhaerent,

1438 1995 1706 2042 prohibentur:
1732 1996 1820 2043 quia
1840 1996 1890 2033 illi
1914 1997 1978 2046 qui
1999 1998 2205 2034 abutuntur
2221 1998 2391 2034 doctrina
2410 2011 2502 2046 qua-

1439 2056 1525 2084 tuor
1544 2048 1875 2096 Evangelistarum
1891 2055 1920 2095 υ,
1941 2057 1983 2086 ut
2000 2062 2070 2098 per
2094 2063 2180 2087 eam
2209 2051 2247 2087 in
2275 2051 2393 2087 altum
2421 2064 2500 2088 non

1438 2102 1702 2148 subleventur,
1732 2101 1920 2139 immundi
1949 2110 2181 2152 reputantur.
2203 2124 2226 2131 -
2249 2105 2288 2140 In
2319 2104 2501 2152 sanguine

1437 2166 1529 2190 vero
1556 2162 1591 2190 et
1611 2154 1721 2202 adipe
1746 2162 1782 2191 et
1802 2167 1936 2202 nervo,
1957 2156 2170 2204 intelligitur
2197 2157 2390 2205 prohiberi
2419 2170 2501 2194 cru-

1438 2207 1585 2254 delitas,
1614 2214 1649 2243 et
1676 2208 1866 2256 voluptas,
1897 2215 1934 2244 et
1962 2209 2141 2246 fortitudo
2171 2210 2219 2246 ad
2247 2210 2500 2258 peccandum.

1489 2262 1548 2296 An
1581 2272 1772 2297 SECUNDUM
1807 2273 1994 2299 DICENDUM
2031 2263 2136 2310 quod
2172 2275 2258 2299 esus
2285 2264 2500 2312 plantarum

1437 2320 1472 2349 et
1500 2312 1662 2349 aliorum
1690 2321 1811 2350 terrae
1845 2315 2082 2352 nascentium
2116 2315 2234 2352 adfuit
2258 2321 2274 2344 φ
2302 2316 2405 2365 apud
2431 2317 2500 2353 ho-

1437 2365 1559 2402 mines
1594 2366 1707 2403 etiam
1743 2374 1830 2403 ante
1869 2367 2054 2405 diluvium
2067 2381 2096 2406 ι·
2111 2369 2177 2405 sed
2213 2381 2298 2405 esus
2333 2369 2500 2406 carnium

1435 2418 1586 2455 videtur
1620 2432 1702 2456 esse
1736 2428 1822 2468 post
1859 2420 2045 2458 diluvium
2080 2421 2331 2467 introductus;
2367 2422 2501 2459 dicitur

1438 2472 1538 2508 enim
1572 2473 1664 2509 Gen.
1686 2484 1721 2509 ix
1739 2472 1777 2509 *ε
1811 2473 1929 2515 Quasi
1959 2474 2064 2511 olera
2095 2475 2254 2512 virentia
2290 2476 2375 2511 dedi
2395 2476 2499 2512 vohis

1436 2537 1586 2562 omnem
1621 2537 1786 2562 carnem.
1817 2526 1866 2563 Et
1893 2527 1968 2563 hoc
1996 2527 2101 2575 ideo,
2131 2528 2220 2575 quia
2259 2540 2345 2564 esus
2378 2536 2499 2565 terrae

1436 2578 1675 2615 nascentium
1693 2579 1813 2626 magis
1840 2579 2003 2628 pertinet
2030 2581 2080 2617 ad
2101 2581 2294 2629 quandam
2324 2581 2498 2629 simplici-

1436 2638 1552 2667 tatem
1581 2631 1703 2677 vitae;
1734 2643 1821 2669 esus
1839 2638 1857 2661 χ
1885 2640 2014 2670 autem
2044 2633 2213 2670 carnium
2235 2634 2282 2670 ad
2311 2634 2498 2681 quasdam

1438 2683 1589 2720 delicias
1606 2691 1642 2721 et
1657 2684 1910 2722 curiositatem
1925 2686 2094 2723 vivendi.
2119 2687 2264 2735 Sponte
2280 2687 2381 2723 enim
2401 2695 2499 2723 terra

1436 2738 1596 2774 herbam
1625 2738 1823 2785 germinat,
1843 2740 1907 2775 vel
1937 2751 2025 2776 cum
2046 2740 2198 2776 modico
2228 2740 2350 2776 studio
2370 2740 2499 2776 huius—

1436 2790 1542 2826 modi
1569 2797 1691 2827 terrae
1711 2791 1904 2828 nascentia
1932 2792 1970 2828 in
2000 2804 2138 2840 magna
2159 2792 2268 2840 copia
2291 2805 2499 2840 procuran-

1416 2850 1512 2879 ttur:
1541 2850 1690 2891 oportet
1719 2851 1848 2881 autem
1877 2857 1965 2882 curn
1995 2857 2134 2893 magno
2168 2844 2291 2882 studio
2321 2845 2500 2882 animalia

1436 2896 1499 2932 vel
1519 2896 1670 2943 nutrir'e,
1690 2897 1752 2933 vel
1773 2897 1886 2934 etiam
1908 2910 2054 2946 capere.
2086 2899 2134 2934 Et
2157 2898 2243 2934 ideo
2263 2898 2399 2935 volens
2419 2900 2497 2935 Do-

1437 2949 1563 2985 minus
1591 2950 1780 2998 populum
1809 2962 1923 2988 suum
1944 2951 2124 2988 reducere
2154 2952 2201 2988 ad
2231 2951 2500 3000 simpliciorem

1436 3001 1593 3048 victum,
1615 3003 1734 3039 multa
1754 3003 1792 3039 in
1811 3015 1950 3051 genere
1975 3003 2197 3040 animalium
2219 3004 2271 3040 eis
2295 3004 2500 3053 prohibuit,

1438 3067 1516 3091 non
1532 3063 1660 3092 autem
1675 3055 1714 3092 in
1728 3067 1866 3103 genere
1880 3064 2002 3093 terrae
2018 3056 2265 3093 nascentium.
2275 3057 2371 3094 -Vel
2388 3058 2500 3094 etiam

1438 3107 1527 3156 quia
1561 3108 1736 3144 animalia
1773 3108 2069 3146 immolabantur
2098 3109 2229 3157 idolis,
2259 3122 2337 3147 non
2371 3118 2500 3147 autem

1437 3167 1558 3196 terrae
1587 3161 1790 3197 nascentia.

1491 3311 1515 3343 ρ)
1535 3311 1615 3343 longo
1634 3311 1700 3335 collo
1719 3311 1791 3342 quod
1809 3311 1895 3336 habet.
1914 3325 1932 3330 -
1950 3311 2025 3344 longi
2040 3312 2100 3337 colli
2114 3313 2185 3344 quod
2198 3313 2275 3338 habet
2288 3314 2334 3346 qui
2348 3314 2376 3344 F,
2391 3315 2500 3348 longum

1436 3346 1531 3370 collum
1551 3345 1628 3370 habet
1646 3346 1692 3377 qui
1711 3345 1757 3371 Pa.

1491 3381 1516 3412 rs)
1539 3381 1713 3405 Charadrius.
1726 3395 1744 3399 -
1757 3381 1809 3406 Per
1826 3382 1995 3407 Charadrion
2013 3383 2056 3411 sB,
2072 3383 2240 3409 Guaradrion
2256 3384 2293 3409 Pa
2307 3390 2333 3409 et
2347 3386 2422 3409 ceteri
2428 3394 2435 3415 ;
2455 3393 2501 3417 pro

1437 3416 1579 3448 significat,
1599 3416 1708 3448 signant
1726 3417 1758 3445 Κ,
1777 3417 1964 3450 significantur
1982 3418 2067 3443 ceteri.

1491 3451 1515 3481 τ)
1535 3454 1623 3475 autem
1643 3454 1677 3476 et.
1695 3466 1713 3469 —
1731 3455 1819 3476 autem
1840 3452 1868 3483 F,
1888 3456 1914 3478 et
1932 3453 1971 3482 CI,
1990 3453 2070 3478 etiam
2090 3455 2175 3484 ceteri,
2194 3458 2283 3479 autem
2302 3456 2381 3480 etiam
2402 3456 2443 3480 ed.
2457 3463 2482 3479 a.

1491 3487 1516 3517 υ)
1537 3486 1780 3519 Euangelistarum.
1799 3501 1817 3506 -
1838 3487 2043 3521 Evangeliorum
2063 3489 2264 3515 ABCDEFGIL.

1491 3522 1518 3554 φ)
1538 3522 1634 3555 adsuit.
1652 3535 1670 3540 —
1683 3522 1740 3555 suit
1760 3523 1804 3547 Pa.

1491 3557 1518 3591 γ’)
1539 3564 1607 3583 esus.
1627 3571 1645 3576 -
1664 3565 1726 3582 usus
1745 3559 1853 3583 codices.

2566 1422 2650 1443 Psalm.
2685 1429 2698 1443 x

1441 1412 1530 1448 dum
1557 1413 1783 1461 sanguinem
1802 1413 1833 1449 *.
1865 1414 2095 1451 Charadrius
2115 1421 2131 1436 ⁶
2160 1423 2300 1462 autem,
2323 1427 2423 1462 quae
2448 1424 2504 1453 est
2530 1423 2557 1469 {e
2571 1455 2581 1469 ⁵
2604 1455 2615 1476 3

2528 2484 2535 2490 ¹
2552 2483 2618 2504 Vers.
2632 2490 2652 2512 3.
