2840 4010
53 697 114 745 {roccis
121 702 160 724 qu.
171 701 217 723 cix,
227 695 264 717 In—

62 1510 155 1539 ‘'V-n.
167 1516 200 1538 ¹7-

71 2465 81 2476 *
93 2464 162 2488 Vm.
177 2471 208 2488 ιι.

71 3279 256 3308 ’larem-ndi,
263 3285 283 3301 2.

985 178 1249 225 QUAESTIO
1279 152 1399 225 exn,
1429 177 1722 214 ART1cuLus
1753 178 1766 213 1

2385 175 2458 212 323

669 358 1086 435 ‚QUAESTIO
1126 356 2080 412 CENTESIMADUODECIMA

994 476 1086 516 DE
1135 475 1378 515 CAUSA
1429 476 1761 517 GRATIAE

1081 589 1114 613 ΙΝ
1144 588 1302 619 QUINQUE
1331 589 1530 615 ARTlCULOS
1559 591 1672 615 DlVlSA
2089 582 2099 618 Ἴ

377 697 484 723 ΕιΝυΕ
513 683 832 722 considerandum
852 689 907 718 est
931 682 978 718 de
999 694 1112 718 causa
1135 681 1273 729 gratiae
1292 680 1323 718 ²³⁶.

296 697 373 780 D
431 739 479 781 Et
507 737 604 774 circa
632 737 706 775 hoc
734 742 966 784 quaeruntur
994 734 1171 783 quinque.

348 791 496 828 Primo:
526 798 652 826 utrum
686 789 790 825 solus
823 789 928 825 Deus
965 788 1010 824 sit
1043 799 1156 824 causa
1184 786 1351 823 efficiens

400 843 550 891 gratiae.
760 838 762 840 ’

350 896 549 933 Secundo:
571 901 696 930 utrum
716 893 925 942 requiratur
944 893 1069 942 aliqua
1090 891 1283 940 dispositio
1304 891 1352 927 ad

402 946 558 996 gratiam
575 958 619 983 ex
637 954 743 995 parte
764 946 974 995 recipientis
993 945 1127 994 ipsam,
1143 956 1212 993 per
1225 952 1352 980 actum

402 1000 509 1038 liberi
536 999 686 1036 arbitrii.

1461 683 1612 719 Tertio:
1642 691 1770 720 utrum
1801 684 1882 720 talis
1916 683 2109 732 dispositio
2143 684 2262 732 possit
2289 687 2370 721 esse
2398 696 2463 721 ne-

1512 745 1662 781 cessitas
1691 745 1737 781 ad
1767 745 1936 792 gratiam.

1461 806 1626 852 Quarto:
1665 814 1790 843 utrum
1834 808 1949 855 gratia
1984 808 2029 844 sit
2066 808 2230 855 aequalis
2268 809 2303 845 in
2342 810 2464 846 omni-

1512 870 1594 907 bus.

1461 934 1625 980 Quinto:
1655 942 1783 971 utrum
1823 935 1956 983 aliquis
1992 936 2109 983 possit
2137 936 2229 972 scire
2259 949 2296 973 se
2325 938 2465 975 habere

1515 997 1684 1043 gratiam.

1108 1102 1423 1147 ARTICULUS
1455 1104 1659 1146 PRIMUS

922 1200 1076 1231 UTRUM
1100 1198 1234 1230 soLus
1257 1197 1368 1228 Deus
1392 1197 1458 1228 slT
1483 1197 1622 1228 CAUSA
1649 1198 1838 1229 GRATIAE

402 1282 471 1306 Part.
492 1281 531 1311 111,
550 1288 594 1313 qu.
614 1287 673 1310 uxr,
692 1285 738 1304 art.
761 1287 787 1310 1;
808 1287 853 1312 qu.
871 1286 936 1310 Lxxv,
956 1284 1002 1303 art.
1025 1286 1052 1309 ¹3
1075 1278 1186 1308 Isent„
1206 1277 1264 1302 dist.
1282 1284 1332 1305 xW,
1352 1282 1417 1309 part.
1436 1285 1456 1306 ι,
1476 1285 1519 1309 qu.
1539 1284 1579 1306 1113
1600 1277 1658 1302 dist.
1677 1286 1715 1306 xi,
1735 1285 1780 1310 qu.
1799 1286 1831 1308 ιν,
1852 1284 1898 1304 art.
1921 1286 1943 1309 2
1963 1279 1994 1303 ad
2015 1279 2042 1310 3;
2063 1281 2090 1309 11,
2110 1281 2169 1305 dist.
2187 1289 2252 1312 xxvx,
2272 1287 2317 1306 art.
2338 1289 2367 1312 2;

699 1315 740 1346 lv,
760 1315 817 1339 dist.
836 1322 860 1346 v,
879 1322 923 1346 qu.
947 1322 967 1343 x,
978 1319 1034 1339 art.
1055 1313 1077 1344 3,
1097 1313 1146 1346 qu⁸
1169 1320 1195 1344 ι,
1215 1312 1256 1337 De
1281 1312 1368 1341 Verit„
1389 1320 1433 1344 qu.
1453 1320 1528 1342 xxvu,
1548 1317 1594 1337 art.
1616 1312 1644 1342 3;
1662 1313 1706 1337 Ad
1724 1313 1809 1341 Rom„
1831 1322 1886 1346 cap.
1905 1322 1929 1343 ν,
1949 1314 2007 1340 lect.
2032 1323 2053 1339 1.

333 1418 394 1461 »ῥῆ’
414 1420 423 1447 ν,
436 1424 487 1465 ἦ(
513 1416 534 1442 o
555 1415 692 1441 Pmmum
720 1415 773 1440 sm
802 1414 1039 1440 PROCEDITUR.
1069 1402 1226 1440 Videtur
1253 1401 1356 1450 quod

329 1447 445 1514 ’ἱζῗΔ,
456 1462 590 1495 ‘anon
618 1457 721 1493 solus
749 1457 854 1493 Deus
878 1455 923 1492 sit
943 1468 1057 1492 causa
1075 1455 1226 1503 gratiae.
1256 1454 1356 1490 Dici-

320 1541 328 1558 4
368 1525 425 1553 v
450 1493 481 1547 f
513 1516 572 1546 tur
609 1509 710 1546 enim
743 1508 949 1545 Ioan.1*:
992 1508 1124 1554 Gratia
1155 1513 1191 1544 et
1222 1508 1360 1544 veritas

309 1557 337 1583 ”
358 1538 503 1594 fiis-fist<
522 1574 580 1598 er
606 1563 732 1599 Iesum
766 1562 953 1598 Christum
976 1562 1088 1610 sacta
1116 1566 1179 1598 est.
1213 1559 1290 1597 Sed
1319 1560 1356 1596 in

302 1614 458 1654 nornine
487 1615 574 1651 Iesu
594 1614 732 1652 Christi
750 1614 965 1665 intelligitur
984 1626 1062 1651 non
1082 1613 1205 1651 solum
1226 1621 1359 1650 natura

304 1668 432 1707 divina
469 1679 688 1714 assumens,
728 1668 794 1704 sed
833 1667 946 1703 etiam
984 1674 1116 1704 natura
1148 1673 1271 1703 creata
1304 1678 1362 1702 as-

303 1729 466 1769 sumpta.
501 1721 604 1768 Ergo
638 1720 763 1768 aliqua
792 1727 961 1757 creatura
989 1726 1113 1768 potest
1140 1731 1221 1756 esse
1249 1731 1363 1755 causa

303 1773 454 1824 gratiae.
1093 1797 1099 1806 .·

360 1838 394 1864 2.
416 1827 649 1873 Pmmnam,
674 1825 743 1862 ista
772 1824 981 1862 differentia
1008 1825 1162 1873 ponitur
1188 1824 1283 1861 inter
1303 1836 1361 1861 sa-

307 1886 500 1917 cramenta
519 1891 644 1916 novae
667 1878 759 1926 legis
779 1885 815 1915 et
832 1877 982 1924 veteris,
1004 1878 1108 1926 quod
1128 1885 1363 1914 sacramenta

306 1944 432 1971 novae
461 1932 552 1980 legis
588 1939 743 1968 causant
775 1931 954 1979 gratiam,
983 1942 1100 1978 quam
1129 1938 1365 1967 sacramenta

306 1985 446 2023 veteris
481 1985 571 2032 legis
605 1985 730 2021 solum
765 1983 988 2032 significant.
1028 1983 1104 2020 Sed
1132 1991 1367 2020 sacramenta

309 2050 434 2076 novae
449 2038 540 2085 legis
560 2044 647 2074 sunt
663 2037 852 2085 quaedam
869 2036 1029 2073 visibilia
1046 2037 1243 2073 elementa.
1265 2037 1365 2084 Ergo

309 2104 388 2129 non
416 2092 520 2127 solus
548 2092 652 2127 Deus
682 2097 737 2127 est
765 2102 878 2127 causa
906 2089 1058 2138 gratiae.

365 2146 399 2182 3.
429 2144 668 2190 Puni-sm,
692 2143 903 2180 secundum
932 2141 1175 2190 Dionysium,
1204 2141 1242 2178 in
1270 2141 1365 2178 libro

184 2213 191 2225 ²
224 2213 230 2224 ¹
276 2214 282 2222 .
315 2198 415 2235 Cael.
435 2197 546 2234 Ηίεν.
562 2196 593 2244 *,
614 2196 736 2244 angeli
759 2202 920 2244 purgant
940 2202 976 2232 et
1002 2194 1213 2232 illuminant
1231 2202 1268 2231 et
1285 2207 1370 2244 per-

310 2250 442 2287 ficiunt
475 2258 510 2286 et
546 2249 700 2297 angelos
732 2249 926 2286 inferiores
965 2255 1001 2284 et
1037 2247 1149 2284 etiarn
1181 2248 1368 2285 homines.

312 2303 388 2341 Sed
422 2302 615 2340 rationalis
645 2309 815 2338 creatura
847 2308 1047 2350 purgatur,
1076 2300 1305 2338 illuminatur
1334 2308 1370 2337 et

309 2356 504 2406 perficitur
530 2367 599 2404 per
625 2355 794 2402 gratiam.
824 2355 926 2402 Ergo
955 2366 1033 2390 non
1061 2354 1164 2390 solus
1189 2354 1294 2390 Deus
1316 2362 1370 2390 est

311 2421 426 2447 causa
453 2408 603 2457 gratiae.

364 2463 439 2500 SED
468 2472 613 2499 CONTRA
624 2468 706 2496 Ἒετ
734 2460 837 2508 quod
866 2460 903 2497 in
932 2459 1085 2496 Psalmo
1114 2470 1244 2496 Lxxxm
1263 2458 1283 2480 '¹‘
1312 2459 1367 2496 di-

311 2515 425 2552 citur:
459 2515 630 2552 Gratiam
659 2519 695 2549 et
719 2513 884 2563 gloriam
913 2513 1015 2549 dabit
1038 2511 1236 2549 Dominus.

363 2569 588 2605 Responnzo
608 2578 791 2603 DICENDUM
821 2565 925 2614 quod
954 2565 1054 2602 nulla
1082 2576 1141 2601 res
1169 2576 1279 2612 agere
1298 2577 1367 2613 po-

310 2629 381 2658 test
407 2621 504 2658 ultra
533 2631 642 2657 suam
671 2618 894 2667 speciem*:
924 2617 1012 2667 quia
1041 2628 1193 2666 semper
1219 2625 1370 2666 oportet

311 2674 415 2724 quod
445 2685 559 2710 causa
577 2671 704 2721 potior
722 2671 767 2708 sit
787 2671 934 2708 effectu.
964 2671 1122 2707 Donum
1142 2676 1268 2707 autern
1288 2682 1369 2718 gra-

309 2727 384 2763 tiae
413 2725 560 2762 excedit
587 2736 742 2761 omnem
772 2724 986 2760 facultatem
1015 2730 1168 2759 naturae
1197 2730 1364 2760 creatae:

311 2791 398 2816 cum
419 2778 508 2815 nihil
528 2778 628 2814 aliud
649 2777 694 2813 sit
713 2788 829 2824 quam
850 2776 1038 2824 quaedam
1057 2775 1292 2824 participatio
1314 2776 1368 2813 di—

310 2832 422 2869 vinae
450 2838 618 2876 naturae,
648 2841 746 2877 quae
777 2828 922 2866 excedit
950 2840 1106 2865 omnem
1126 2828 1238 2865 aliam
1259 2836 1365 2865 natu-

311 2896 405 2921 ram.
430 2885 479 2920 Et
498 2883 583 2921 ideo
604 2881 837 2931 impossibile
857 2889 912 2918 est
931 2881 1036 2929 quod
1056 2881 1180 2929 aliqua
1200 2889 1368 2918 creatura

1412 1402 1569 1449 gratiam
1590 1410 1718 1438 causet
1736 1402 1766 1438 *.
1799 1403 1861 1439 Sic
1881 1403 1982 1440 enim
2004 1409 2020 1424 ²
2040 1416 2193 1440 necesse
2215 1413 2268 1441 est
2287 1406 2391 1454 quod
2410 1419 2470 1443 so·
2497 1419 2505 1428 ²
2520 1418 2548 1439 n.
2563 1417 2616 1439 680.

1413 1455 1470 1490 lus
1491 1456 1596 1491 Deus
1621 1454 1786 1502 deificet,
1813 1456 2135 1493 communicando
2161 1458 2391 1495 consortium
2417 1459 2470 1495 di-
2592 1453 2608 1469 α

1412 1507 1524 1543 vinae
1553 1515 1712 1558 naturae
1739 1520 1806 1557 per
1834 1509 2026 1557 quandam
2052 1509 2301 1547 similitudinis
2324 1512 2470 1560 partici-

1414 1560 1619 1608 pationem,
1640 1561 1734 1597 sicut
1755 1561 1987 1610 impossibile
2005 1570 2059 1599 est
2073 1562 2177 1611 quod
2197 1563 2338 1610 aliquid
2357 1564 2472 1612 igniat

1416 1613 1484 1649 nisi
1513 1614 1614 1650 solus
1643 1613 1748 1662 ignis.

1469 1668 1527 1702 AD
1548 1678 1683 1703 PRlMUM
1699 1678 1796 1703 ERGO
1812 1678 1993 1704 DICENDUM
2011 1669 2115 1716 quod
2134 1668 2349 1706 humanitas
2366 1669 2471 1706 Chri-

1418 1718 1462 1755 sti
1483 1726 1539 1755 est
1564 1719 1660 1755 sicut
1685 1719 1872 1778 quoddam
1892 1732 2081 1769 organum
2101 1722 2299 1758 divinitatis
2317 1722 2413 1766 eius‚·
2431 1729 2473 1758 ut

1419 1773 1680 1808 Damascenus
1709 1772 1816 1818 dicit,
1845 1772 1883 1808 in
1913 1774 1960 1808 111
1991 1773 2086 1810 libro
2112 1773 2142 1810 *.
2178 1776 2471 1811 Instrumentum
2500 1785 2554 1806 'eo
2541 1785 2709 1812 eir-Fdeouu

1420 1832 1545 1861 autem
1576 1837 1653 1861 non
1682 1825 1755 1872 agit
1783 1825 1971 1862 actionem
1993 1826 2134 1873 agentis
2154 1826 2367 1875 principalis
2384 1840 2473 1876 pro·
2499 1811 2687 1865 'c'*f'.c¹a¹1¹p'-⁶iv¹¹¹
2701 1821 2712 1827 ”

1419 1877 1500 1925 pria
1531 1877 1688 1924 virtute,
1718 1877 1785 1914 sed
1817 1878 1953 1915 virtute
1984 1879 2200 1927 principalis
2233 1880 2388 1938 agentis.
2426 1880 2474 1916 Et

1421 1930 1506 1967 ideo
1535 1906 1751 1967 humanitas
1781 1930 1916 1967 Christi
1946 1943 2024 1968 non
2053 1939 2180 1968 causat
2207 1932 2363 1979 gratiam
2387 1945 2473 1981 pro-

1420 1983 1500 2032 pria
1519 1983 1668 2030 virtute,
1690 1983 1758 2020 sed
1776 1983 1912 2020 virtute
1933 1982 1947 2012 β
1976 1984 2178 2021 divinitatis
2197 1985 2408 2032 adiunctae,
2429 1998 2474 2022 ex
2600 1987 2614 2021 β

1422 2048 1496 2084 qua
1524 2037 1703 2072 actiones·
1720 2036 1960 2073 humanitatis
1989 2037 2126 2073 Christi
2150 2045 2235 2074 sunt
2254 2039 2446 2074 salutares.

1473 2091 1531 2126 AD
1551 2100 1740 2126 SECUNDUM
1759 2086 1942 2126 memnona
1966 2089 2087 2138 quod,
2117 2090 2210 2126 sicut
2228 2090 2266 2127 in
2285 2091 2365 2138 ipsa
2392 2103 2475 2139 per-

1423 2154 1516 2178 sona
1545 2142 1681 2178 Christi
1714 2141 1930 2179 humanitas
1963 2150 2091 2179 causat
2122 2143 2280 2179 salutern
2309 2151 2476 2180 nostram

1423 2207 1490 2243 per
1509 2194 1678 2242 gratiam,
1698 2194 1835 2231 virtute
1856 2195 1984 2231 divina
2003 2195 2257 2244 principaliter
2277 2204 2474 2244 operante;

1423 2248 1472 2284 ita
1500 2247 1613 2284 etiam
1642 2247 1680 2284 in
1708 2247 1951 2284 sacramentis
1979 2259 2104 2284 novae
2132 2248 2234 2296 legis,
2264 2261 2362 2297 quae
2383 2249 2476 2286 deri-

1422 2307 1559 2336 vantur
1578 2313 1600 2336 a
1619 2299 1782 2347 Christo,
1804 2307 1979 2337 causatur
2005 2301 2121 2348 gratia
2148 2301 2479 2338 instrumentaliter
2505 2298 2507 2301 ’

1423 2353 1578 2401 quidem
1598 2365 1666 2401 per
1685 2353 1766 2401 ipsa
1785 2361 2034 2400 sacramenta,
2055 2353 2122 2395 sed
2141 2353 2392 2402 principaliter
2410 2366 2478 2403 per

1423 2406 1599 2442 virtutem
1621 2405 1778 2454 Spiritus
1799 2406 1925 2442 Sancti
1945 2406 1984 2442 in
2004 2406 2248 2443 sacramentis
2269 2407 2475 2455 operantis;

1424 2458 1632 2495 secundum
1653 2458 1743 2495 illud
1764 2459 1867 2495 Ioan.
1880 2470 1914 2495 111
1934 2458 1970 2494 *ε
1990 2459 2080 2495 Nisi
2096 2459 2177 2506 quis
2196 2465 2346 2496 renatus
2355 2459 2479 2507 fuerit
2505 2475 2513 2483 -
2530 2473 2595 2494 vm.
2610 2479 2630 2500 5.

1423 2524 1472 2547 ex
1498 2523 1598 2559 aqua
1626 2517 1662 2547 et
1687 2511 1824 2559 Spiritu
1852 2512 2001 2556 Sancto,
2031 2519 2097 2548 etc.

1475 2565 1533 2600 AD
1557 2575 1716 2600 TERTmM
1743 2575 1926 2601 DlCENDUM
1955 2564 2058 2612 quod
2088 2564 2240 2611 angelus
2269 2571 2414 2611 purgat,
2435 2563 2475 2600 il-

1423 2616 1578 2653 luminat
1607 2623 1642 2652 et
1678 2616 1824 2664 perficit
1857 2617 2034 2664 angelum
2070 2618 2131 2653 vel
2160 2616 2375 2663 hominem,
2409 2628 2478 2665 per

1424 2670 1582 2706 modum
1611 2669 1864 2706 instructionis
1893 2669 2106 2706 cuiusdam:
2129 2681 2206 2705 non
2226 2676 2351 2705 autern
2376 2669 2477 2705 iusti-

1422 2722 1573 2759 ficando
1590 2734 1658 2770 per
1672 2722 1840 2769 gratiam.
1863 2722 1973 2759 Unde
1993 2722 2198 2770 Dionysius
2215 2721 2311 2767 dicit,
2328 2733 2374 2758 vu
2392 2734 2473 2770 cap.

1422 2776 1467 2811 de
1491 2775 1714 2811 Div.'N0m.
1735 2774 1765 2820 ³¹³,
1795 2774 1899 2822 quod
1927 2774 2145 2811 huiusmodi
2168 2774 2367 2823 purgatio,
2397 2774 2476 2810 illu·
2505 2786 2718 2814 'Cae1.11ier.,cnp.

1422 2827 1575 2864 minatio
1605 2833 1639 2863 et
1658 2828 1840 2875 perfectio
1869 2827 1960 2863 nihil
1987 2834 2039 2863 est
2065 2827 2168 2863 aliud
2194 2838 2306 2874 quam
2331 2826 2479 2863 divinae
2504 2819 2544 2835 *¹¹⁸

1421 2880 1594 2917 scientiae
1621 2880 1833 2928 assumptio.

365 2994 391 3024 α)
411 2993 489 3018 enim.
507 3006 525 3011 -
544 2999 609 3024 ergo
628 2991 679 3015 EF.

1478 2990 1502 3023 β)
1522 2991 1628 3014 virtute.
1647 3002 1665 3008 -
1683 2996 1720 3013 ex
1739 2989 1837 3013 virtute
1856 2989 2055 3018 ABCDFHIKL,
2075 2995 2111 3012 ex
2129 2988 2311 3013 coniunctione
2331 2988 2359 3012 E.

976 3058 1307 3092 Commenta-ia
1329 3059 1578 3093 Cardinalis
1599 3059 1799 3091 Caietam·

342 3153 361 3172 N
386 3141 516 3173 articulo
541 3141 644 3182 primo
672 3138 888 3180 quaestionis
892 3138 1287 3170 centesimaeduodecimae
1310 3140 1367 3170 du-

316 3155 432 3217 Ibium
456 3185 606 3221 occurrit,
631 3183 784 3225 quoniam
808 3183 840 3213 in
859 3180 963 3213 Prima
982 3182 1082 3218 Parte,
1099 3192 1152 3223 qu.
1168 3193 1244 3219 xxv,
1261 3190 1318 3215 art.
1338 3185 1366 3220 5,

313 3230 478 3261 definitum
492 3236 538 3260 est
557 3228 645 3270 quod
661 3227 748 3258 nulla
772 3234 912 3258 creatura
934 3233 1038 3267 potest
1057 3236 1158 3257 creare
1174 3226 1238 3257 sive
1254 3227 1368 3267 princi-

311 3274 424 3315 paliter
438 3274 502 3304 sive
518 3271 809 3303 instrumentaliter:
827 3281 912 3301 nunc
931 3277 1037 3301 autem
1057 3269 1197 3301 dicitur*
1212 3271 1300 3311 quod
1315 3271 1368 3307 ali-

312 3329 376 3360 qua
392 3328 440 3349 res
457 3324 556 3349 creata
569 3323 672 3357 potest
688 3314 964 3346 instrumentaliter
980 3324 1106 3345 causare
1117 3314 1264 3354 gratiam;
1281 3315 1370 3355 quod

313 3370 359 3394 est
382 3372 498 3398 creare,
523 3371 596 3392 cum
619 3359 718 3401 gratia
741 3369 807 3390 non
830 3359 981 3390 educatur
1005 3358 1042 3388 de
1066 3357 1206 3398 potentia
1229 3358 1368 3389 subiecti.

370 3407 421 3437 Ad
453 3407 514 3437 hoc
537 3405 650 3436 dicitur
682 3403 826 3444 negando
849 3403 938 3443 quod
959 3402 1057 3442 gratia
1086 3401 1211 3442 proprie
1240 3409 1368 3433 creetur.

313 3450 398 3488 Quia
421 3458 456 3482 ut
469 3451 502 3481 in
518 3450 622 3480 Prima
641 3449 740 3483 Parte,
761 3458 816 3488 qu.
832 3458 901 3483 ην,
926 3454 982 3477 art.
998 3456 1029 3486 4,
1050 3446 1169 3477 dictum
1190 3445 1258 3482 fuit,
1276 3446 1370 3476 creari

314 3501 360 3525 est
378 3495 504 3535 proprie
528 3492 782 3525 subsistentium:
806 3491 904 3532 gratia
920 3497 1036 3527 autem,
1053 3490 1125 3521 licet
1140 3500 1206 3520 non
1222 3489 1371 3520 educatur

1422 3141 1459 3169 de
1484 3139 1624 3179 potentia
1648 3138 1789 3172 subiecti,
1814 3137 1894 3167 sicut
1917 3147 1974 3167 nec
1990 3137 2094 3166 anima
2110 3137 2305 3172 intellectiva,
2323 3136 2424 3167 differt
2439 3137 2478 3167 ab

1424 3193 1460 3214 ea
1475 3183 1507 3213 in
1523 3183 1583 3212 hoc
1599 3181 1687 3222 quod
1710 3191 1776 3211 non
1796 3180 1936 3211 subsistit
1950 3181 2030 3211 sicut
2046 3181 2161 3211 anima.
2178 3181 2219 3210 Et
2233 3180 2316 3216 ideo,
2334 3187 2368 3210 ut
2382 3181 2480 3220 paulo

1423 3234 1494 3257 ante
1512 3226 1544 3256 in
1561 3235 1614 3265 qu.
1634 3235 1681 3261 cx,
1702 3233 1756 3255 art.
1776 3234 1804 3261 2,
1821 3225 1860 3254 ad
1881 3225 1907 3260 3,
1924 3224 2042 3255 dictum
2067 3232 2121 3260 est,
2146 3234 2212 3254 non
2236 3224 2361 3264 proprie
2379 3223 2423 3260 fit,
2449 3231 2480 3254 et

1425 3276 1652 3310 consequenter
1675 3279 1732 3299 nec
1749 3275 1884 3304 creatum
1909 3269 1963 3298 sed
1979 3268 2091 3299 dicitur
2107 3268 2212 3305 creari,
2229 3268 2303 3309 quia
2320 3278 2384 3298 non
2404 3268 2481 3298 edu-

1425 3314 1504 3344 citur
1521 3314 1558 3343 de
1574 3312 1715 3353 potentia
1734 3312 1875 3348 subiecti,
1888 3322 1944 3343 nec
1961 3313 2051 3342 datur
2063 3322 2099 3342 ex
2115 3312 2243 3343 meritis.
2257 3312 2385 3352 Proprie
2396 3312 2480 3342 enim

1425 3358 1523 3388 homo
1547 3356 1582 3387 fit
1604 3363 1709 3396 gratus
1733 3366 1770 3386 ex
1793 3356 1917 3397 aliquo,
1941 3356 2057 3387 scilicet
2080 3366 2116 3386 ex
2138 3356 2268 3386 homine
2292 3366 2358 3386 non
2381 3363 2480 3396 grato.

1425 3401 1511 3432 Cum
1534 3410 1608 3440 ergo
1627 3400 1740 3431 dicitur
1763 3400 1852 3441 quod
1868 3410 1924 3430 nec
1944 3398 2156 3440 principaliter
2179 3410 2236 3430 nec
2259 3400 2478 3430 instrumenta-

1426 3445 1494 3476 liter
1517 3451 1620 3485 potest
1644 3454 1691 3474 res
1715 3451 1815 3475 creata
1839 3454 1950 3480 creare,
1974 3444 2101 3484 proprie
2124 3444 2307 3484 intelligitur
2326 3444 2364 3474 de
2381 3453 2498 3475 creare,

1427 3489 1552 3529 proprie
1568 3495 1712 3529 sumpto;
1727 3495 1761 3519 ut
1777 3495 1861 3528 patet
1873 3487 1982 3519 diffuse
1998 3487 2031 3518 in
2046 3488 2072 3518 11
2088 3487 2209 3519 Contra
2224 3487 2326 3525 Gent.,
2340 3498 2407 3527 cap.
2420 3497 2480 3517 xxx.
