2840 4010
88 841 254 861 1111111111

86 1986 95 1995 '¹
142 1999 146 2004 .
158 1990 197 2011 qu.
207 1988 244 2009 xc,
255 1985 296 2003 art.

85 2018 113 2038 4:
131 2017 173 2057 Qu„
185 2015 235 2036 xcx,
254 2012 298 2030 art.

86 2043 102 2064 1,
119 2043 131 2058 n
163 2042 183 2058 2.

86 2065 96 2074 “
108 2063 155 2090 Qu.
166 2068 244 2089 xxxiv,
256 2065 297 2083 art.

86 2096 94 2111 ι

338 174 406 208 162

1018 171 1284 217 QUAESTIO
1314 171 1452 218 XCIII,
1481 170 1778 208 ARTICULUS
1808 172 1822 208 1

776 351 1183 429 QUAESTIO
1221 349 2065 435 NONAGESIMATERTIA

1075 470 1165 510 DE
1204 470 1385 510 LEGE
1427 470 1759 510 AETERNA

1163 581 1198 606 IN
1227 581 1292 606 SEX
1320 581 1522 606 ARTICULOS
1550 581 1670 606 DIVISA

249 687 534 768 ,In-'DEmDE
532 675 850 712 considerandum
868 682 923 712 est
941 675 987 712 de
1002 675 1154 723 singulis
1170 675 1315 723 legibus
1332 675 1386 711 ²²¹².
1412 673 1416 726 Ι

410 730 458 765 Et
480 741 618 777 pr1m0,
640 730 686 765 de
710 729 791 776 lege
816 735 989 774 aeterna3
1016 728 1207 774 secundo,
1234 729 1280 765 de
1306 729 1387 775 lege

326 782 484 818 naturali
503 781 537 827 *3
567 781 689 828 tertio,
720 782 766 818 de
787 782 869 828 lege
897 782 1064 818 humana
1083 781 1138 827 *²¹⁶3
1165 788 1314 828 quarto,
1340 781 1387 816 de

325 835 407 882 lege
435 834 554 871 veteri
573 810 782 882 *3q1iinto,
814 835 860 871 de
889 834 970 882 lege
999 846 1114 881 nova,
1137 845 1236 882 quae
1257 840 1312 869 est
1330 833 1390 868 lex

325 887 523 934 Evangelii
550 888 579 924 ²¹⁶.
609 889 668 924 De
698 894 802 923 sexta
829 894 959 923 autern
989 888 1090 934 lege,
1120 898 1217 934 quae
1248 892 1303 922 est
1330 886 1388 922 lex

325 940 486 988 fomitis,
516 940 678 976 sufficiat
710 940 814 988 quod
845 940 986 976 dictum
1017 947 1072 975 est
1105 951 1191 975 cum
1226 938 1273 975 de
1301 950 1389 987 pec-

228 1002 255 1017 ¹⁵
291 1011 297 1017 ·
326 1000 409 1030 cato
439 993 610 1040 originali
639 1000 811 1040 ageretur
825 993 855 1029 ²¹⁶.

326 1046 439 1085 Circa,
462 1046 629 1094 primum
659 1053 891 1094 quaeruntur
919 1056 995 1081 sex.

378 1099 530 1136 Primo:
560 1098 651 1146 quid
679 1098 725 1134 sit
752 1099 811 1134 lex
840 1105 1005 1134 aeterna.

1497 674 1696 710 Secundo:
1725 682 1852 711 utrum
1882 676 1928 712 sit
1955 676 2134 712 omnibus
2163 683 2264 712 nota.

1496 733 1648 769 Tertio:
1678 740 1806 770 utrum
1835 734 1960 771 omnis
1988 735 2046 772 lex
2075 735 2122 771 ab
2153 747 2197 771 ea
2227 734 2428 772 derivetur.

1497 793 1664 839 Quarto:
1694 800 1822 829 utrum
1851 794 2063 831 necessaria
2091 794 2336 831 subiiciantur
2353 794 2427 843 legi
2445 807 2509 833 ae-

1549 859 1689 888 ternae.

1497 910 1661 959 Quinto:
1683 918 1811 947 utrum
1832 911 2086 959 contingentia
2104 913 2287 950 naturalia
2307 913 2505 951 subiician-

1549 978 1610 1006 tur
1637 970 1709 1018 legi
1737 977 1925 1008 aeternae.

1498 1031 1634 1067 Sexto:
1669 1037 1796 1066 utrum
1836 1041 1972 1067 omnes
2004 1042 2065 1067 res
2101 1031 2293 1068 humanae
2326 1032 2361 1068 ei
2392 1032 2506 1069 subii-
2531 1036 2539 1041 ‘

1551 1096 1707 1126 ciantur.
2028 1098 2029 1105 ¹

1136 1195 1453 1238 ARTICULUS
1484 1196 1690 1238 PRIMUS

750 1291 906 1323 UTRUM
930 1290 1014 1321 LEX
1037 1289 1244 1320 AETERNA
1266 1288 1333 1319 SIT
1356 1289 1508 1320 SUMMA
1532 1290 1666 1320 RATIO
1691 1290 1734 1320 IN
1757 1290 1847 1321 DEo
1870 1289 2077 1322 EXISTENS

1248 1367 1340 1400 Supra,
1358 1375 1403 1400 qu.
1422 1375 1473 1399 και,
1491 1373 1540 1393 art.
1561 1376 1583 1393 1.

535 1467 558 1491 D
583 1465 719 1491 PR1MUM
747 1466 801 1491 sm
827 1465 1066 1490 PROCEDlTUR.
1096 1452 1254 1489 Videtur
1282 1451 1387 1499 quod

507 1509 595 1550 lex
615 1514 767 1544 aeterna
795 1519 873 1544 non
893 1506 939 1543 sit
958 1506 1051 1543 ratio
1072 1517 1224 1542 summa
1243 1505 1283 1541 in
1302 1506 1387 1542 Deo

323 1666 414 1704 vina
442 1673 528 1702 sunt
554 1667 699 1715 plures:
730 1665 818 1702 dicit
847 1665 951 1702 enim
969 1664 1214 1712 Augustinus,
1235 1665 1273 1701 in
1293 1663 1388 1701 libro

329 1719 527 1768 Octoginta
564 1719 679 1755 trium
720 1719 869 1760 Quaest.
890 1718 929 1764 ²¹⁶,
960 1718 1064 1767 quod
1100 1719 1206 1754 Deus
1237 1717 1389 1766 singula

312 1772 412 1820 fecit
438 1772 604 1820 propriis
637 1772 854 1808 rationibus.
892 1772 994 1819 Ergo
1027 1771 1086 1807 lex
1123 1778 1277 1807 aeterna
1311 1782 1390 1806 non

323 1825 475 1862 videtur
508 1836 590 1861 esse
626 1825 729 1862 idem
767 1824 873 1872 quod
906 1824 1000 1861 ratio
1036 1824 1075 1860 in
1107 1831 1234 1860 mente
1264 1822 1391 1860 divina

326 1877 500 1915 existens.

380 1942 415 1967 2.
437 1931 670 1977 PRAETEREA,
701 1930 747 1967 de
777 1930 920 1966 ratione
949 1929 1041 1977 legis
1069 1936 1126 1966 est
1144 1930 1250 1977 quod
1269 1929 1389 1966 verbo

325 1984 596 2032 promulgetur,
617 1991 658 2020 ut
677 1995 791 2032 supra
810 1982 830 2004 '¹‘
858 1983 999 2020 dictum
1025 1989 1090 2019 est.
1121 1982 1199 2019 Sed
1218 1982 1390 2019 Verbum

326 2037 364 2073 in
394 2036 531 2074 divinis
560 2036 693 2074 dicitur
720 2035 980 2085 personaliter,
1009 2042 1051 2072 ut
1074 2035 1112 2071 in
1131 2035 1259 2072 Primo
1278 2034 1298 2057 ’¹⁶
1325 2035 1391 2072 ha-

326 2089 447 2127 bitum
472 2097 544 2126 est:
574 2089 669 2126 ratio
698 2097 827 2126 autem
852 2089 986 2126 dicitur
1013 2088 1269 2125 essentialiter.
1299 2088 1392 2125 Non

1442 1452 1616 1488 omnium
1644 1459 1798 1489 actuum
1827 1459 1864 1490 et
1891 1453 2105 1491 motionum
2135 1467 2235 1502 quae
2262 1455 2508 1493 inveniuntur

1442 1504 1481 1541 in
1500 1505 1653 1552 singulis
1674 1506 1864 1552 creaturis,
1885 1513 1927 1543 ut
1947 1506 2060 1543 etiam
2080 1507 2118 1544 in
2138 1507 2267 1544 Primo
2285 1507 2307 1530 *
2334 1508 2507 1546 habitum
2533 1511 2636 1560 ἔξω

1444 1565 1509 1594 est.
1539 1558 1651 1595 Unde
1679 1558 1774 1594 sicut
1801 1558 1896 1595 ratio
1924 1559 2076 1597 divinae
2104 1560 2310 1610 sapientiae
2346 1561 2507 1609 inquan-
2533 1567 2576 1586 ¹¹¹·
2589 1569 2611 1586 ²·

1443 1618 1523 1647 tum
1552 1623 1622 1659 per
1650 1623 1734 1647 earn
1764 1618 1898 1648 cuncta
1923 1619 2009 1648 sunt
2029 1621 2166 1659 creata,
2187 1613 2372 1650 rationem
2392 1615 2509 1652 habet

1444 1662 1531 1700 artis
1558 1665 1621 1700 vel
1650 1663 1874 1712 exemplaris
1902 1665 1964 1701 vel
1991 1664 2121 1711 ideae3
2152 1666 2203 1702 ita
2231 1666 2325 1703 ratio
2353 1666 2507 1710 divinae

1443 1716 1650 1764 sapientiae
1684 1716 1874 1754 moventis
1911 1717 2043 1755 omnia
2078 1718 2127 1755 ad
2162 1718 2334 1756 debitum
2365 1719 2509 1768 fineixxf,v

1444 1769 1589 1806 obtinet
1616 1769 1802 1806 rationem
1830 1769 1933 1817 legis.
1959 1771 2008 1807 Et
2033 1771 2243 1808 secundum
2262 1772 2349 1818 hoc,
2369 1772 2429 1810 lex
2447 1772 2511 1809 aeli

1443 1829 1549 1859 terna
1577 1822 1668 1858 nihil
1696 1822 1799 1859 aliud
1827 1830 1884 1859 est
1911 1835 2028 1872 quam
2055 1823 2150 1860 ratio
2180 1824 2332 1862 divinae
2361 1825 2511 1874 sapien-

1443 1874 1529 1922 tiae,
1546 1875 1756 1912 secundum
1775 1876 1877 1924 quod
1893 1883 1950 1913 est
1969 1875 2150 1914 directiva
2165 1877 2340 1915 omniurn
2355 1885 2512 1915 actuum

1445 1935 1482 1964 et
1509 1935 1736 1965 motionum.

1497 1983 1557 2017 AD
1585 1993 1721 2018 PR1MUM
1750 1992 1848 2018 ERGO
1872 1993 2057 2020 DiCENDuM
2077 1982 2183 2030 quod
2201 1983 2434 2031 Augustinus
2453 1985 2509 2020 lo·-
2563 1981 2565 1984 ’

1445 2034 1573 2082 quitur
1590 2034 1641 2070 ibi
1671 2034 1718 2070 de
1739 2033 1948 2071 rationibus
1967 2034 2163 2083 idealibus,
2185 2047 2284 2083 quae
2300 2036 2508 2085 respiciunt

1444 2087 1618 2135 proprias
1655 2094 1808 2124 naturas
1841 2087 2074 2134 singularum
2107 2100 2235 2126 rerum
2246 2101 2261 2125 :¹
2286 2096 2323 2126 et
2350 2089 2449 2126 ideo.
2467 2089 2515 2127 in
2574 2112 2598 2118 =
2682 2107 2702 2117 x=
2748 2101 2753 2106 ·

2657 1514 2745 1566 mxxix,

325 2142 435 2190 igitur
462 2142 566 2179 idem
596 2150 651 2179 est
678 2143 737 2178 lex
766 2150 919 2179 aeterna
947 2141 1053 2190 quod
1081 2141 1175 2178 ratio
1196 2141 1336 2178 divina.

1447 2139 1499 2176 eis
1527 2139 1716 2177 invenitur
1743 2140 1934 2188 quaedam
1962 2139 2149 2179 distinctio
2170 2149 2207 2178 et
2227 2141 2433 2192 pluralitas,
2443 2144 2521 2187 εοὶ

383 2197 417 2234 3.
435 2196 668 2242 PRAETEREA,
683 2195 918 2243 Augustinus
939 2194 1037 2242 dicit,
1058 2194 1098 2231 in
1116 2194 1213 2231 libro
1228 2195 1274 2231 de
1294 2195 1391 2232 Vera

1447 2193 1615 2230 cundum
1644 2193 1816 2230 diversos
1845 2201 2038 2241 respectus
2061 2195 2202 2242 adres,
2222 2202 2264 2232 ut
2281 2195 2320 2232 in
2339 2194 2514 2233 Primox‘ffl
2537 2197 2658 2226 “Qu-¹¹2
2673 2200 2747 2221 *τί-3·
2823 2192 2840 2228 .⁴‡

86 2249 97 2261 ⁴
114 2248 162 2275 0⁸¹²
327 2249 453 2298 Relig.
473 2247 509 2284 *ε
538 2250 710 2298 Apparet
733 2260 849 2298 supra
883 2253 1044 2285 mentem
1073 2253 1241 2284 nostram
1269 2247 1390 2297 legem
1445 2246 1617 2282 habitum
1647 2253 1713 2282 est.
1744 2246 1822 2283 Sed
1849 2246 1910 2283 lex
1939 2246 2073 2285 dicitur
2097 2246 2278 2285 directiva
2295 2255 2451 2286 actuum
2469 2247 2511 2288 iu

329 2314 418 2348 esse,
447 2313 545 2349 quae
571 2302 710 2339 veritas
729 2302 874 2339 dicitur.
906 2302 986 2338 Lex
1005 2307 1133 2338 autem
1154 2312 1268 2349 supra
1285 2312 1394 2339 men·
1446 2299 1580 2336 ordine
1609 2298 1657 2335 ad
1685 2300 1832 2336 bonum
1867 2311 2087 2346 commune,
2116 2307 2159 2338 ut
2186 2313 2301 2349 supra
2318 2300 2339 2323 ²¹⁸
2365 2301 2509 2338 dictum
2537 2304 2746 2333 '‘mmm-²·

329 2362 407 2393 tem
435 2362 605 2392 nostram
638 2354 799 2391 existens
832 2361 887 2391 est
914 2355 973 2391 lex
1002 2361 1166 2391 aeterna.
1196 2354 1298 2401 Ergo
1326 2365 1398 2397 ven,
1448 2359 1513 2388 est.
1544 2353 1602 2388 Ea
1622 2359 1750 2388 autem
1770 2363 1868 2399 quae
1889 2359 1976 2389 sunt
1995 2352 2033 2388 in
2051 2352 2184 2401 seipsis
2204 2353 2367 2401 diversa,
2388 2353 2514 2391 const-s

98 3045 107 3054 ·
124 3044 152 3066 D.
167 3049 215 3072 237.

329 2408 418 2445 ritas
448 2415 503 2444 est
534 2409 593 2444 lex
625 2415 789 2445 aeterna.
824 2407 902 2444 Sed
934 2419 1014 2444 non
1049 2413 1104 2443 est
1132 2406 1268 2443 eadem
1298 2406 1392 2444 ratio

328 2460 495 2498 veritatis
530 2468 566 2497 et
597 2460 762 2498 rationis.
797 2461 899 2508 Ergo
937 2461 996 2497 lex
1032 2467 1185 2497 aeterna
1222 2472 1301 2497 non
1337 2466 1394 2505 est

329 2513 434 2551 idem
462 2514 568 2562 quod
596 2513 689 2550 ratio
718 2525 882 2551 summa.

385 2567 460 2604 SED
480 2578 626 2604 CONTRA
652 2578 718 2603 EST
746 2567 851 2615 quod
879 2565 1114 2614 Augustinus
1134 2565 1235 2612 dicit,
1255 2565 1294 2602 in
1314 2565 1328 2602 1
1348 2564 1394 2602 de

330 2619 414 2656 Lib.
434 2620 527 2656 Arb.
548 2619 579 2668 ²⁸,
610 2619 714 2668 quod
743 2620 806 2656 lex
832 2624 986 2656 aeterna
1019 2625 1073 2656 est
1097 2630 1246 2656 summa
1275 2618 1392 2664 ratio,

331 2673 394 2709 cui
417 2684 565 2722 semper
592 2673 924 2720 obtemperandum
953 2677 1016 2708 est.

385 2726 611 2763 RESPONDEO
632 2737 815 2762 D1CENDUM
836 2725 951 2774 quod,
978 2724 1074 2761 sicut
1092 2724 1130 2761 in
1150 2723 1319 2773 quolibet
1338 2735 1398 2766 τευ·-7

331 2778 433 2815 tifice
460 2778 676 2828 praeexistit
703 2778 797 2815 ratio
827 2790 962 2814 eorum
992 2789 1090 2826 quae
1120 2777 1396 2815 constituuntur

331 2844 401 2880 per
421 2840 557 2879 artem,
578 2832 628 2868 ita
648 2831 761 2868 etiam
781 2831 820 2867 in
840 2830 1011 2878 quolibet
1030 2831 1263 2878 gubernante
1283 2841 1395 2878 opor-

334 2892 387 2923 tet
423 2885 530 2933 quod
560 2884 786 2935 praeexistat
822 2883 915 2920 ratio
949 2882 1091 2920 ordinis
1126 2895 1260 2920 eorum
1298 2893 1396 2932 quae

334 2937 481 2986 agenda
509 2945 597 2974 sunt
615 2949 683 2986 per
709 2949 774 2973 eos
794 2936 859 2985 qui
878 2935 1141 2984 gubernationi
1171 2935 1395 2972 subduntur.

334 2992 384 3028 Et
411 2991 505 3027 sicut
534 2990 628 3028 ratio
657 3002 784 3026 rerum
813 2989 1028 3026 fiendarum
1057 3001 1126 3037 per
1145 2996 1263 3025 artem
1283 2999 1397 3026 voca-

334 3051 393 3081 tur
421 3056 480 3080 ars
499 3043 519 3065 ‘¹‘
546 3044 608 3080 vel
637 3043 831 3091 exemplar
859 3054 986 3078 rerum
1016 3040 1318 3087 artificiatarutn,
1348 3040 1399 3077 ita

336 3097 448 3134 etiarn
477 3096 571 3133 ratio
599 3095 842 3144 gubernantis
875 3102 980 3132 actus
1008 3094 1258 3141 subditorum,
1289 3093 1399 3131 ratio-

337 3161 425 3185 nem
443 3149 534 3197 legis
559 3144 718 3196 obtinet,
737 3147 896 3186 servatis
924 3146 1005 3184 aliis
1029 3159 1128 3196 quae
1148 3159 1262 3196 supra
1276 3146 1296 3168 '¹‘
1316 3158 1398 3184 esse

338 3201 496 3239 diximus
525 3202 572 3238 de
599 3202 690 3249 legis
719 3201 875 3238 ratione.
905 3201 1011 3237 Deus
1039 3207 1168 3237 autem
1197 3211 1266 3250 per
1287 3211 1398 3236 suam

338 3254 561 3302 sapientiam
590 3254 764 3291 conditor
783 3261 837 3291 est
855 3253 1120 3291 universarum
1147 3264 1275 3290 rerum
1293 3250 1320 3299 β,
1350 3251 1400 3289 ad

1448 2405 1626 2442 derantur
1644 2411 1685 2440 ut
1702 2417 1837 2452 unum,
1856 2405 2072 2443 secundum
2096 2407 2201 2454 quod
2221 2406 2443 2445 ordinantur
2460 2406 2513 2444 ad

1447 2457 1602 2506 aliquod
1630 2468 1849 2495 commune.
1879 2458 1929 2494 Et
1954 2457 2043 2495 ideo
2071 2458 2132 2496 lex
2159 2466 2313 2499 aeterna
2338 2466 2395 2496 est
2420 2471 2513 2507 una,

1447 2523 1547 2558 quae
1576 2518 1632 2547 est
1659 2510 1751 2547 ratio
1779 2510 1911 2553 huius
1911 2510 2074 2550 ordinis.

1499 2566 1559 2600 AD
1574 2575 1764 2601 SECUNDUM
1778 2574 1964 2601 mcENDnM
1977 2563 2084 2612 quod
2098 2563 2198 2602 circa
2209 2565 2374 2602 verbum
2389 2563 2512 2612 quod-

1449 2628 1614 2665 cumque
1644 2616 1721 2653 duo
1748 2622 1911 2666 possunt
1937 2616 2186 2655 considerari:
2216 2617 2356 2654 scilicet
2382 2616 2515 2666 ipsum

1446 2670 1623 2716 verbum,
1645 2677 1681 2705 et
1705 2682 1749 2706 ea
1769 2681 1867 2718 quae
1885 2670 2007 2706 verbo
2037 2669 2309 2718 exprimuntur.
2337 2670 2515 2717 Verbum

1449 2722 1549 2760 enim
1578 2723 1712 2759 vocale
1742 2730 1798 2759 est
1824 2721 2007 2771 quiddam
2036 2723 2089 2759 ab'
2109 2735 2175 2761 ore
2193 2722 2362 2761 hominis
2388 2722 2512 2771 prola-

1449 2783 1550 2821 tum;
1576 2775 1643 2812 sed
1662 2776 1737 2811 hoc
1754 2776 1876 2812 verbo
1898 2775 2278 2824 exprimuntur-quae
2296 2775 2423 2813 verbis
2440 2775 2518 2813 hug
2550 2776 2562 2790 ¹·
2581 2811 2586 2815 ι

1450 2828 1572 2865 manis
1592 2828 1861 2875 significantur.
1891 2829 1940 2864 Et
1961 2827 2097 2865 eadem
2118 2828 2211 2865 ratio
2241 2835 2296 2865 est
2324 2829 2371 2866 de
2389 2828 2510 2865 verbo

1449 2881 1615 2918 hominis
1638 2881 1803 2924 mentali,
1831 2881 1936 2928 quod
1956 2880 2047 2918 nihil
2067 2888 2122 2918 est
2141 2881 2243 2919 aliud
2268 2893 2385 2930 quam
2404 2880 2513 2930 quid-

1450 2934 1539 2971 dam
1559 2941 1687 2971 mente
1708 2941 1949 2982 conceptum,
1971 2945 2047 2982 quo
2066 2934 2187 2971 horno
2208 2934 2383 2983 exprimit
2404 2944 2512 2971 men-

1449 2987 1570 3024 taliter
1598 2999 1643 3024 ea
1671 2986 1718 3023 de
1747 2986 1884 3035 quibus
1909 2986 2056 3034 cogitat.
2087 2986 2150 3023 Sic
2178 2987 2287 3035 igitur
2314 2987 2353 3024 in
2377 2985 2513 3024 divinis

1449 3039 1576 3088 ipsum
1604 3039 1788 3086 Verbum,
1817 3038 1923 3088 quod
1951 3046 2007 3075 est
2026 3040 2224 3088 conceptio
2243 3039 2391 3089 paterni
2409 3039 2514 3076 intel-

1451 3094 1589 3140 lectus,
1617 3092 1877 3152 personaliter·
1904 3091 2037 3128 dicitur
2059 3093 2097 3129 *z
2127 3093 2193 3131 sed
2231 3093 2362 3130 omnia
2397 3102 2515 3140 quae-f

1452 3157 1619 3193 cumque
1646 3153 1734 3183 sunt
1762 3145 1800 3182 in
1829 3144 1984 3182 scientia
2015 3145 2155 3193 Patris,
2188 3145 2268 3183 sive
2303 3143 2513 3182 essentialia

1452 3199 1532 3236 sive
1547 3198 1772 3247 personalia,
1789 3198 1870 3235 sive
1885 3197 1999 3235 etiam
2016 3197 2089 3234 Dei
2107 3209 2236 3247 opera,
2254 3197 2518 3258 exprimuntur

1452 3253 1527 3289 hoc
1553 3252 1695 3299 Verbo,
1724 3258 1767 3288 ut
1792 3258 1896 3300 patet
1921 3263 1992 3300 per
2018 3251 2284 3299 Augustinum‚
2312 3250 2351 3288 in
2369 3247 2442 3289 XV
2467 3248 2514 3286 de

2827 2678 2840 2844 ψ-Ᾰρμ
2834 2414 2840 2659 .-—-——-—..........-
2838 2399 2840 2402 .
2836 2360 2840 2384 „„
2832 2299 2840 2347 -...·
2833 2229 2840 2244 A

2537 3097 2591 3120 '¹0.
2605 3097 2657 3120 1¹61.

339 3318 433 3355 quas
467 3315 707 3355 comparatur
739 3307 834 3344 sicut
868 3306 998 3344 artifex
1034 3306 1082 3343 ad
1110 3305 1325 3352 artificiata,
1358 3312 1400 3342 ut

1457 3306 1493 3341 T
1489 3317 1559 3341 rm
1576 3304 1596 3326 ‘¹‘
1615 3305 1663 3341 Et
1681 3281 1778 3341 inter
1797 3311 1920 3341 cetera
1939 3315 2038 3352 quae
2056 3304 2132 3341 hoc
2145 3304 2274 3341 Verbo
2299 3301 2513 3351 exprimun-
2539 3310 2598 3333 ‘Ca
2617 3309 2751 3332 -xw--cf-

101 3364 311 3392 ⁴Qu.x1v,an.8.
337 3359 376 3396 in
409 3359 538 3395 Primo
562 3359 581 3380 ²¹²
609 3360 779 3397 habitum
814 3367 880 3397 est.
915 3361 983 3396 Est
1022 3359 1136 3396 etiam
1170 3359 1400 3406 gubernator

1453 3365 1530 3405 tur,
1551 3358 1665 3394 etiarn
1693 3357 1776 3406 ipsa
1802 3358 1860 3394 lex
1888 3364 2042 3394 aeterna
2068 3357 2198 3394 Verbo
2225 3356 2308 3404 ipso
2338 3354 2512 3403 exprimi-
2538 3337 2578 3359 ¹¹¹²
2626 3342 2738 3366 '‘Q'‘

393 3476 420 3509 α)
439 3476 548 3510 legibus.
566 3490 585 3494 -
603 3476 663 3500 Om.
683 3476 710 3500 P.
1422 3471 1426 3511 Ι
1506 3475 1531 3509 β)
1551 3483 1649 3501 rerum.
1667 3490 1686 3494 —
1705 3478 1864 3501 naturarum
1883 3473 2110 3499 ABCDEFGHIL.
