2840 4010
18 326 27 335 ·
43 324 94 346 Lib.
113 323 157 351 m,
176 329 228 351 cap.

18 356 83 372 xvm.

17 693 28 702 ·
41 692 92 714 Art.
108 697 124 713 1.

0 2301 5 2328 .-
0 2262 13 2291 *5*
0 2195 6 2251 r-—v
0 1970 9 2177 ⁴-q„.,—-v-
0 1906 6 1961 ν»
0 1726 12 1891 v—'W-g-

0 2479 16 4010 WW—·vWV⁴W—w=wwvwz
0 2368 9 2455 w-
0 2334 7 2361 -v-

900 189 1164 235 QUAESTIO
1194 191 1367 238 LXXVI,
1397 192 1690 229 ARTICULUS
1720 193 1768 228 III

309 266 383 302 SED
412 277 557 302 CONTRA
584 278 650 302 EST
668 266 772 315 quod
792 267 1022 314 Augustinus
1042 268 1138 314 dicit,
1159 268 1197 304 in
1216 268 1309 304 libro

255 318 301 356 de
327 319 409 355 Lib.
434 319 526 355 Arb.
547 318 584 365 ²¹⁸,
615 320 719 366 quod
751 321 934 367 quaedam
957 332 1029 368 per
1057 321 1310 369 ignorantiam

250 372 376 418 facta,
410 376 508 407 recte
541 371 811 419 improbantur.
849 373 926 409 Sed
959 373 1082 408 solum
1116 372 1177 408 illa
1212 379 1310 408 recte

255 423 518 472 improbantur
545 437 643 472 quae
675 432 761 461 sunt
792 432 958 473 peccata.
992 425 1093 471 Ergo
1122 423 1310 471 quaedam

255 487 324 524 per
350 475 599 523 ignorantiam
627 477 744 523 facta,
779 484 865 513 sunt
897 483 1064 524 peccata.
1099 477 1189 512 Non
1223 487 1310 522 ergo

255 528 466 575 ignorantia
494 529 652 566 omnino
681 537 832 565 excusat
860 541 880 564 a
908 535 1066 576 peccato
1087 526 1112 563 β.

310 581 534 618 RESPONDI-:o
554 593 736 618 mcssnnum
756 582 860 629 quod
888 579 1095 627 ignorantia
1124 579 1171 615 de
1192 590 1231 615 se
1246 579 1311 614 ha-

257 634 320 670 bet
348 634 453 681 quod
485 634 594 670 faciat
621 641 746 670 actum
782 644 897 681 quem
927 639 1071 679 causat,
1101 631 1312 668 involunta—

257 685 355 722 rium
389 698 483 723 esse.
519 687 598 723 Iam
625 693 752 722 autern
771 685 791 706 ’¹‘
820 684 960 721 dictum
990 692 1045 721 est
1072 684 1176 732 quod
1207 683 1312 731 igno-

257 738 376 775 rantia
404 739 537 775 dicitur
563 749 716 774 causare
752 744 879 774 actum
916 749 1032 785 quern
1065 736 1218 773 scientia
1245 747 1311 783 op-

257 791 378 839 posita
396 796 412 819 Υ
430 790 664 839 prohibebat.
696 790 744 826 Et
771 789 820 826 ita
848 790 928 826 talis
956 798 1072 836 actus,
1101 789 1130 825 si
1159 788 1311 825 scientia

258 843 417 890 adesset,
439 849 536 879 esset
555 841 760 878 contrarius
779 843 978 879 voluntati:
1004 842 1108 890 quod
1136 841 1312 889 importat

257 907 401 932 nomen
432 894 685 932 involuntarii.
724 894 764 931 Si
795 907 888 932 vero
926 894 1080 931 scientia
1115 906 1211 942 quae
1243 906 1311 942 per

256 946 506 995 ignorantiam
533 947 712 996 privatur,
734 960 811 984 non
830 948 1046 996 prohiberet
1066 954 1204 992 actum,
1224 958 1311 994 pro-

256 1007 339 1049 pter
356 999 636 1037 inclinationem
656 1000 859 1037 voluntatis
878 1001 916 1037 in
936 1000 1079 1049 ipsum;
1102 999 1310 1046 ignorantia

256 1052 367 1089 huius
386 1052 562 1089 scientiae
581 1065 659 1089 non
678 1053 763 1089 facit
786 1053 982 1089 hominem
1002 1051 1308 1098 involuntarium,

257 1105 326 1142 sed
353 1116 428 1142 non
456 1105 659 1151 volentem,
689 1113 729 1142 ut
764 1105 897 1142 dicitur
928 1105 964 1142 in
999 1106 1048 1141 ΙΙΙ
1076 1104 1195 1141 Ethic.
1215 1103 1235 1125 ’¹‘
1262 1105 1310 1140 Et

256 1156 338 1194 talis
362 1157 581 1205 ignorantia,
603 1170 699 1207 quae
719 1170 798 1195 non
817 1166 873 1195 est
900 1169 1012 1194 causa
1031 1164 1136 1194 actus
1154 1157 1309 1204 peccati,

257 1217 298 1247 ut
327 1210 469 1248 dictum
498 1219 553 1248 est
566 1211 597 1258 ³⁸,
627 1211 713 1260 quia
740 1223 818 1248 non
847 1218 975 1247 causat
1000 1209 1308 1256 involuntarium,

242 1274 336 1300 4:011
370 1271 522 1300 excusat
549 1276 571 1300 a
597 1271 766 1312 peccato.
805 1264 853 1300 Et
887 1263 1021 1300 eadem
1054 1261 1147 1299 ratio
1180 1269 1234 1298 est
1262 1262 1310 1299 de

257 1327 500 1365 quacumque
529 1316 736 1364 ignorantia
764 1328 841 1353 non
870 1323 1059 1362 causante,
1083 1314 1151 1351 sed
1180 1327 1310 1351 conse-

257 1375 396 1416 quente
414 1370 477 1405 vel
497 1369 773 1406 concomitante
793 1377 919 1405 actum
934 1367 1088 1417 peccati.
1110 1367 1187 1404 Sed
1206 1367 1310 1415 igno-

257 1421 377 1458 rantia
404 1433 502 1470 quae
531 1430 587 1458 est
615 1434 727 1458 causa
747 1429 862 1468 actus,
884 1421 971 1470 quia
993 1427 1120 1457 causat
1137 1419 1311 1456 involun-

257 1473 404 1521 tarium,
431 1474 478 1511 de
507 1486 547 1510 se
575 1475 689 1511 habet
717 1476 820 1523 quod
849 1481 998 1511 excuset
1016 1485 1038 1509 a
1055 1479 1232 1522 peccato:
1263 1485 1309 1509 eo

257 1527 363 1574 quod
388 1526 646 1564 voluntarium
676 1535 730 1563 est
758 1527 803 1563 de
833 1527 975 1564 ratione
1003 1525 1158 1574 peccati.

311 1578 389 1616 Sed
421 1579 527 1628 quod
562 1579 764 1628 aliquando
800 1592 878 1616 non
913 1579 1072 1616 totaliter
1105 1585 1256 1614 excuset
1288 1590 1310 1614 a

255 1638 427 1680 peccato,
446 1639 571 1680 potest
591 1632 804 1680 contingere
826 1644 870 1668 ex
890 1632 1050 1669 duobus.
1071 1631 1158 1668 Uno
1178 1631 1308 1678 modo,

258 1694 304 1720 ex
322 1691 426 1733 parte
446 1685 563 1734 ipsius
583 1685 636 1722 rei
653 1685 856 1733 ignoratae.
879 1686 1067 1721 Intantum
1088 1683 1188 1720 enim
1206 1683 1310 1731 igno-

238 1736 375 1774 ·rantia
412 1745 568 1774 excusat
596 1750 619 1774 a
645 1745 823 1786 peccato,
861 1737 1083 1786 inquantum
1120 1735 1311 1784 ignoratur

257 1788 397 1837 aliquid
426 1803 508 1827 esse
536 1798 747 1839 peccatum.
785 1791 913 1827 Potest
941 1798 1067 1827 autem
1097 1789 1311 1837 contingere

257 1842 363 1890 quod
382 1842 515 1892 aliquis
542 1843 687 1891 ignoret
706 1843 861 1891 quidem
881 1843 1046 1892 aliquam
1072 1842 1312 1879 circumstan-

257 1894 348 1932 tiam
375 1896 532 1944 peccati,
563 1908 678 1944 quam
708 1896 738 1932 si
765 1895 885 1940 sciret,
915 1896 1163 1932 retraheretur
1184 1907 1205 1931 a
1223 1907 1311 1944 pec-

258 1947 392 1995 cando,
423 1948 503 1985 sive
530 1949 591 1985 illa
621 1948 899 1986 circumstantia
922 1948 1031 1985 faciat
1050 1948 1098 1985 ad
1126 1948 1311 1985 rationem

255 2001 402 2050 peccati
439 2001 519 2038 sive
552 2013 650 2048 non;
685 2009 721 2038 et
752 2010 879 2038 tamen
913 2001 1037 2038 adhuc
1074 2004 1243 2038 remanet
1274 2000 1312 2037 in

258 2052 338 2090 eius
365 2053 518 2091 scientia
541 2052 555 2076 δ
583 2054 724 2103 aliquid
755 2066 823 2103 per
857 2054 961 2102 quod
998 2053 1190 2102 cognoscit
1222 2053 1312 2090 illud

257 2117 340 2142 esse
360 2114 486 2143 actum
507 2107 662 2155 peccati.
692 2108 788 2143 Puta
807 2107 838 2143 si
856 2106 990 2155 aliquis
1015 2106 1227 2156 percutiens
1251 2106 1312 2143 ali-

257 2170 385 2206 quem,
415 2159 504 2196 sciat
532 2160 685 2208 quidem
714 2160 840 2209 ipsum
870 2172 951 2196 esse
979 2159 1187 2206 hominem,
1209 2159 1313 2208 quod

310 2261 335 2296 β)
354 2270 371 2287 α
384 2266 504 2295 peccato.
522 2277 541 2282 -
553 2266 693 2295 peccatum
711 2263 893 2289 ABCDGHIL.

308 2299 336 2332 γ)
354 2299 483 2331 opposita.
495 2311 514 2318 —·
531 2299 654 2330 apposita
672 2299 723 2323 PE.

2372 191 2415 228 55

1365 270 1500 306 sufficit
1527 270 1574 307 ad
1603 270 1786 307 rationem
1806 270 1970 320 peccati;
2001 282 2078 307 non
2096 278 2225 307 tamen
2244 270 2311 306 scit
2330 281 2417 306 eum

1366 333 1447 358 esse
1475 330 1632 371 patrem,
1663 324 1768 370 quod
1797 330 1852 360 est
1884 323 2160 360 circumstantia
2188 322 2417 359 constituens

1366 386 1507 410 novam
1527 375 1693 423 speciem
1712 376 1873 423 peccati;
1901 377 1964 413 vel
1988 376 2080 412 forte
2100 375 2216 412 nescit
2235 375 2339 424 quod
2358 374 2416 411 ille

1365 437 1406 460 se
1435 427 1640 464 defendens
1663 428 1886 476 repercutiat
1905 441 2006 475 eum,
2026 428 2131 477 quod
2150 427 2180 464 si
2199 427 2318 474 sciret,
2338 439 2416 464 non

1365 486 1584 525 percuteret,
1615 481 1717 527 quod
1746 493 1822 517 non
1852 481 2011 529 pertinet
2038 481 2087 517 ad
2115 480 2299 517 rationem
2328 492 2416 528 pec-

1367 529 1446 564 cati.
1478 531 1586 567 Unde
1615 532 1699 568 licet
1726 533 1807 569 talis
1831 541 1984 582 propter
2004 533 2252 581 ignorantiam
2271 540 2412 581 peccet,

1366 593 1444 617 non
1480 590 1607 619 tamen
1642 584 1802 621 totaliter
1834 594 2030 622 excusatur
2061 598 2083 622 a
2115 592 2292 634 peccato:
2328 585 2414 633 quia

1366 633 1490 669 adhuc
1518 643 1688 671 remanet
1716 637 1747 672 ei
1776 638 1935 684 cognitio
1964 638 2116 686 peccati.
2137 659 2161 666 -
2181 637 2265 674 Alio
2295 637 2414 674 modo

1366 693 1489 732 potest
1516 687 1590 722 hoc
1618 688 1830 735 contingere
1851 702 1895 726 ex
1914 699 2017 738 parte
2036 691 2150 739 ipsius
2170 690 2412 738 ignorantiae,

1365 738 1452 785 quia
1481 739 1619 775 scilicet
1654 740 1736 787 ipsa
1767 740 1974 788 ignorantia
2006 751 2061 779 est
2087 742 2322 779 voluntaria:
2350 743 2413 779 vel

1366 790 1521 837 directe,
1552 792 1646 828 sicut
1679 804 1766 828 cum
1801 794 1932 840 aliquis
1965 795 2130 831 studiose
2158 796 2237 831 vult
2269 794 2413 831 nescire

1364 842 1499 890 aliqua,
1520 851 1561 880 ut
1579 843 1729 880 liberius
1747 853 1894 892 peccet3
1923 847 1983 882 vel
2003 846 2191 894 indirecte,
2213 847 2306 883 sicut
2326 859 2412 883 cum

1365 895 1496 943 aliquis
1523 904 1678 944 propter
1704 897 1884 943 laborem,
1914 899 1975 934 vel
2003 907 2155 947 propter
2182 899 2272 936 alias
2301 912 2412 935 occu-

1364 948 1546 995 pationes,
1567 949 1716 996 negligit
1741 949 1934 986 addiscere
1953 950 1991 987 id
2009 963 2076 999 per
2095 952 2199 999 quod
2217 964 2239 987 a
2258 959 2412 999 peccato

1365 1001 1624 1037 retraheretur.
1655 1001 1758 1038 Talis
1778 1002 1877 1038 enim
1899 1003 2120 1050 negligentia
2139 1003 2223 1039 facit
2241 1004 2413 1050 ignoran-

1364 1053 1454 1089 tiam
1483 1053 1603 1101 ipsam
1629 1066 1710 1090 esse
1728 1055 1982 1092 voluntariam
2012 1063 2047 1092 et
2074 1063 2283 1104 peccatum,
2305 1056 2414 1092 dum-

1365 1105 1482 1142 modo
1512 1106 1558 1142 sit
1585 1119 1718 1143 eorum
1753 1119 1849 1155 quae
1879 1107 1960 1156 quis
1989 1108 2081 1144 scire
2109 1116 2255 1144 tenetur
2283 1115 2319 1144 et
2344 1120 2412 1156 po-

1364 1166 1444 1195 test.
1475 1159 1523 1195 Et
1550 1158 1636 1195 ideo
1655 1159 1737 1196 talis
1759 1160 1965 1207 ignorantia
1985 1173 2062 1197 non
2082 1161 2241 1197 totaliter
2261 1167 2411 1197 excusat

1364 1223 1386 1247 a
1413 1219 1581 1259 peccato.

1419 1264 1456 1300 Si
1489 1276 1582 1300 vero
1615 1264 1660 1301 sit
1691 1264 1771 1300 talis
1803 1265 2011 1312 ignorantia
2043 1278 2140 1314 quae
2174 1265 2330 1302 omnino
2367 1265 2414 1301 sit

1364 1315 1625 1362 involuntaria,
1655 1316 1734 1353 sive
1763 1317 1850 1365 quia
1879 1326 1933 1354 est
1961 1318 2196 1364 invincibilis,
2225 1318 2303 1354 sive
2323 1317 2412 1366 quia

1366 1377 1420 1405 est
1448 1369 1526 1405 eius
1550 1369 1654 1416 quod
1674 1369 1756 1417 quis
1776 1370 1871 1406 scire
1891 1383 1968 1407 non
1987 1378 2134 1407 tenetur
2151 1376 2180 1416 ²3
2208 1371 2289 1407 talis
2307 1370 2412 1418 igno-

1365 1421 1483 1458 rantia
1510 1421 1666 1458 omnino
1697 1430 1847 1458 excusat
1875 1435 1896 1459 a
1923 1431 2090 1471 peccato.

1416 1476 1474 1511 AD
1494 1486 1629 1511 PRIMUM
1648 1486 1746 1511 ERGO
1766 1486 1947 1512 DICENDUM
1962 1475 2065 1523 quod
2081 1488 2158 1512 non
2173 1475 2296 1511 omnis
2309 1475 2413 1522 igno-

1365 1527 1482 1563 rantia
1502 1535 1630 1563 causat
1657 1527 1959 1573 involuntarium,
1980 1528 2074 1564 sicut
2092 1540 2204 1576 supra
2222 1527 2242 1548 ’¹‘
2270 1527 2411 1564 dictum

1365 1587 1430 1616 est.
1460 1580 1570 1616 Unde
1598 1592 1676 1616 non
1703 1579 1827 1616 omnis
1855 1580 2063 1627 ignorantia
2084 1579 2244 1616 totaliter
2263 1587 2413 1615 excusat

1365 1644 1387 1668 a
1414 1640 1581 1681 peccato.

1417 1686 1475 1721 AD
1495 1696 1682 1722 SECUNDUM
1702 1695 1884 1721 DICENDUM
1913 1685 2015 1732 quod
2044 1685 2266 1733 inquantum
2293 1696 2414 1721 rema-

2439 1535 2448 1543 ·
2456 1535 2480 1555 In
2491 1540 2566 1561 corp.;
2578 1537 2599 1555 et
2609 1539 2648 1561 qu.

2438 1567 2469 1587 vr,
2484 1564 2525 1582 art.
2541 1560 2562 1582 8.

1365 1745 1428 1774 net
1455 1737 1492 1774 in
1515 1732 1710 1785 ignorante
1730 1737 1776 1773 de
1794 1738 2020 1784 voluntario,
2041 1738 2224 1774 intantum
2246 1744 2414 1773 remanet
2453 1753 2457 1757 -

1348 1796 1350 1799 ’
1367 1790 1412 1826 de
1433 1790 1637 1836 intentione
1656 1789 1811 1838 peccati.
1842 1790 1890 1826 Et
1909 1790 2118 1827 secundum
2139 1790 2222 1836 hoc,
2249 1801 2326 1826 non
2347 1788 2414 1825 erit

1365 1855 1433 1891 per
1461 1843 1634 1879 accidens
1660 1850 1872 1891 peccatum.

1418 1897 1476 1932 AD
1503 1907 1661 1932 TERTxtJM
1681 1906 1862 1932 DICENDUM
1891 1896 2006 1943 quod,
2033 1894 2062 1931 si
2083 1902 2179 1931 esset
2206 1893 2286 1930 talis
2311 1893 2415 1940 igno-

1367 1948 1483 1984 rantia
1521 1960 1618 1996 quae
1654 1947 1814 1984 totaliter
1847 1959 1959 1984 usum
1998 1947 2150 1984 rationis
2183 1946 2414 1993 excluderet,

1367 2000 1523 2037 omnino
1553 2013 1574 2037 a
1602 2008 1758 2049 peccato
1794 2008 2005 2036 excusaret:
2036 2000 2129 2036 sicut
2161 2006 2263 2048 patet
2294 1998 2331 2035 in
2359 1998 2415 2034 fu-

1367 2053 1472 2090 riosis
1487 2061 1523 2090 et
1538 2053 1762 2090 amentibus.
1784 2053 1874 2089 Non
1889 2060 2016 2089 autem
2036 2064 2187 2100 semper
2205 2051 2415 2099 ignorantia

1369 2118 1525 2142 causans
1553 2113 1752 2154 peccatum
1780 2112 1834 2142 est
1852 2106 1946 2142 talis.
1975 2106 2024 2142 Et
2051 2105 2136 2142 ideo
2165 2116 2242 2140 non
2267 2115 2416 2152 semper

1367 2159 1526 2195 totaliter
1555 2165 1705 2194 excusat
1733 2170 1755 2194 a
1782 2165 1950 2206 peccato.

1416 2263 1440 2296 δ)
1460 2264 1485 2288 in
1505 2264 1560 2288 eius
1578 2263 1696 2288 scienh‘a.
1714 2277 1732 2282 -
1750 2263 1806 2288 eius
1823 2262 1933 2287 scientia
1948 2269 1999 2294 per
2017 2262 2045 2286 Ρ.

1417 2300 1439 2331 ε)
1459 2302 1571 2324 tenetur.
1587 2312 1606 2317 -
1625 2299 1762 2323 tenebatur
1780 2297 1889 2323 codices.

928 2369 1257 2403 Commentaria
1278 2369 1527 2402 cardinatis
1547 2368 1747 2401 Caietam

288 2451 308 2472 N
332 2441 463 2472 articulo
487 2441 578 2472 tertio
599 2441 732 2471 dubium
755 2440 889 2471 occurrit
911 2440 991 2471 circa
1014 2440 1116 2480 prima
1135 2441 1230 2471 verba
1249 2450 1315 2471 cor-

261 2453 385 2526 Iporis,
407 2485 538 2515 scilicet:
563 2485 755 2526 Ignorantia
775 2485 814 2515 de
835 2494 870 2514 se
891 2484 983 2515 habet
1004 2485 1088 2525 quod
1101 2489 1206 2515 actum
1223 2488 1314 2525 q‘uem

258 2535 386 2567 causat,
402 2528 511 2570 faciat
533 2529 794 2559 involuntarium.
823 2528 946 2564 Primo,
971 2528 1045 2569 quia
1067 2528 1315 2559 involuntarium

259 2579 306 2604 est
320 2583 375 2603 ens
390 2572 573 2613 positivum,
591 2572 782 2603 contrarium
799 2572 915 2602 scilicet
930 2572 1120 2603 voluntario.
1138 2572 1315 2612 Ignorantia

258 2623 366 2648 nutem
389 2623 435 2648 est
458 2616 593 2657 negatio.
621 2617 757 2647 Nullum
787 2623 894 2646 autem
917 2626 982 2646 non
1013 2626 1067 2646 ens
1098 2612 1147 2646 de'
1167 2626 1199 2646 se
1222 2616 1315 2646 habet

258 2661 348 2702 quod
370 2660 462 2692 faciat
484 2670 549 2691 ens.
1224 2682 1227 2685 -

315 2704 472 2740 Secundo,
489 2704 564 2744 quia
585 2704 610 2734 si
625 2704 800 2744 ignorantia
822 2714 952 2734 causans
969 2710 1074 2734 actum
1090 2713 1146 2743 per
1161 2703 1314 2739 accidens,

258 2754 366 2779 causat
380 2758 435 2788 per
447 2757 479 2778 se
493 2747 744 2778 involuntarium
757 2748 840 2778 illius
854 2755 956 2784 actus;
975 2746 1116 2788 sequitur
1127 2748 1214 2788 quod
1229 2747 1316 2787 igno-

260 2791 362 2823 rantia
377 2789 500 2832 semper
523 2798 648 2822 excuset
664 2801 681 2821 a
697 2798 765 2822 toto
789 2801 848 2822 suo
873 2801 928 2832 per
943 2801 975 2821 se
995 2790 1115 2827 effectu,
1140 2790 1256 2822 scilicet
1271 2791 1316 2821 in-

258 2835 456 2871 voluntario,
481 2835 626 2875 quamvis
649 2845 714 2865 non
742 2842 866 2866 excuset
889 2835 927 2865 ab
951 2834 1060 2866 effectu
1085 2845 1140 2875 per
1163 2835 1314 2866 accidens.

259 2879 302 2910 Et
317 2878 360 2910 sic
375 2878 491 2909 falsum
507 2885 597 2914 esset,
613 2888 669 2919 per
684 2888 717 2909 se
732 2879 905 2920 loquendo,
923 2879 1011 2920 quod
1026 2878 1201 2919 ignorantia
1217 2889 1316 2919 quan-

259 2923 368 2964 doque
393 2929 519 2953 excusat
542 2932 560 2952 a
582 2929 680 2959 tanto,
705 2924 760 2953 sed
783 2933 848 2954 non
872 2933 889 2953 a
912 2930 992 2954 toto.

316 2967 354 2997 11.
370 2966 421 2997 Ad
443 2966 505 2996 hoc
524 2966 636 2997 dicitur
654 2967 743 3007 quod
766 2967 798 2997 in
822 2967 998 3006 ignorantia
1018 2973 1164 2997 causante
1181 2973 1226 2997 est
1242 2976 1316 2997 con-

259 3009 395 3041 siderare
411 3010 493 3040 duo:
518 3009 680 3040 materiam
696 3010 820 3047 scilicet,
839 3017 869 3041 et
884 3010 1030 3041 formam.
1055 3010 1087 3041 Si
1111 3010 1195 3040 enim
1215 3010 1316 3041 consi-

260 3054 388 3085 deretur
405 3053 580 3094 ignorantia
595 3060 630 3084 ut
645 3054 780 3084 remotio
796 3054 991 3094 prohibentis
1008 3054 1188 3090 formaliter¹
1209 3053 1318 3084 exhac

262 3105 350 3138 parte
373 3097 466 3128 habet
481 3097 569 3137 quod
593 3097 632 3128 sit
649 3107 740 3128 causa
756 3108 811 3138 per
827 3098 979 3134 accidens,
999 3098 1073 3139 quia
1093 3097 1228 3128 remotio
1245 3107 1317 3138 pro-

260 3141 398 3172 hibentis
414 3148 459 3172 est
479 3150 572 3171 causa
594 3151 650 3181 per
666 3141 807 3172 accidens
814 3150 822 3178 ;
846 3148 877 3172 et
900 3141 1026 3172 effectus
1045 3141 1112 3172 eius
1128 3141 1168 3172 sit
1182 3141 1214 3171 id
1229 3142 1317 3182 quod

261 3185 497 3226 prohibebatur,
516 3191 546 3215 et
569 3191 796 3225 consequenter
819 3185 986 3225 oppositus
1009 3185 1130 3216 effectui
1154 3193 1280 3216 causato
1301 3195 1318 3215 a

263 3229 460 3270 prohibente.
480 3228 629 3259 Remotio
653 3238 791 3269 namque
814 3229 980 3259 columnae
1003 3228 1183 3260 sustinentis
1206 3239 1317 3268 grave,

264 3283 302 3304 ex
324 3273 386 3304 hoc
409 3272 479 3313 ipso
503 3273 591 3313 quod
607 3279 652 3303 est
675 3272 810 3303 remotio
830 3271 1023 3312 prohibentis
1047 3273 1233 3302 descensum
1251 3282 1318 3312 gra-

263 3317 321 3354 vis,
337 3316 430 3348 habet
453 3323 483 3347 et
506 3317 594 3357 quod
610 3316 649 3347 sit
672 3326 764 3347 causa
780 3325 835 3355 per
859 3315 1010 3351 accidens,
1028 3322 1058 3346 et
1082 3316 1168 3355 quod
1193 3315 1318 3346 effectus

260 3360 332 3391 eius
344 3360 384 3391 sit
400 3361 567 3391 descensus
579 3359 756 3400 prohibitus
772 3359 945 3390 contrarius
961 3358 1057 3399 quieti
1070 3369 1206 3401 sursum,
1221 3369 1319 3399 quarn

264 3405 412 3436 causabat
431 3404 589 3435 columna.
610 3404 641 3435 Si
658 3411 764 3435 autem
781 3403 994 3434 consideretur
1016 3403 1224 3439 materialiter,
1240 3402 1320 3432 idest

258 3449 440 3480 secundum
463 3448 496 3478 id
519 3448 608 3489 quod
631 3455 677 3479 est
699 3448 767 3488 ipsa
789 3446 963 3487 ignorantia
987 3456 1068 3487 quae
1098 3446 1319 3477 denominatur

259 3490 360 3523 -causa
383 3502 439 3533 per
462 3492 621 3528 accidens,
646 3502 682 3522 ex
705 3492 763 3522 hac
786 3498 872 3532 parte
895 3491 987 3522 habet
1003 3491 1090 3531 quod
1110 3489 1235 3521 effectus
1252 3489 1318 3520 eius

1368 2440 1407 2470 sit
1430 2439 1602 2470 contrarius
1631 2438 1791 2469 scientiae:
1816 2439 1970 2479 quoniam
1993 2449 2028 2469 ex
2051 2438 2152 2478 seipsa
2174 2438 2267 2468 habet
2292 2437 2420 2478 opposi-

1368 2483 1489 2514 tionem
1518 2483 1559 2513 ad
1589 2482 1759 2517 scientiam.
1790 2482 1926 2513 Effectus
1957 2490 2063 2513 autem
2096 2482 2268 2513 contrarius
2299 2481 2420 2512 effectui

1368 2527 1513 2558 scientiae
1529 2527 1561 2557 in
1577 2526 1631 2557 tali
1647 2533 1766 2562 natura,
1782 2526 1898 2557 scilicet
1912 2526 2097 2562 voluntaria,
2114 2533 2160 2556 est
2174 2525 2417 2556 involuntarius:

1368 2571 1442 2611 quia
1465 2570 1591 2601 effectus
1614 2570 1761 2610 proprius
1785 2569 1929 2601 scientiae
1952 2577 1998 2601 est
2020 2569 2225 2600 voluntarius.
2245 2568 2420 2609 Ignorantia

1368 2615 1462 2655 igitur
1478 2624 1608 2645 causans
1632 2624 1688 2654 per
1710 2613 1852 2644 accidens
1875 2621 1980 2644 actum
2005 2621 2040 2644 ut
2062 2613 2196 2644 remotio
2216 2612 2418 2653 prohibentis,

1369 2660 1407 2689 de
1423 2669 1465 2694 se,
1486 2659 1565 2688 idest
1580 2658 1618 2688 de
1634 2668 1690 2688 sua
1706 2657 1832 2697 propria
1848 2657 1978 2694 ratione,
1995 2657 2053 2688 sibi
2071 2657 2207 2687 vindicat
2222 2657 2310 2696 quod
2333 2663 2419 2686 actus

1368 2703 1418 2733 ille
1435 2703 1474 2733 sit
1489 2702 1728 2732 involuntarius.
1745 2701 1785 2731 Et
1803 2701 1864 2732 hoc
1887 2701 2020 2732 intendit
2034 2703 2155 2732 Auctor
2173 2700 2205 2730 in
2220 2700 2328 2730 littera.
2348 2700 2420 2729 Hoc

1369 2754 1475 2777 autem
1498 2756 1564 2776 non
1583 2753 1629 2776 est
1650 2745 1859 2785 ignorantiam
1876 2755 1931 2786 per
1954 2755 1985 2775 se
2003 2755 2128 2775 causare
2152 2743 2416 2774 involuntarium:

1369 2791 1423 2821 sed
1438 2797 1483 2820 est
1505 2789 1714 2830 ignorantiam
1735 2789 1939 2819 determinare
1955 2789 2004 2819 vel
2020 2788 2174 2828 applicare
2194 2788 2232 2817 ad
2255 2786 2418 2816 materiam

1370 2834 1513 2865 effectum
1538 2843 1593 2874 per
1616 2833 1769 2863 accidens.
1787 2832 1872 2863 Cum
1896 2833 1980 2863 enim
2004 2841 2173 2862 commune
2201 2831 2240 2861 sit
2263 2830 2351 2860 omni
2373 2840 2419 2860 re-

1369 2878 1504 2908 motioni
1517 2877 1710 2917 prohibentis
1727 2886 1852 2907 causare
1864 2876 2059 2916 prohibitum
2075 2875 2266 2906 contrarium
2280 2874 2418 2910 invento,

1370 2929 1400 2953 et
1422 2922 1484 2952 hoc
1513 2922 1551 2952 sit
1581 2921 1713 2951 formale
1742 2921 1775 2951 in
1806 2931 1899 2951 causa
1926 2927 2106 2950 removente
2130 2918 2314 2958 prohibens;
2339 2917 2420 2948 sicut

1369 2965 1545 3006 ignorantia
1568 2965 1704 3005 applicat
1726 2965 1765 2994 ad
1788 2965 1883 2995 talem
1898 2964 2068 2999 materiam,
2089 2962 2203 2993 scilicet
2218 2962 2256 2991 ad
2275 2961 2419 3001 seipsam,

1370 3010 1465 3040 talem
1494 3019 1603 3040 causae
1631 3009 1806 3044 rationem;
1831 3008 1872 3038 ita
1901 3007 2035 3047 applicat
2063 3007 2100 3036 ad
2124 3006 2218 3036 talem
2242 3005 2419 3041 materiam,

1371 3053 1486 3084 scilicet
1509 3052 1766 3088 involuntarium,
1783 3052 1877 3082 talem
1901 3051 2025 3081 effectus
2045 3049 2208 3080 rationem.
2229 3048 2420 3079 Continetur

1371 3097 1456 3127 enim
1483 3098 1541 3127 sub
1565 3096 1724 3136 prohibito
1750 3102 1780 3126 et
1803 3095 1958 3126 contrario
1988 3093 2235 3124 involuntarium
2263 3099 2298 3123 ut
2324 3100 2421 3123 mate-

1371 3141 1444 3171 riale
1461 3141 1519 3171 sub
1539 3140 1673 3175 formali,
1686 3140 1766 3169 sicut
1781 3138 1954 3178 ignorantia
1969 3139 2027 3168 sub
2043 3143 2223 3167 removente
2238 3136 2419 3177 prohibens.

1348 3188 1350 3191 ’
1371 3185 1463 3216 Unde
1487 3194 1523 3214 ex
1546 3184 1604 3214 hac
1619 3190 1705 3223 parte
1727 3182 1901 3222 ignorantia
1925 3191 1990 3212 non
2013 3181 2072 3211 nisi
2092 3191 2184 3211 causa
2206 3190 2261 3221 per
2279 3179 2422 3211 accidens

1371 3227 1572 3258 involuntarii
1595 3234 1655 3257 est:
1683 3226 1763 3256 sicut
1786 3225 1917 3266 privatio
1946 3225 2138 3265 prohibentis
2169 3225 2372 3260 descensum,
2397 3223 2422 3254 si

1372 3278 1473 3302 essent
1497 3271 1626 3301 nomina
1655 3269 1818 3310 imposita,
1846 3279 1901 3309 per
1923 3268 2065 3299 accidens
2089 3278 2182 3299 causa
2214 3275 2293 3299 esset
2316 3274 2423 3298 motus

1372 3315 1517 3345 contrarii
1546 3314 1648 3344 motui
1678 3323 1814 3343 sursum.
1830 3330 1852 3336 -
1876 3311 1960 3343 Cum
1983 3312 2031 3342 his
2054 3319 2160 3342 tamen
2188 3318 2248 3342 stat
2269 3311 2357 3352 quod
2381 3311 2421 3347 si,

1371 3358 1467 3398 gratia
1483 3358 1638 3393 materiae,
1655 3357 1804 3388 resolutio
1820 3355 2020 3387 involuntarii
2035 3355 2067 3386 in
2082 3355 2293 3396 ignorantiam
2305 3355 2424 3395 agenda

1372 3409 1433 3437 est;
1458 3401 1632 3431 invenietur
1647 3401 1735 3441 quod
1758 3400 1933 3440 ignorantia
1961 3406 2007 3430 est
2029 3409 2084 3440 per
2106 3410 2138 3430 se
2162 3409 2254 3430 causa
2277 3399 2423 3429 involun-

1372 3445 1450 3481 tatii,
1474 3445 1554 3475 sicut
1578 3445 1715 3476 absentia
1739 3451 1851 3474 nautae
1867 3443 2091 3474 submersionis
2116 3443 2213 3474 navis.
2239 3443 2278 3474 Et
2296 3449 2422 3483 propte-

1372 3499 1423 3519 rea
1446 3488 1602 3530 quidquid
1615 3488 1817 3519 involuntarii
1837 3498 1873 3518 ex
1891 3487 2065 3528 ignorantia
2081 3487 2114 3518 in
2136 3487 2250 3518 nostris
2266 3486 2423 3517 invenitur
