2840 4010
91 2871 225 2892 cap.XXV11.

335 190 377 214 12
1004 175 1268 222 QUAESTIO
1300 174 1455 219 LXXII,
1485 174 1781 212 ARTICULUS
1812 178 1823 211 Ι

678 380 1087 459 QUAESTIO
1125 379 2150 438 SEPTUAGESIMASECUNDA

914 507 998 546 DE
1031 506 1459 547 DISTINCTIONE
1491 508 1907 549 PECCATORUM

1126 630 1160 655 IN
1190 630 1314 655 NOVEM
1344 631 1543 656 ARTICULOS
1571 631 1687 656 DIVISA

90 794 99 801 '¹
121 790 155 812 Cf.
178 797 217 817 qu.
239 796 290 811 cxxi

89 817 175 838 mod
410 795 580 824 catorum
607 786 669 823 vel
697 785 876 822 vitiorum
896 785 926 822 ²¹⁴.

326 842 374 877 Et
403 840 499 877 circa
527 840 600 876 hoc
630 846 864 887 quaeruntur
891 850 1046 875 novem.

377 893 527 930 Primo:
557 899 684 929 utrum
713 898 868 940 peccata
892 890 1165 938 distinguantur
1184 890 1309 938 speeie
1330 901 1385 926 se-

433 945 600 986 cundum
631 944 789 981 obiecta.

380 999 579 1036 Secundo:
611 999 658 1035 de
688 997 923 1034 distinctione
947 1003 1192 1044 peccatorum
1217 995 1385 1043 spiritua-

431 1052 523 1088 lium
554 1059 590 1087 et
618 1051 835 1087 carnalium.
1140 1097 1144 1099 η

379 1105 531 1141 Tertio:
560 1111 685 1140 utrum
716 1102 925 1139 secundum
955 1113 1099 1137 causas.

381 1158 542 1204 Quarto:
564 1164 692 1193 utrum
713 1155 923 1192 secundum
944 1166 1009 1190 eos
1025 1154 1063 1190 in
1079 1166 1175 1203 quos
1195 1160 1384 1202 peccatur.

327 745 515 826 Damna
540 732 858 770 considerandum
885 739 939 769 est
964 732 1009 769 de
1039 732 1272 769 distinctione
1297 744 1384 780 pec·
1411 730 1414 782 Ι

1494 732 1658 778 Quinto:
1687 740 1816 770 utrum
1844 735 2055 772 secundum
2085 735 2341 773 diversitatem
2362 745 2497 776 reatus.

1495 786 1630 821 Sexto:
1660 792 1787 822 utrum
1816 788 2027 824 secundum
2053 789 2302 826 omissionem
2332 797 2368 826 et
2397 802 2500 827 com-

1546 837 1777 874 missionem.

1496 890 1688 938 Septimo:
1718 898 1846 927 utrum
1879 894 2089 931 secundum
2124 894 2316 932 diversum
2348 908 2499 944 proces-

1548 956 1632 980 sum
1661 943 1817 992 peccati.

1496 996 1666 1033 Octavo:
1696 1003 1822 1033 utrum
1851 997 2062 1034 secundum
2087 999 2359 1038 abundantiam
2380 1008 2417 1038 et
2436 1001 2499 1038 de-

1548 1049 1699 1085 fectum.

1495 1102 1633 1140 Nono:
1661 1110 1787 1138 utrum
1816 1101 2029 1139 secundum
2061 1103 2228 1142 diversas
2258 1106 2500 1144 circumstan-

1547 1162 1627 1191 tias.

1134 1263 1347 1304 ARTICU
1354 1262 1451 1304 LUS
1482 1262 1687 1306 PRIMUS
1717 1307 1721 1311 ,

764 1364 918 1394 UTRUM
943 1362 1145 1394 PECCATA
1169 1363 1415 1393 DIFFERANT
1440 1363 1585 1394 SPECIE
1610 1363 1845 1395 SECUNDUM
1870 1363 2060 1395 OBIECTA

981 1441 1056 1472 Infra,
1077 1446 1124 1466 art.
1146 1441 1168 1471 3,
1189 1441 1218 1472 83
1239 1441 1280 1466 De
1298 1441 1383 1470 ΑΙαΙο,
1403 1449 1447 1474 qu.
1467 1449 1493 1472 ιι,
1507 1447 1554 1467 art.
1573 1442 1604 1473 6;
1624 1450 1669 1475 qu.
1688 1450 1737 1472 x1v,
1756 1448 1802 1467 art.
1823 1443 1845 1467 3.

368 1551 421 1590 a»,
473 1556 487 1568 ,ι
535 1544 557 1569 D
587 1543 723 1568 PRIMUM
752 1542 805 1567 s1c
834 1529 1263 1567 PROCED1TUR.Videtur
1281 1531 1386 1578 quod
1410 1530 1414 1583 Ι
1440 1529 1541 1567 aliud
1570 1538 1710 1578 autem,
1732 1531 1870 1567 scilicet
1898 1530 2124 1568 inordinatio
2154 1539 2280 1580 actus,
2310 1545 2380 1581 per
2407 1533 2501 1570 acci-

478 1584 514 1631 4»
535 1591 691 1634 peccata
719 1596 796 1620 non
827 1583 1000 1620 differant
1027 1582 1152 1631 specie
1173 1583 1385 1620 secundum

427 1585 694 1684 rjfobiecta.
725 1638 842 1673 Actus
871 1636 974 1672 enim
1002 1635 1160 1672 humani
1179 1635 1385 1685 praecipue

439 1670 712 1728 ffidicuntur
731 1689 822 1726 boni
841 1689 902 1726 vel
927 1689 1016 1726 mali
1038 1701 1108 1737 per
1134 1689 1387 1737 comparatio-

88 1757 151 1805 Qu
155 1762 203 1777 -xv
207 1761 240 1782 ιι
256 1757 297 1776 a-rt
325 1758 416 1782 nem
449 1745 497 1781 ad
529 1744 665 1790 finem,
695 1750 736 1779 ut
768 1743 921 1791 supra*
949 1749 1145 1779 ostensum
1179 1749 1244 1778 est.
1285 1742 1386 1780 Cum

325 1799 435 1846 igitur
468 1804 667 1855 peccatum
703 1795 793 1832 nihil
828 1795 930 1832 aliud
964 1795 1008 1831 sit
1041 1807 1157 1843 quam
1187 1802 1291 1831 actus
1319 1797 1387 1833 ho-

87 1862 268 1889 Qu·xx1‚art
280 1867 297 1886 ι;
326 1850 438 1888 minis
466 1851 600 1896 malus,
627 1849 722 1886 sicut
741 1849 884 1885 dictum
905 1855 959 1884 est
977 1848 1008 1895 ³¹³,
1037 1847 1189 1884 videtur
1208 1848 1311 1897 quod
1331 1862 1387 1886 se-

87 1895 127 1916 qu
144 1895 172 1909 L
174 1894 205 1913 ¹⁵¹
222 1892 263 1909 m
282 1894 297 1909 ¹
327 1905 494 1941 cundum
529 1904 625 1940 fines
663 1909 819 1950 peccata
847 1902 1010 1938 debeant
1044 1901 1219 1948 distingui
1248 1902 1386 1950 specie,

327 1957 446 2004 magis
475 1969 591 2005 quam
621 1955 832 1992 secundum
862 1954 1020 1991 obiecta.

381 2023 416 2047 2.
438 2011 669 2056 PRAETEREA,
691 2009 848 2055 malum,
870 2020 959 2044 cum
988 2007 1034 2044 sit
1060 2006 1232 2055 privatio,
1259 2007 1386 2045 distin-

326 2063 449 2112 guitur
477 2062 602 2111 specie
623 2061 834 2098 secundum
865 2061 1034 2098 diversas
1060 2060 1205 2109 species
1234 2061 1385 2110 opposi-

326 2125 464 2154 torum.
494 2116 570 2152 Sed
603 2121 803 2164 peccatum
838 2122 893 2151 est
930 2114 1127 2162 quoddam
1165 2114 1311 2151 malum
1347 2114 1386 2151 in

326 2181 464 2218 genere
492 2170 751 2206 humanorum
772 2173 937 2204 actuum.
960 2168 1062 2215 Ergo
1089 2174 1246 2215 peccata
1266 2167 1385 2216 magis

328 2222 603 2269 distinguuntur
638 2221 763 2269 specie
799 2220 1010 2258 secundum
1045 2220 1238 2269 opposita,
1269 2232 1385 2269 quam

327 2275 537 2313 secundum
566 2274 725 2311 obiecta.

143 2375 145 2377 Ι
185 2339 202 2355 ‘²
382 2330 416 2365 3.
437 2329 670 2375 PRAETEREA,
691 2327 720 2364 si
739 2334 895 2375 peccata
920 2326 1045 2376 specie
1071 2326 1264 2363 differrent
1283 2330 1301 2347 ‘²
1329 2339 1385 2363 se-

328 2382 495 2419 cundum
518 2381 674 2428 obiecta,
692 2379 926 2429 impossibile
947 2387 1045 2416 esset
1063 2379 1165 2417 idem
1185 2387 1384 2428 peccatum

328 2434 452 2484 specie
482 2434 579 2471 circa
610 2434 758 2471 diversa
792 2433 940 2470 obiecta
969 2433 1138 2470 inveniri.
1171 2433 1246 2470 Sed
1281 2431 1385 2470 inve—

328 2488 480 2524 niuntur
499 2488 622 2536 aliqua
650 2486 870 2524 huiusmodi
889 2494 1063 2545 peccata:
1089 2498 1179 2523 nam
1208 2486 1386 2534 superbia

329 2548 384 2578 est
404 2548 439 2577 et
459 2541 496 2577 in
516 2541 629 2577 rebus
658 2539 911 2589 spiritualibus
931 2547 968 2576 et
995 2539 1034 2576 in
1054 2539 1327 2588 corporalibus,
1346 2546 1387 2576 ut

89 2597 202 2650 ζωῇἳῆῃχ
198 2597 300 2644 ’‘¹5¹3ssss
328 2593 532 2641 Gregorius
554 2593 651 2640 dicit,
668 2593 706 2630 in
724 2593 819 2629 libro
839 2593 1004 2629 XXXIV
1017 2591 1161 2629 Moral.
1173 2592 1209 2614 ³¹²·
1201 2592 1387 2638 ‚avaritia

328 2647 439 2684 etiam
469 2654 525 2683 est
553 2646 650 2683 circa
670 2646 820 2683 diversa
848 2658 987 2694 genera
1013 2658 1152 2682 rerum.
1178 2622 1279 2693 E'rgo
1299 2657 1387 2694 pec-

329 2707 410 2737 cata
430 2712 508 2737 non
529 2699 805 2747 distinguuntur
834 2698 960 2747 specie
989 2699 1200 2736 secundum
1226 2698 1385 2735 obiecta.

381 2753 455 2790 SED
496 2764 641 2789 CONTRA
678 2764 742 2789 EST
780 2752 884 2800 quod
917 2757 1115 2800 peccatum
1156 2757 1211 2788 est
1248 2752 1386 2788 dictum

328 2806 386 2842 vel
408 2807 555 2853 factum
581 2805 642 2842 vel
669 2805 905 2853 concupitum
935 2811 1066 2842 contra
1099 2805 1220 2855 legem
1253 2805 1328 2842 Dei
1354 2804 1385 2841 ²¹⁸.

329 2858 406 2895 Sed
435 2859 533 2896 dicta
571 2859 633 2895 vel
661 2859 761 2895 faeta
791 2859 852 2894 vel
882 2858 1082 2906 concupita
1111 2858 1388 2906 distinguuntur

329 2911 453 2960 specie
474 2911 685 2949 secundum
716 2911 866 2948 diversa
886 2911 1052 2947 obiecta:
1084 2911 1172 2959 quia
1191 2919 1296 2948 actus
1319 2923 1389 2959 per

330 2965 477 3002 obiecta
496 2964 781 3012 distinguuntur,
802 2970 843 3000 ut
863 2976 977 3013 supra
995 2964 1015 2985 ²¹²
1035 2963 1178 3001 dictum
1201 2971 1266 3001 est.
1285 2965 1387 3012 Ergo

331 3017 444 3054 etiam
480 3025 636 3067 peccata
674 3016 885 3054 secundum
921 3017 1069 3054 obiecta
1098 3017 1223 3065 specie
1262 3016 1389 3054 distin-

331 3078 504 3117 guuntur.

384 3125 608 3160 RESPONDEO
636 3135 820 3160 mcENDuM
849 3123 966 3170 quod,
988 3122 1083 3159 sicut
1112 3122 1253 3159 dictum
1283 3129 1338 3158 est
1356 3121 1388 3170 ²¹²,

332 3175 380 3212 ad
399 3177 583 3213 rationem
599 3175 745 3225 peccati
765 3176 842 3213 duo
863 3183 1109 3212 concurrunt:
1126 3174 1265 3212 scilicet
1284 3182 1389 3211 actus

332 3229 582 3274 voluntarius;
609 3237 643 3265 et
671 3228 897 3266 inordinatio
923 3228 1015 3275 eius,
1037 3240 1134 3277 quae
1165 3235 1220 3264 est
1237 3239 1306 3277 per
1334 3239 1390 3264 re-

334 3293 482 3317 cessum
503 3293 525 3317 a
544 3282 624 3328 lege
649 3283 732 3319 Dei.
755 3282 906 3319 Horum
926 3289 1055 3318 autem
1081 3281 1247 3318 duorum
1267 3292 1387 3317 unum

332 3346 401 3382 per
420 3345 460 3370 se
481 3342 722 3382 comparatur
749 3335 798 3371 ad
816 3342 1051 3383 peccantem,
1074 3334 1139 3383 qui
1158 3333 1316 3370 intendit
1335 3341 1388 3370 ta-

333 3387 410 3422 lem
430 3393 555 3422 aetum
584 3387 838 3424 voluntarium
860 3400 1036 3424 exercere
1062 3387 1100 3424 in
1120 3386 1183 3424 tali
1211 3386 1389 3423 materia:

89 2813 184 2839 *Aug
211 2812 259 2833 Con
261 2814 283 2832 lr
271 2818 299 2833 ra

91 2838 180 2865 Faust„
185 2838 224 2859 lib.
227 2838 299 2865 XXII,

91 2970 165 2997 Qu.
178 2976 244 2996 xviu,
259 2973 300 2990 art.

93 3003 117 3025 5;
141 2997 201 3018 Part.
222 2996 241 3023 1
263 3002 302 3023 qu.

93 3029 152 3044 uxxv
153 3029 175 3049 11,
191 3026 231 3044 art.
246 3029 266 3050 3.

94 3129 103 3138 '
119 3128 166 3155 Qu.
182 3133 245 3154 mxxi,
263 3131 304 3149 art.

388 3499 415 3532 α)
436 3499 582 3532 differrent.
601 3513 618 3516 -
638 3498 764 3531 differant
783 3499 828 3522 Pa.

1441 1583 1534 1620 dens
1563 1596 1603 1620 se
1636 1584 1750 1620 habet
1778 1584 1826 1620 ad
1854 1582 2101 1621 intentionem
2134 1585 2348 1633 peccantis,·
2378 1586 2501 1624 nullus

1442 1636 1543 1673 enim
1559 1636 1749 1673 intendens
1768 1637 1818 1673 ad
1831 1637 1973 1673 malum
1994 1643 2172 1685 operatur
2185 1637 2216 1684 ³3,
2237 1645 2279 1675 ut
2293 1638 2538 1688 Dionysius
2552 1647 2580 1669 1>-
2595 1647 2648 1675 78⁴-

1442 1689 1541 1736 dicit,
1563 1700 1598 1726 1v
1625 1702 1707 1738 cap.
1729 1690 1774 1726 de
1797 1690 1884 1726 Div.
1905 1690 2021 1727 Nom.
2044 1691 2064 1711 *
2084 1690 2331 1728 Manifestum
2351 1700 2407 1729 est
2433 1705 2499 1730 au·
2527 1699 2738 1747 ἒξι-ιΤὴ-ιεοι-ιιιι,

1440 1749 1516 1779 tern
1537 1743 1643 1790 quod
1662 1742 1969 1790 unumquodque
1990 1743 2233 1792 consequitur
2252 1744 2421 1793 speciem
2441 1758 2517 1782 se--
2578 1741 2584 1748 '

1442 1795 1611 1832 cundum
1640 1796 1730 1832 illud
1750 1796 1854 1844 quod
1874 1804 1930 1832 est
1947 1808 2017 1845 per
2044 1809 2097 1843 se⁷
2118 1808 2197 1833 non
2217 1805 2346 1834 autem
2366 1809 2499 1835 secun-

1442 1847 1534 1884 dum
1571 1848 1611 1885 id
1638 1849 1742 1897 quod
1778 1856 1833 1885 est
1867 1861 1937 1897 per
1974 1848 2170 1886 accidens:
2200 1850 2289 1897 quia
2322 1862 2367 1887 ea
2401 1862 2500 1899 quae

1441 1908 1527 1938 sunt
1553 1913 1623 1950 per
1651 1901 1843 1949 accidens,
1875 1909 1962 1939 sunt
1990 1909 2093 1939 extra
2121 1902 2307 1940 rationem
2346 1903 2498 1952 speciei.

1441 1955 1490 1991 Et
1526 1953 1613 1991 ideo
1651 1962 1806 2003 peccata
1835 1955 1960 2003 specie
1998 1955 2277 2003 distinguuntur
2313 1968 2359 1994 ex
2393 1965 2500 2005 parte

1441 2015 1593 2044 actuum
1623 2008 1937 2055 voluntariorum,
1958 2008 2079 2056 magis
2103 2020 2220 2057 quarn
2246 2021 2292 2045 ex
2318 2017 2427 2058 parte
2445 2010 2501 2047 in-

1440 2060 1687 2097 ordinationis
1707 2061 1745 2098 in
1773 2069 1931 2110 peccato
1957 2061 2144 2099 existentis
2172 2061 2203 2098 *.
2225 2063 2343 2099 Actus
2372 2070 2500 2100 autem
2529 2073 2538 2082 ·
2562 2072 2590 2094 D·
2614 2079 2666 2102 3⁴7¹
2690 2072 2738 2100 785,

1439 2113 1643 2150 voluntarii
1663 2113 1940 2162 distinguuntur
1959 2114 2084 2163 specie
2105 2115 2318 2152 secundum
2339 2115 2499 2164 obiecta,
2527 2105 2579 2127 ⁹⁹²

1439 2173 1481 2203 ut
1503 2166 1542 2204 in
1562 2166 1820 2216 superioribus
1850 2175 2044 2205 ostensum
2070 2175 2126 2204 est
2146 2169 2164 2187 ⁴*
2169 2168 2310 2205 ‚Unde
2334 2167 2541 2218 sequitur
2554 2178 2603 2206 Qu
2616 2183 2682 2205 xvm,
2696 2181 2739 2199 art-

1440 2219 1547 2267 quod
1565 2227 1719 2268 peccata
1747 2220 1901 2269 proprie
1922 2220 2196 2269 distinguantur
2223 2221 2349 2269 specie
2369 2233 2502 2259 secun·
2528 2210 2549 2232 ⁵

1441 2273 1534 2310 dum
1563 2273 1723 2310 obiecta.

1493 2327 1551 2362 Αι)
1581 2337 1718 2363 ΡιιιΜυΜ
1746 2338 1843 2363 ERGO
1873 2338 2056 2364 ῡιεεΝουΜ
2075 2327 2181 2375 quod
2210 2326 2294 2363 finis
2313 2326 2501 2376 principa-

1440 2378 1521 2415 liter
1549 2379 1663 2415 habet
1698 2378 1883 2416 rationem
1922 2380 2035 2416 boni:
2066 2387 2101 2417 et
2133 2379 2220 2417 ideo
2260 2387 2503 2428 comparatur

1441 2431 1490 2468 ad
1513 2439 1640 2468 actum
1659 2432 1876 2480 voluntatis,
1897 2432 1960 2481 qui
1989 2440 2046 2470 est
2063 2431 2315 2482 primordialis
2335 2431 2375 2470 in
2395 2433 2501 2471 omni

1440 2492 1610 2534 peceato,
1631 2484 1726 2522 sicut
1746 2485 1948 2523 obiectum.
1970 2486 2082 2523 Unde
2100 2486 2139 2522 in
2158 2485 2261 2523 idem
2283 2485 2378 2522 redit
2397 2485 2502 2535 quod

1439 2546 1596 2586 peccata
1625 2537 1800 2575 differant
1837 2538 2049 2576 secundum
2078 2538 2246 2586 obiecta,
2276 2539 2339 2576 vel
2368 2550 2500 2576 secun-

1442 2591 1534 2628 dum
1563 2591 1671 2628 fines.

1494 2646 1552 2681 An
1582 2655 1771 2681 SECUNDUM
1800 2656 1984 2682 DICENDUM
2004 2644 2109 2693 quod
2127 2651 2328 2694 peccatum
2348 2656 2427 2681 non
2447 2651 2502 2681 est

1440 2709 1536 2746 pura
1564 2697 1738 2746 privatio,
1759 2698 1827 2735 sed
1856 2705 1911 2735 est
1930 2705 2034 2734 actus
2064 2697 2190 2734 debito
2216 2697 2350 2734 ordine
2377 2697 2501 2746 priva-

1441 2758 1500 2787 tus
1528 2750 1558 2787 ²¹⁶.
1585 2751 1634 2786 Et
1660 2750 1748 2787 ideo
1777 2758 1932 2799 peccata
1959 2750 2079 2798 magis
2113 2750 2391 2798 distinguuntur
2419 2762 2502 2799 spe-

1443 2803 1498 2840 cie
1527 2804 1739 2840 secundum
1769 2803 1917 2840 obiecta
1946 2811 2113 2850 actuum,
2143 2815 2260 2851 quam
2289 2803 2500 2841 secundum

1442 2856 1663 2905 opposita·
1681 2856 1869 2902 Quamvis
1890 2856 2003 2894 etiam
2024 2856 2054 2893 si
2078 2856 2354 2904 distinguantur
2372 2867 2503 2893 secun-

1443 2910 1535 2947 dum
1565 2909 1758 2958 oppositas
1777 2909 1946 2958 virtutes,
1967 2909 2006 2946 in
2034 2908 2136 2946 idem
2162 2909 2316 2946 rediret:
2345 2908 2502 2946 virtutes

1443 2962 1545 3000 enim
1575 2962 1853 3011 distinguuntur
1881 2962 2006 3011 specie
2035 2962 2247 3000 seeundum
2276 2961 2436 3010 obiecta,
2461 2969 2504 2998 ut

1444 3028 1557 3065 supra
1585 3015 1605 3036 '¹‘
1631 3015 1802 3052 habitum
1833 3022 1899 3052 est.

1497 3070 1556 3105 Αι)
1583 3080 1742 3105 TERTIUM
1771 3079 1953 3105 monimum
1990 3067 2097 3116 quod
2134 3067 2225 3104 nihil
2257 3067 2435 3116 prohibet
2467 3067 2504 3104 in

1446 3121 1604 3158 diversis
1641 3121 1754 3157 rebus
1791 3120 1916 3169 specie
1955 3121 2017 3157 vel
2050 3132 2187 3168 genere
2222 3120 2502 3166 differentibus,

1444 3173 1615 3211 invenire
1634 3173 1761 3210 unam
1781 3173 1983 3210 formalem
2003 3173 2189 3210 rationem
2214 3172 2365 3221 obiecti,
2386 3184 2408 3209 a
2427 3184 2502 3222 qua

1445 3233 1644 3275 peccatum
1674 3226 1840 3275 speciem
1862 3226 2002 3275 recipit.
2025 3227 2074 3263 Et
2091 3227 2167 3263 hoc
2186 3226 2305 3263 modo
2327 3224 2503 3274 superbia

1447 3279 1544 3316 circa
1573 3279 1741 3316 diversas
1775 3292 1834 3316 res
1870 3279 2127 3316 excellentiam
2157 3278 2321 3327 quaerit:
2350 3277 2504 3315 avaritia

1445 3344 1539 3369 vero
1561 3331 1832 3369 abundantiam
1862 3345 1997 3370 eorum
2018 3344 2115 3381 quae
2143 3331 2227 3369 usui
2255 3332 2423 3368 humano
2444 3342 2504 3367 ac-

1448 3386 1754 3422 commodantur.

2530 2759 2539 2768 ·
2554 2758 2583 2780 D.
2598 2758 2650 2786 987.

2530 3021 2542 3032 ³*
2556 3021 2604 3049 Qu.
2614 3026 2651 3048 ιιι,
2666 3023 2708 3042 art.
2721 3026 2742 3047 5.

2832 1675 2840 2072 ——n—n--mxmffi——„m.
2832 1523 2840 1669 mm
2830 1479 2834 1483 ⁵

2837 2772 2840 2779 ι
2837 2730 2840 2762 a..
2834 2687 2840 2720 2.ss
2832 2306 2840 2651 ———.Q›-;...——
