2840 4010
85 1286 106 1306 ui
128 1291 193 1306 niun

85 1318 148 1335 ,tur-u
159 1320 195 1338 ,μμ

1005 130 1271 177 QUAESTIO
1301 130 1435 177 CXIII,
1464 130 1760 168 ARTICULUS
1788 131 1856 167 VlI

316 211 417 243 stitia:
440 210 571 251 quando
600 209 740 240 secundo
768 209 867 240 modo
891 208 940 246 fit,
970 209 1123 240 terminus
1147 209 1188 240 ad
1211 217 1308 250 quem
1332 216 1378 239 est

315 253 432 287 iustitia
455 253 613 294 expellens
644 253 782 294 culpam.
810 253 850 284 Et
873 252 948 294 quia
972 263 1008 283 ex
1030 253 1092 284 hoc
1115 253 1210 283 habet
1232 251 1377 282 ultimam

315 298 520 334 differentiam
540 296 719 328 iustificatio
734 297 803 334 ista,
819 305 876 337 per
891 306 989 337 quam
1004 296 1105 327 differt
1121 307 1139 327 a
1157 294 1378 327 iustificatione

316 342 410 374 etiam
428 341 588 382 compari;
608 341 680 372 ideo
697 351 734 372 ex
749 341 808 372 hac
822 340 1001 371 iustificatio
1018 340 1109 381 impii
1125 339 1239 370 dicitur
1253 348 1378 369 sumere

315 386 464 427 speciem,
488 386 570 416 sicut
591 393 699 416 motus
716 396 734 416 a
747 395 808 416 suo
824 385 970 415 termino.

369 430 410 461 Et
425 440 462 461 ex
477 430 539 461 hoc
554 430 687 461 solvitur
703 435 925 470 argumentum
941 428 1070 460 litterae.
1087 426 1171 464 Quia
1181 426 1221 457 ad
1232 426 1378 456 iustifica-

315 474 437 506 tionem
459 474 551 514 impii
575 474 732 505 concurrit
754 472 898 504 remissio
922 472 1034 514 culpae
1057 477 1092 501 ut
1114 469 1288 500 substantia
1312 470 1379 500 eius

318 529 383 549 non
403 518 557 554 absolute,
582 517 637 548 sed
655 528 713 558 pro
730 524 850 558 quanto
875 515 1012 556 speciem
1027 514 1121 544 habet
1136 519 1243 544 motus
1263 523 1300 543 ex
1318 520 1378 543 ter-

317 562 416 595 mino.
441 561 483 593 Et
505 562 580 603 quia
609 561 700 602 plura
729 561 788 592 alia
810 559 850 591 ad
878 556 1134 589 iustificationem
1161 557 1378 598 requiruntur,

316 606 390 637 ideo
419 605 563 637 remissio
587 611 834 636 connumeratur
855 602 933 633 aliis.

374 651 412 682 V.
433 650 470 680 In
491 649 698 690 responsione
721 649 762 679 ad
784 647 962 678 secundum
978 646 1120 676 eiusdem
1146 644 1224 676 sexti
1246 644 1378 680 articuli,

318 694 452 726 dubium
475 693 611 724 occurrit
633 693 674 723 de
694 691 869 724 intentione
884 690 1048 721 Auctoris:
1073 700 1113 720 an
1132 689 1274 721 intendat
1289 688 1379 730 quod

317 738 433 779 gratiae
456 732 574 768 infusio
595 743 626 767 et
639 735 783 768 remissio
801 735 911 775 culpae
935 734 996 764 sint
1011 734 1096 764 idem
1112 733 1289 765 secundum
1305 733 1379 763 sub-

318 781 475 817 stantiam,
492 787 523 811 et
546 779 778 821 distinguantur
796 778 973 809 secundum
992 776 1144 809 terminos
1151 786 1160 814 ;
1180 787 1219 808 an
1237 776 1379 807 intendat

316 825 407 867 quod
429 825 506 860 sint,
531 823 720 855 conveniant
747 829 778 854 et
801 822 1034 862 distinguantur
1057 821 1137 852 sicut
1166 820 1325 862 generatio
1350 827 1379 851 et

318 867 490 908 corruptio,
515 876 590 898 cum
613 867 772 907 generatio
797 866 891 897 unius
916 873 962 897 est
986 865 1148 906 corruptio
1171 864 1308 895 alterius.

371 912 467 943 Ratio
496 911 584 942 dubii
613 917 660 942 est
682 911 758 952 quia
788 911 822 941 in
854 911 954 941 littera
984 916 1156 951 utrumque
1189 908 1317 939 dicitur:
1349 914 1379 938 et

317 962 490 997 utrumque
512 955 609 986 simul
627 965 739 986 verum
760 965 828 986 esse
842 965 908 986 non
924 961 1038 995 potest.
1053 954 1137 984 Nam
1153 962 1227 984 cum
1246 961 1284 983 ex
1297 962 1380 992 aqua

317 999 353 1031 fit
374 999 470 1040 ignis,
495 1006 570 1030 sunt
597 999 640 1030 ibi
663 999 759 1030 simul
788 1000 870 1030 duae
892 998 1085 1030 mutationes
1108 996 1283 1028 secundum
1306 996 1380 1026 sub-

317 1042 475 1081 stantiam,
502 1050 532 1074 et
554 1050 693 1084 quatuor
711 1042 852 1074 termini:
876 1042 971 1073 altera
995 1049 1042 1073 est
1062 1040 1222 1082 generatio
1241 1040 1280 1071 de
1303 1049 1382 1070 non-

317 1096 384 1118 esse
407 1088 447 1118 ad
466 1096 533 1118 esse
555 1087 652 1127 ignis;
677 1087 772 1118 altera
800 1094 847 1118 est
865 1086 1026 1126 corruptio
1043 1086 1082 1116 de
1098 1094 1165 1116 esse
1184 1084 1218 1115 in
1233 1093 1381 1114 non-esse

318 1140 429 1172 aquae.
446 1132 487 1162 Et
509 1131 535 1162 si
558 1132 602 1162 sic
625 1137 672 1162 est
694 1131 726 1161 in
750 1130 926 1172 proposito,
942 1140 1008 1161 non
1031 1137 1078 1160 est
1099 1129 1186 1160 idem
1203 1128 1380 1159 secundum

318 1175 528 1207 subsmntiam
554 1175 670 1216 gratiae
698 1175 816 1206 infusio
840 1181 871 1206 et
893 1174 1037 1205 remissio
1061 1173 1180 1213 culpae.
1205 1172 1249 1209 Et,
1268 1171 1294 1202 si
1313 1181 1380 1202 non

317 1227 364 1251 est
387 1219 445 1256 sic,
469 1229 535 1250 non
558 1219 706 1250 differunt
734 1226 764 1250 et
787 1218 981 1250 conveniunt
1008 1225 1043 1249 ut
1065 1216 1224 1258 generatio
1252 1222 1283 1247 et
1306 1226 1379 1247 cor-

267 1262 270 1263 ’
321 1263 438 1305 ruptim
463 1270 499 1294 ut
520 1263 553 1294 in
575 1263 678 1297 littera
701 1263 824 1294 dicitur.

373 1306 428 1339 VI.
445 1307 498 1338 Ad
520 1307 583 1338 hoc
606 1306 719 1338 dicitur
741 1307 830 1348 quod
853 1306 904 1338 hic
927 1312 1054 1347 oportet
1075 1311 1204 1336 cautum
1227 1314 1312 1341 esse,
1336 1314 1376 1335 ne

319 1350 511 1382 divertamus
535 1351 574 1382 de
592 1360 659 1381 uno
683 1351 716 1382 in
739 1351 835 1387 aliud,
860 1357 891 1381 et
913 1350 1068 1381 fallamur.
1084 1349 1168 1380 Nam
1186 1348 1377 1388 distinguere

268 1392 277 1400 ⁹
319 1398 447 1437 oportet
469 1395 508 1425 de
530 1394 732 1435 generatione
756 1401 786 1426 et
809 1394 1012 1435 corruptione
1037 1400 1072 1429 ut
1095 1399 1169 1424 sunt
1182 1391 1330 1429 actiones,
1348 1399 1380 1423 et

77 2017 90 2029 ⁵
103 2016 175 2039 Num.
189 2023 211 2039 v.

77 2235 289 2264 'Art-praeced,

77 2289 87 2299 ·
101 2264 210 2312 conani:
219 2267 244 2310 ¹³:
253 2251 280 2284 ¹¹3

78 3290 90 3302 ’
105 3291 154 3313 Art.
169 3297 189 3320 3.

319 1445 357 1471 ut
378 1445 454 1470 sunt
473 1438 679 1470 mutationes.
702 1438 735 1469 Si
758 1448 899 1479 namque
921 1445 968 1469 est
991 1447 1096 1469 sermo
1119 1438 1159 1468 de
1181 1435 1304 1468 actione
1326 1446 1378 1477 ge-

319 1482 457 1525 nerativa
479 1489 512 1514 et
533 1483 727 1523 corruptiva,
751 1483 796 1514 sic
819 1483 990 1514 dicendum
1018 1489 1065 1514 est
1087 1481 1176 1523 quod
1199 1487 1245 1512 est
1267 1481 1378 1512 eadem

353 1526 503 1561 cundum.
518 1526 737 1563 substantiam,
753 1533 784 1558 et
800 1527 1003 1567 distinguitur
1015 1526 1193 1557 secundum
1215 1524 1377 1557 terminos.

318 1536 440 1601 Edem
464 1581 603 1612 namque
626 1571 707 1602 actio
732 1578 778 1602 est
801 1581 864 1612 qua
888 1570 1026 1602 calidum
1049 1575 1177 1610 generat
1196 1568 1332 1599 calorem
1349 1576 1379 1600 et

320 1614 495 1655 corrumpit
513 1614 621 1655 frigus,
646 1614 764 1646 scilicet
779 1614 954 1646 calefactio:
971 1624 1053 1656 quae
1069 1614 1258 1655 inquantum
1273 1613 1378 1643 termi-

319 1661 413 1690 natur
435 1659 475 1689 ad
496 1658 717 1699 expulsionem
741 1658 874 1699 frigoris,
899 1659 1013 1691 dicitur
1031 1657 1192 1698 corruptio
1215 1656 1328 1693 active;
1349 1665 1379 1688 et

318 1702 512 1744 inquantum
533 1702 719 1734 terminatur
740 1704 781 1734 ad
800 1703 946 1740 calorem,
964 1703 1079 1733 dicitur
1093 1700 1253 1742 generatio
1268 1701 1378 1732 active.

318 1746 359 1781 Et
376 1747 422 1785 ¹ad
437 1746 523 1778 hunc
542 1757 671 1778 sensum
686 1747 800 1778 directe
816 1748 916 1779 tendit
929 1748 1046 1778 littera:
1062 1746 1216 1787 quoniam
1231 1751 1296 1779 tam
1311 1755 1378 1785 gra-

318 1790 379 1823 tiae
401 1787 520 1822 infusio
544 1790 803 1832 quam'remissio
824 1792 935 1832 culpae
956 1791 1114 1823 actionem
1134 1787 1302 1830 significat,
1326 1790 1379 1820 illa

318 1833 541 1877 generativam,
564 1835 623 1866 ista
645 1835 851 1876 expulsivam.

373 1875 406 1910 Si
433 1885 540 1910 autem
570 1885 651 1910 esset
677 1887 781 1910 sermo
815 1880 853 1910 de
885 1879 1086 1920 generatione
1119 1885 1149 1909 et
1175 1877 1378 1918 corruptione

318 1927 355 1954 ut
375 1927 452 1954 ‘sunt
475 1923 680 1959 mutationes,
705 1931 782 1954 tunc
807 1924 977 1955 dicendum
1000 1930 1046 1954 est
1068 1920 1157 1964 quod
1179 1930 1245 1952 non
1269 1928 1315 1952 est
1338 1921 1378 1952 si-

318 1966 394 1998 mile
417 1967 456 1997 de
481 1967 524 1998 eis
547 1974 579 1998 et
602 1968 640 1998 de
663 1968 844 2008 propositis.
868 1968 952 1998 Nam
971 1967 1132 2008 generatio
1153 1973 1183 1998 et
1204 1966 1378 2006 corruptio,

318 2017 355 2041 ut
377 2011 499 2042 dictum
523 2018 569 2042 est
583 2009 614 2047 *,
639 2018 714 2043 sunt
736 2012 816 2043 duae
840 2012 1033 2043 mutationes
1054 2011 1136 2042 inter
1158 2015 1297 2052 quatuor
1319 2017 1377 2041 ter-

318 2054 434 2086 minos.
460 2055 495 2085 In
517 2054 738 2087 iustificatione
761 2063 869 2087 autem
891 2056 982 2097 impii
1006 2063 1053 2087 est
1076 2065 1140 2086 una
1159 2055 1228 2086 sola
1241 2054 1378 2085 mutatio

317 2098 399 2130 inter
420 2099 503 2130 duos
525 2099 688 2136 terminos,
706 2099 821 2131 scilicet
845 2101 882 2131 de
907 2100 999 2141 culpa
1018 2101 1057 2131 ad
1070 2097 1202 2140 gratiam
1218 2107 1273 2128 seu
1289 2097 1378 2129 iusti-

317 2143 404 2174 tiam.
428 2142 471 2174 Et
492 2143 573 2174 ratio
597 2151 643 2174 est
666 2143 740 2185 quia
765 2144 858 2185 culpa
882 2152 947 2175 non
964 2151 1011 2175 est
1026 2143 1146 2185 aliquid
1162 2140 1344 2184 positivum,
1361 2153 1378 2172 a

318 2187 408 2218 cuius
431 2196 498 2218 esse
519 2186 561 2218 ad
583 2195 731 2218 non—esse
753 2195 899 2228 oporteat
919 2197 985 2220 esse
1005 2188 1214 2219 mutationem
1235 2195 1316 2227 quae
1333 2194 1379 2218 est

318 2231 495 2271 corruptio:
520 2232 575 2262 sed
598 2239 645 2263 est
666 2230 800 2273 privatio
822 2233 949 2273 gratiae,
973 2239 1009 2263 ut
1031 2233 1152 2263 dictum
1174 2238 1221 2263 est
1235 2230 1261 2261 *.

371 2275 439 2307 vn.
450 2276 491 2307 Et
501 2275 656 2317 quoniam
670 2276 794 2314 Scotus‚
814 2277 847 2307 in
860 2277 993 2315 Quarto,
1011 2277 1083 2308 dist.
1096 2286 1157 2313 xvr,
1168 2286 1224 2317 qu.
1236 2274 1296 2312 n*,
1315 2275 1378 2306 hoc

315 2319 491 2360 impugnat,
511 2319 684 2351 afferendae
699 2327 775 2352 sunt
788 2321 869 2352 duae
882 2321 1020 2352 rationes
1035 2330 1120 2357 suae,
1136 2326 1173 2351 ut
1187 2318 1298 2351 veritas
1312 2330 1378 2350 ma-

315 2363 363 2403 gis
379 2363 542 2395 elucescat.
559 2364 674 2404 Arguit
688 2365 802 2406 primo.
817 2364 904 2395 ldem
917 2363 1099 2405 simpliciter
1110 2375 1176 2396 non
1188 2370 1293 2405 potest
1307 2364 1377 2404 plu-

316 2404 427 2438 rificari
451 2414 482 2439 et
504 2417 571 2438 non
594 2407 773 2448 plurificari,
791 2415 822 2440 et
844 2409 906 2440 hoc
929 2406 1113 2450 accipiendo
1132 2408 1285 2440 terminos
1309 2409 1377 2439 uni-

316 2451 469 2482 formiter.
488 2451 551 2482 Sed
574 2452 718 2483 remissio
741 2452 852 2493 culpae
876 2453 1085 2493 plurificatur:
1111 2452 1292 2485 consecutio
1307 2462 1375 2492 gra-

315 2495 377 2530 tiae
397 2505 463 2526 non
479 2495 684 2536 plurificatur.
699 2497 795 2537 Ergo.
807 2498 995 2528 -Probatur
1013 2498 1136 2528 minor:
1161 2497 1236 2538 quia
1250 2496 1379 2528 cuilibet

317 2539 428 2580 culpae
451 2540 622 2581 respondet
644 2541 772 2581 propria
795 2541 950 2572 remissio.
978 2542 1149 2572 Probatur:
1173 2541 1248 2582 quia
1273 2547 1379 2581 potest

316 2582 459 2615 remissio
484 2585 579 2615 unius
596 2586 730 2625 separari
755 2586 793 2616 ab
812 2585 924 2616 altera:
943 2592 1022 2626 puta
1037 2586 1062 2616 si
1086 2596 1152 2616 non
1168 2585 1379 2617 commisisset

317 2626 366 2658 tot
389 2628 513 2668 culpas.

373 2669 541 2708 Secundo,
566 2672 619 2702 sic.
649 2671 736 2703 ldem
765 2682 831 2703 non
860 2680 1021 2713 separatur
1044 2674 1082 2704 ab
1107 2674 1235 2710 eodem,
1261 2681 1291 2704 et
1318 2674 1379 2704 hoc

316 2715 517 2746 unifiormiter
534 2716 692 2747 sumendo
715 2717 876 2748 terminos.
898 2717 959 2748 Sed
982 2717 1126 2758 expulsio
1150 2718 1261 2758 culpae
1279 2725 1308 2748 et
1331 2728 1379 2748 ac-

317 2759 447 2800 quisitio
462 2760 578 2799 gratiae
593 2767 779 2800 separantur
793 2762 832 2791 ab
854 2761 1008 2792 invicem:
1034 2768 1070 2793 ut
1084 2768 1171 2802 patet
1185 2771 1223 2792 ex
1238 2771 1276 2793 eo
1292 2762 1380 2803 quod

2416 133 2490 181 337

1431 209 1528 248 gratia
1552 210 1644 240 datur
1666 210 1887 241 innocentibus
1911 210 2029 250 angelis
2053 217 2084 242 et
2105 211 2193 241 Adae
2216 210 2249 241 in
2268 211 2436 252 principio;
2462 219 2493 243 et

1431 253 1517 283 Deus
1534 261 1648 293 potest,
1667 254 1705 284 de
1720 254 1862 294 potentia
1885 255 2039 291 absoluta,
2056 264 2182 295 parcere
2198 255 2316 295 absque
2332 255 2491 286 infusione

1431 297 1556 336 gratiae.
1573 315 1594 321 -
1613 297 1763 339 Reliquas
1786 298 1922 329 rationes
1946 298 2032 329 Scoti
2054 298 2219 330 attulimus
2243 299 2387 339 superius
2403 299 2431 336 ’ᾗ
2453 299 2491 330 de

1432 341 1635 380 oppositione
1652 341 1871 378 terminorum,
1890 341 2007 373 scilicet
2021 343 2137 383 gratiae
2150 349 2180 374 et
2196 343 2320 384 culpae;
2338 350 2368 374 ct
2384 344 2490 374 remis-

1432 384 1529 414 sionis
1554 386 1665 425 culpae
1688 386 1806 427 absque
1829 386 1936 426 gratia.

1487 429 1568 460 VIII.
1593 429 1654 459 Sed
1677 430 1755 460 haec
1778 440 1892 470 parum
1915 430 2010 461 etiam
2033 431 2232 471 apparentiae
2255 431 2380 468 habent,
2403 432 2490 472 apud

1433 472 1614 503 exercitatos
1630 480 1660 504 et
1682 474 1891 505 discernentes
1910 475 1999 515 quod
2014 485 2081 505 non
2102 482 2148 506 est
2163 475 2202 505 de
2217 485 2323 506 rerum
2343 475 2490 506 omnium

2518 305 2526 313 ’
2546 304 2596 325 Art.
2611 310 2635 330 2,
2658 304 2730 326 com-

2518 334 2731 358 ment.n.1x;art.5,

2517 358 2649 378 comment.
2660 362 2683 378 n.
2694 362 2710 378 1.

1431 514 1591 547 identitate
1615 527 1671 557 par
1694 518 1772 548 ratio
1796 518 1960 559 utrinque:
1983 519 2039 549 sed
2062 519 2219 559 quaedam
2246 526 2321 550 sunt
2343 529 2426 560 quae
2448 519 2491 550 ita
2531 551 2534 553 ,

1433 568 1465 588 se
1487 559 1604 591 habent
1627 562 1725 601 quod,
1750 561 1808 592 etsi
1830 572 1931 592 unum
1951 562 2051 602 possit
2073 562 2194 593 absolvi
2217 564 2255 593 ab
2279 563 2387 600 altero,
2411 562 2491 594 illud

1432 608 1537 633 tamen
1565 604 1699 635 alterum
1722 615 1788 635 non
1811 612 1916 646 potest
1938 606 2058 637 absolvi
2080 607 2118 637 ab
2142 606 2215 643 i110;
2241 613 2271 637 et
2293 617 2360 638 non
2383 607 2491 638 solum

1433 656 1497 676 non
1527 654 1632 687 potest
1661 649 1795 685 absolvi,
1820 650 1875 680 sed
1904 650 2063 681 concurrit
2089 650 2121 680 in
2152 650 2348 682 identitatem
2375 651 2491 682 realem

1433 700 1506 720 cum
1528 691 1595 722 illo.
1611 692 1740 723 Animal
1756 693 1841 723 enirn
1856 693 1928 725 licet
1943 694 2044 734 possit
2058 704 2124 725 esse
2140 694 2206 725 sine
2221 695 2368 731 homine,
2390 695 2490 726 homo

1432 741 1537 765 tamen
1562 745 1626 766 non
1650 743 1754 776 potest
1773 747 1839 767 esse
1858 737 1925 767 sine
1939 737 2083 775 animali3
2100 738 2142 768 ita
2156 739 2244 779 quod
2261 745 2386 779 oportet
2402 740 2491 779 quod

1432 778 1471 809 sit
1493 779 1578 809 idem
1597 781 1686 820 quod
1701 780 1827 812 animal.
1852 781 1892 812 Et
1908 781 2020 812 albedo
2037 789 2140 822 potest
2156 793 2222 813 esse
2239 782 2306 813 sine
2324 783 2386 813 hoc
2401 783 2490 823 quod

1432 822 1471 853 sit
1486 822 1622 853 intensa:
1643 823 1784 854 intensus
1803 831 1908 855 tamen
1925 825 2039 864 gradus
2054 826 2206 856 albedinis
2222 836 2288 857 non
2303 834 2408 866 potest
2424 837 2489 858 esse

1432 866 1498 896 sine
1522 877 1571 903 ea,
1592 874 1622 898 et
1644 867 1853 898 identificatur
1875 869 1929 899 illi.
1946 870 1987 899 Et
2008 870 2096 910 quod
2120 871 2159 900 ad
2182 871 2384 910 propositum
2407 871 2489 907 facit,

1432 910 1603 941 illuminari
1627 918 1732 951 potest
1755 912 1874 942 absolvi
1889 913 1927 942 ab
1951 912 2034 943 exitu
2051 923 2068 943 a
2083 915 2222 944 tenebra:
2245 914 2327 944 exire
2350 922 2454 945 tamen
2471 925 2490 945 a

1432 955 1567 985 tenebris
1590 965 1656 985 non
1680 963 1784 995 potest
1806 955 1928 986 absolvi
1951 957 1989 986 ab
2013 957 2193 988 illuminari.
2218 958 2310 988 Unde
2324 958 2405 989 sicut
2419 958 2489 989 illu-

1433 998 1545 1028 minari
1568 999 1712 1030 absolute
1728 1006 1774 1029 est
1797 1000 1932 1030 mutatio
1952 1010 1988 1030 ex
2004 1011 2069 1030 non
2085 1001 2206 1031 lumine
2220 1003 2259 1031 ad
2272 1002 2396 1038 lumem
2418 1003 2489 1033 illu-

1433 1041 1545 1072 minari
1569 1049 1676 1073 autem
1699 1044 1902 1074 tenebrosum
1927 1051 1973 1074 est
1995 1045 2129 1075 mutatio
2154 1055 2191 1075 ex
2204 1045 2324 1075 lumine
2340 1046 2490 1086 privative

1432 1085 1465 1115 in
1487 1086 1608 1123 lumen,
1632 1093 1663 1118 et
1686 1093 1732 1117 est
1750 1097 1814 1118 una
1829 1087 1963 1118 mutatio
1979 1088 2112 1128 simplex
2129 1089 2166 1119 de
2183 1089 2309 1119 tenebra
2326 1090 2365 1119 ad
2380 1089 2489 1120 lumen

1431 1129 1512 1160 inter
1526 1130 1608 1161 duos
1622 1137 1745 1162 tantum
1761 1131 1921 1168 terminos,
1935 1129 2051 1162 scilscet
2066 1132 2276 1172 privationem
2292 1139 2323 1164 et
2338 1133 2487 1170 formam;

1432 1171 1567 1214 simplex*
1587 1185 1727 1216 namque
1743 1176 1867 1215 negatio
1885 1182 2042 1206 contracta
2057 1176 2097 1206 ad
2118 1177 2336 1216 privationem,
2353 1178 2491 1208 eundem

1433 1218 1594 1249 constituit
1620 1219 1792 1250 terminum
1820 1230 1838 1250 a
1862 1228 1944 1260 quo:
1974 1220 2017 1251 ita
2047 1220 2080 1250 in
2110 1221 2276 1261 proposito
2307 1222 2489 1252 consecutio

1431 1262 1556 1301 gratiae,
1580 1263 1724 1294 absolute
1747 1263 1920 1304 loquendo,
1946 1271 1992 1295 est
2015 1265 2150 1295 mutatio
2173 1265 2212 1295 de
2234 1265 2370 1305 simplici
2395 1275 2488 1306 nega-

1432 1306 1517 1336 tione
1533 1307 1647 1346 gratiae
1672 1307 1711 1337 ad
1734 1307 1875 1347 gratiam,
1892 1315 1922 1338 et
1940 1315 2045 1348 potest
2060 1309 2180 1339 absolvi
2196 1310 2234 1339 ab
2251 1309 2335 1340 exitu
2351 1320 2370 1340 a
2386 1310 2489 1350 culpa,

1432 1349 1574 1381 sednon
1596 1361 1612 1381 e
1636 1361 1797 1388 converso,
1823 1352 1903 1382 exire
1922 1352 2041 1392 quippe
2065 1363 2082 1382 a
2106 1353 2199 1392 culpa
2226 1352 2422 1393 impossibile
2444 1360 2491 1384 est

1431 1393 1490 1424 nisi
1514 1395 1738 1436 consequendo
1761 1395 1909 1435 gratiam;
1934 1395 1977 1426 ita
1999 1397 2088 1436 quod
2112 1403 2158 1427 est
2177 1406 2239 1427 una
2255 1397 2390 1428 mutatio
2405 1398 2487 1428 exire

1432 1448 1449 1468 a
1473 1439 1565 1479 culpa
1588 1446 1619 1470 et
1641 1439 1794 1480 consequi
1816 1440 1957 1479 gratiam,
1980 1438 2061 1471 int'er
2083 1441 2165 1470 duos
2187 1440 2349 1476 terminos,
2375 1441 2491 1472 scilicet

1432 1483 1567 1523 culpam,
1584 1493 1665 1524 quae
1680 1490 1727 1514 est
1745 1484 1879 1524 privatio
1899 1484 2053 1514 contraria
2074 1484 2199 1524 gratiae,
2217 1492 2247 1515 et
2261 1485 2407 1524 gratiam;
2432 1494 2489 1516 nec

1432 1534 1505 1557 sunt
1528 1527 1593 1557 duo
1617 1527 1742 1558 termini
1758 1538 1776 1558 a
1791 1538 1858 1568 quo
1882 1528 2007 1568 negatio
2027 1528 2143 1568 gratiae
2164 1535 2194 1559 et
2212 1529 2344 1568 privatio
2364 1529 2489 1568 gratiae,

1432 1571 1484 1600 sed
1509 1570 1642 1611 privatio
1666 1571 1823 1603 contrahit
1846 1572 2056 1612 negationem,
2081 1579 2111 1603 et
2134 1573 2296 1604 constituit
2311 1583 2414 1603 unum
2429 1580 2490 1604 ter-

1432 1614 1556 1645 minum
1579 1626 1596 1645 a
1620 1625 1696 1656 quo.

1489 1659 1530 1689 Et
1553 1669 1609 1699 per
1631 1659 1692 1690 hoc
1724 1666 1809 1699 patet
1837 1660 1914 1700 quid
1943 1660 2112 1690 dicendum
2136 1660 2175 1691 sit
2207 1660 2245 1690 ad
2269 1661 2487 1701 quaestionem

1432 1712 1495 1743 qua
1511 1703 1671 1744 quaeritur
1694 1710 1802 1734 utrum
1817 1703 1849 1733 in
1865 1703 2024 1734 infusione
2040 1704 2155 1744 gratiae
2170 1711 2200 1734 et
2223 1704 2407 1735 remissione
2424 1705 2489 1735 cul-

1432 1757 1491 1787 pae
1503 1747 1542 1778 sit
1560 1757 1623 1778 una
1639 1747 1772 1787 simplex
1787 1748 1921 1778 mutatio
1938 1748 2018 1779 inter
2029 1749 2110 1778 duos
2125 1755 2249 1779 tantum
2262 1749 2414 1779 terminos
2426 1749 2489 1779 for-

1433 1791 1555 1822 maliter
1578 1791 1759 1832 oppositos;
1783 1798 1820 1822 ut
1842 1792 2110 1832 praedeclaratum
2134 1792 2194 1823 fuit
2207 1792 2235 1824 *.

1487 1835 1538 1866 IX.
1562 1835 1602 1866 Et
1632 1836 1670 1865 ad
1703 1835 1915 1866 obiectionem
1944 1836 2080 1876 primam
2109 1836 2196 1866 Scoti
2218 1836 2236 1855 ’¹‘
2267 1837 2378 1867 dicitur
2401 1838 2490 1878 quod

1432 1879 1574 1910 remissio
1599 1879 1709 1919 culpae
1729 1890 1794 1910 non
1818 1880 2046 1920 multiplicatur
2061 1880 2236 1910 secundum
2260 1891 2316 1921 per
2330 1891 2361 1911 se
2386 1881 2489 1912 termi-

1433 1933 1523 1954 num:
1545 1923 1619 1964 quia
1639 1930 1674 1954 ut
1693 1923 1813 1955 dictum
1833 1923 1892 1954 fuit
1905 1924 1931 1960 *‚
1954 1934 2050 1955 omne
2073 1931 2237 1964 peccatum
2254 1925 2401 1956 convenit
2415 1934 2489 1956 cum

1432 1968 1492 1997 alio
1516 1968 1549 1997 in
1572 1968 1743 1998 aversione.
1764 1967 1824 1998 Sed
1847 1968 2021 1999 multitudo
2045 1975 2091 1999 est
2114 1968 2146 1998 in
2170 1968 2309 1999 terminis
2334 1979 2390 2009 per
2411 1969 2489 2000 acci-

1432 2012 1517 2042 dens.
1543 2012 1640 2049 Quod
1663 2022 1728 2042 non
1752 2012 1943 2043 inconvenit.

1486 2056 1592 2086 Potest
1611 2056 1706 2086 etiam
1728 2056 1789 2086 dici
1804 2056 1892 2096 quod
1906 2056 2000 2093 idem,
2018 2056 2208 2097 inquantum
2230 2056 2326 2092 idem,
2341 2057 2490 2088 inconve-

1432 2099 1476 2130 nit
1499 2098 1699 2140 multiplicari
1719 2106 1749 2131 et
1772 2110 1836 2130 non
1855 2100 2072 2140 multiplicari:
2097 2101 2151 2130 sed
2170 2100 2359 2141 inquantum
2382 2101 2490 2142 aliquo

1432 2145 1529 2174 modo
1546 2143 1689 2174 differens
1705 2151 1751 2175 est
1770 2154 1787 2174 a
1810 2144 1925 2184 seipso,
1942 2150 2046 2184 potest
2061 2143 2262 2184 multiplicari
2279 2151 2309 2175 et
2324 2155 2390 2174 non
2406 2145 2488 2176 mul-

1431 2186 1572 2228 tiplicari.
1596 2187 1637 2218 Et
1659 2188 1703 2218 sic
1727 2195 1773 2219 est
1795 2188 1827 2218 in
1851 2187 2026 2228 proposito.
2043 2188 2127 2225 Quia
2150 2189 2250 2219 exitus
2274 2199 2291 2218 a
2315 2188 2416 2228 culpa,
2441 2189 2488 2219 in-

1431 2239 1587 2273 quantum
1606 2238 1652 2262 est
1666 2232 1750 2262 idem
1766 2232 1983 2263 consecutioni
2005 2232 2137 2272 gratiae,
2162 2232 2279 2263 scilicet
2300 2232 2490 2273 inquantum

1432 2283 1476 2306 est
1499 2276 1609 2306 eadem
1632 2276 1766 2306 mutatio
1790 2277 1967 2307 secundum
1984 2275 2202 2312 substantiam,
2223 2286 2290 2307 non
2311 2276 2406 2307 habet
2427 2277 2489 2308 hoc

1431 2321 1519 2361 quod
1549 2320 1777 2360 multiplicatur
1799 2327 1830 2351 et
1859 2330 1925 2350 non
1955 2320 2198 2360 multiplicatur:
2223 2321 2278 2351 sed
2299 2320 2490 2361 inquantum

1431 2372 1476 2395 est
1495 2364 1602 2405 aliquo
1618 2364 1718 2394 modo
1734 2364 1877 2394 differens
1893 2365 1931 2395 ab
1948 2374 1993 2400 ea,
2009 2364 2089 2404 ides)
2110 2375 2129 2394 a
2144 2364 2246 2405 seipsa
2262 2371 2296 2395 ut
2319 2364 2489 2395 identifica-

1430 2416 1480 2439 tur
1498 2409 1552 2439 illi.
1576 2408 1686 2439 Differt
1709 2408 1793 2439 enim
1815 2408 1847 2438 in
1864 2408 1935 2445 hoc,
1955 2408 2044 2449 quod
2059 2418 2092 2438 se
2107 2414 2192 2439 tenet
2208 2419 2244 2439 ex
2259 2415 2346 2449 parte
2367 2409 2490 2439 termini

1431 2463 1447 2482 a
1470 2462 1546 2493 quo,
1570 2452 1624 2482 illa
1651 2462 1726 2483 vero
1752 2462 1788 2482 ex
1812 2459 1898 2492 parte
1922 2452 2046 2484 termini
2070 2453 2108 2482 ad
2130 2462 2237 2492 quem.
2261 2452 2303 2483 Et
2325 2452 2368 2482 sic
2387 2459 2491 2492 potest

1431 2497 1632 2536 multiplicari
1656 2506 1692 2527 ex
1714 2496 1773 2527 hac
1788 2503 1885 2537 parte,
1902 2504 1933 2527 et
1948 2507 2014 2527 non
2030 2496 2231 2536 multiplicari
2255 2507 2291 2526 ex
2307 2503 2393 2536 parte
2416 2497 2486 2527 alia.

1483 2542 1522 2571 X.
1546 2542 1596 2571 Ad
1615 2541 1792 2571 secundum
1811 2541 1923 2571 dicitur
1943 2541 2031 2581 quod
2054 2540 2139 2570 idem
2162 2541 2283 2570 realiter
2305 2547 2336 2571 et
2359 2550 2488 2571 conver-

1431 2585 1564 2621 tibiliter,
1588 2585 1784 2624 impossibile
1801 2592 1846 2615 est
1861 2585 2010 2625 separari:
2034 2585 2088 2614 sed
2111 2594 2192 2625 quae
2215 2591 2288 2615 sunt
2310 2584 2396 2614 idem
2422 2594 2489 2615 rea-

1431 2629 1499 2660 liter
1522 2636 1551 2659 et
1574 2639 1640 2659 non
1664 2628 1913 2665 convertibiliter,
1936 2636 2070 2668 possunt
2095 2625 2230 2668 separari
2258 2638 2294 2658 ex
2317 2635 2403 2668 parte
2426 2639 2490 2669 qua

1433 2683 1498 2703 non
1514 2679 1559 2703 est
1576 2672 1831 2709 convertibilitas;
1852 2678 1888 2703 ut
1903 2679 1989 2713 patet
2008 2673 2045 2702 de
2060 2672 2187 2702 animali
2203 2679 2234 2702 et
2249 2671 2388 2708 homine,
2406 2672 2490 2702 albe-

1433 2717 1503 2747 dine
1527 2724 1557 2747 et
1579 2717 1722 2747 albedine
1752 2717 1888 2753 intensa,
1912 2723 1970 2747 etc.
1993 2716 2034 2747 Et
2057 2716 2100 2746 sic
2123 2723 2168 2746 est
2191 2716 2223 2746 in
2247 2716 2429 2756 proposito,
2454 2722 2490 2747 ut

1433 2767 1517 2801 patet
1540 2771 1576 2791 ex
1598 2761 1688 2791 dictis
1703 2760 1729 2791 *.

1095 2923 1413 2967 ARTICULUS
1443 2901 1708 2965 srprmus

694 3015 849 3047 UTRUM
873 3016 1163 3048 IUSTIFICATIO
1177 3017 1289 3048 ,ΙΜΡΙΙ
1313 3017 1414 3048 FIAT
1439 3017 1481 3047 IN
1506 3015 1721 3051 INSTANTI,
1745 3015 1829 3046 VEL
1853 3014 2108 3045 SUCCESSIVE

733 3094 768 3118 IV
786 3093 873 3124 Sem„
894 3092 955 3119 dist.
974 3101 1036 3125 xvn,
1056 3101 1100 3126 qu.
1118 3101 1141 3125 r,
1161 3099 1207 3119 art.
1229 3093 1256 3125 5,
1277 3095 1326 3127 qu*
1342 3102 1365 3125 2,
1387 3095 1414 3126 33

587 3138 620 3148 x.

388 3197 417 3236 ,ει
438 3201 489 3237 *st*
528 3193 555 3219 o
573 3192 752 3220 SEPTIMUM
771 3194 825 3220 sic
840 3193 1079 3219 moeson-ua.
1096 3182 1256 3220 Videtur
1271 3183 1377 3231 quod

371 3240 375 3249 '
393 3241 401 3252 '
529 3235 742 3272 iustificatio
762 3235 869 3284 impii
889 3245 967 3272 non
986 3236 1053 3272 fiat
1072 3235 1109 3271 in
1130 3235 1292 3283 instanti,
1310 3236 1376 3273 sed

400 3277 456 3327 {a
493 3310 495 3312 .

317 3392 422 3431 liberi
451 3394 601 3431 arbitrii.
631 3397 749 3431 Actus
778 3402 905 3431 autem
934 3394 1041 3431 liberi
1069 3393 1208 3430 arbitrii
1237 3402 1292 3431 est
1313 3394 1374 3431 eli-

319 3456 426 3493 gere,
455 3447 519 3495 qui
553 3447 758 3496 praeexigit
791 3447 1103 3484 deliberationem
1142 3446 1306 3494 consilii,
1335 3454 1376 3483 ut

459 3517 569 3542 Smne
587 3517 688 3543 Tuam..
707 3517 737 3542 D.
751 3517 864 3542 ’rnoma
883 3517 916 3542 T.
934 3517 977 3542 lv.

510 3341 836 3379 'ustificationem
874 3341 978 3390 impii
1016 3340 1216 3390 requiritur
1246 3349 1375 3378 motus

1435 3094 1475 3119 De
1493 3094 1582 3122 Ver-it„
1602 3101 1646 3126 qu.
1658 3099 1747 3123 xxvm,
1768 3097 1814 3117 art.
1830 3100 1858 3124 2,
1877 3093 1909 3117 ad
1928 3100 1971 3123 ¹⁰3
1992 3097 2039 3118 art.
2052 3101 2077 3126 9.

1434 3193 1546 3231 supra
1570 3181 1590 3203 '¹‘
1617 3181 1788 3218 habitum
1817 3188 1883 3218 est.
1915 3181 2015 3218 Cum
2043 3181 2153 3229 igitur
2177 3182 2397 3219 deliberatio
2417 3182 2490 3220 dis·

1433 3237 1582 3272 cursum
1625 3234 1819 3282 quendam
1855 3234 2057 3283 importet,
2101 3234 2165 3283 qui
2203 3235 2486 3272 successionem

1432 3287 1623 3336 quandam
1655 3287 1790 3334 habet,
1820 3287 1970 3324 videtur
2001 3287 2106 3336 quod
2139 3287 2350 3325 iustificatio
2379 3288 2485 3338 impii

1431 3348 1477 3377 stt
1505 3351 1730 3377 successlva.

1485 3405 1519 3430 2.
1554 3394 1795 3440 ΡΒΑΕΤΕΒΕΑ,
1834 3400 1961 3430 motus
1993 3393 2100 3430 liberi
2137 3393 2279 3430 arbitrii
2318 3406 2396 3430 non
2435 3402 2489 3430 est

1431 3447 1573 3495 absque
1590 3446 1724 3483 actuali
1747 3446 2058 3484 consideratione.
2080 3446 2158 3484 Sed
2177 3446 2410 3496 impossibile
2432 3454 2489 3483 est

2307 3516 2341 3548 43

2516 1797 2526 1807 ⁸
2542 1797 2611 1818 Num.
2626 1802 2655 1818 vr.

2516 1846 2527 1855 ⁸
2543 1845 2578 1866 Cf.
2594 1850 2657 1866 num.
2672 1850 2714 1867 vn.

2518 1934 2525 1941 ·
2540 1932 2591 1953 Art.
2608 1930 2727 1959 praeced„

2517 1958 2650 1979 Comment.
2662 1963 2728 1979 n.1u.

2517 2762 2525 2770 ·
2542 2759 2611 2781 Num.
2624 2765 2675 2781 viu.

2518 3201 2525 3208 ·
2538 3199 2586 3226 Qu.
2602 3205 2637 3224 xv.
2653 3201 2695 3220 art.
2706 3204 2727 3226 3.
