2840 4010
39 519 51 530 '⁶
64 517 131 539 Vers.
146 521 180 538 22.

39 678 51 690 ⁴
66 676 132 700 Vera.
145 683 184 705 47.

39 786 50 798 ⁸
65 785 132 808 vm.
143 791 174 813 17.

0 950 2 972 2
39 934 251 988 tartari-..⁵11

0 988 2 997 ¹
40 992 76 1009 ιιι.

0 1063 4 1087 ι
22 1054 24 1058 ’
89 1047 91 1051 ’
107 1088 111 1092 ,

0 1089 5 1105 ⁵
46 1090 79 1119 .2.'
135 1082 154 1117 t

41 1145 52 1194 ἰ
62 1143 110 1172 Qu.
119 1149 196 1171 axvi,
207 1145 249 1165 ιη.

53 1185 61 1194 .

920 175 1184 220 QUAESTIO
1214 175 1405 221 LXXVII,
1434 174 1728 211 ARTICULUS
1757 175 1788 210 II

277 252 338 289 vel
365 250 579 299 apparentis
599 251 701 298 boni,
722 264 917 300 nunquam
935 253 1111 288 voluntas
1131 252 1167 288 in
1188 252 1330 288 malum

278 310 508 350 moveretur,
530 303 600 339 nisi
628 303 665 340 id
695 305 799 351 quod
826 317 903 341 non
929 312 983 340 est
1012 305 1169 350 bonum,
1191 303 1330 351 aliqua—

276 356 359 392 liter
393 355 526 392 rationi
562 355 707 393 bonum
740 364 937 405 appareret
955 355 983 392 δε
1014 364 1050 392 et
1077 363 1231 404 propter
1257 355 1331 390 hoc

275 408 451 445 voluntas
478 420 673 456 nunquam
702 409 741 446 in
769 410 913 445 malum
941 409 1120 453 tenderet,
1150 406 1219 443 nisi
1243 419 1329 442 curn

277 460 402 507 aliqua
427 460 636 507 ignorantia
654 463 716 498 vel
735 473 861 498 errore
881 461 1044 497 rationis.
1069 459 1179 496 Unde
1200 458 1331 494 dicitur

275 514 386 550 Prov.
407 525 467 549 xlv
485 513 525 550 *ε
554 515 698 550 Errant
715 515 780 562 qui
805 518 1009 560 operantur
1035 511 1189 547 malum.
1209 531 1232 537 -
1255 510 1330 546 Sed

277 566 365 614 quia
393 566 650 614 experimento
679 573 781 614 patet
804 565 908 612 quod
938 564 1043 600 multi
1068 570 1182 610 agunt
1202 570 1330 598 contra

278 631 323 655 ea
342 631 505 667 quorum
525 618 718 655 scientiam
738 618 894 662 habent;
926 624 960 652 et
978 617 1052 653 hoc
1073 615 1183 652 etiarn
1205 622 1331 651 aucto-

277 671 382 708 ritate
398 670 526 708 divina
541 671 798 715 confirmatur,
811 668 1021 705 secundum
1037 668 1126 705 illud
1138 669 1229 704 Luc.
1241 679 1288 704 ΧΠ
1298 666 1329 703 ²¹⁸:

278 725 416 761 Servus
439 724 504 772 qui
529 723 706 772 cognovit
721 721 947 758 voluntatem
967 721 1110 758 domini
1125 721 1185 757 sui
1202 726 1237 756 et
1255 731 1329 756 non

266 777 380 825 fecit,
406 776 532 825 plagis
558 775 750 823 vapulabit
775 774 915 817 multis,·
944 781 980 810 et
1005 776 1075 810 Iac.
1097 773 1161 809 iv*
1181 773 1328 809 dicitur:

278 829 416 866 Scienti
441 829 579 865 bonum
596 828 734 876 facere
753 831 765 847 ⁵
785 832 821 863 et
846 839 919 863 non
937 826 1109 875 facienti,
1133 830 1328 873 peccatum

277 887 332 919 est
357 881 425 918 illi.-
454 892 532 917 non
565 879 781 927 simpliciter
807 891 942 916 verum
973 879 1071 925 dixit,
1096 878 1164 915 sed
1184 884 1331 925 oportet

278 933 517 980 distinguere,
541 940 582 969 ut
605 932 859 980 Philosophus
887 932 997 968 tradit
1023 931 1061 967 in
1084 931 1152 967 VII
1171 930 1290 966 Ethic.
1304 929 1330 951 ³¹²

331 987 431 1023 Cum
459 985 559 1022 enim
588 985 636 1021 ad
665 992 762 1021 recte
790 985 979 1032 agendum
1008 985 1127 1020 homo
1156 982 1332 1029 dirigatur

278 1038 416 1087 duplici
445 1037 615 1084 scientia,
645 1037 782 1074 scilieet
809 1037 1012 1074 universali
1040 1044 1076 1072 et
1102 1034 1329 1084 particulari3

276 1089 503 1140 utriusque<
532 1090 699 1127 defectus
734 1089 870 1126 sufficit
901 1090 948 1127 ad
977 1090 1051 1126 hoc
1079 1088 1183 1136 quod
1212 1087 1330 1136 impe-

277 1145 399 1182 diatur
427 1143 609 1180 rectitudo
638 1142 763 1191 operis
792 1150 828 1179 et
854 1141 1074 1187 voluntatis,
1103 1148 1144 1177 ut
1172 1152 1286 1188 supra
1312 1140 1332 1161 '¹‘

278 1197 418 1236 dictum
446 1204 512 1233 est.
543 1195 734 1243 Contingit
761 1195 870 1243 igitur
896 1195 1001 1243 quod
1034 1193 1166 1241 aliquis
1193 1193 1331 1229 habeat

245 1293 259 1295 W
277 1250 470 1288 scientiam
486 1248 524 1285 in
538 1248 752 1294 universali,
772 1255 862 1296 puta
881 1248 1022 1284 nullam
1042 1246 1329 1284 fornicationem

278 1315 360 1340 esse
380 1301 613 1346 faciendam
639 1301 706 1337 sed
725 1308 852 1337 tamen
871 1313 949 1337 non
969 1305 1172 1347 cognoscat
1189 1298 1227 1335 in
1247 1310 1330 1346 par-

277 1355 419 1392 ticulari
447 1355 548 1391 hune
575 1351 703 1390 actum
733 1353 795 1402 qui
824 1360 879 1389 est
905 1351 1111 1398 fornicatio,
1141 1363 1218 1387 non
1249 1363 1330 1387 esse

277 1407 506 1447 faciendum.
536 1406 585 1442 Et
611 1407 686 1442 hoc
714 1405 851 1442 sufficit
873 1405 921 1442 ad
939 1406 1014 1442 hoc
1033 1403 1137 1453 quod
1155 1404 1330 1440 voluntas

278 1460 356 1499 non
388 1467 566 1508 sequatur
598 1458 851 1495 universalem
885 1457 1078 1495 scientiam
1112 1456 1276 1493 rationis.
1305 1477 1329 1484 -

279 1514 418 1551 Iterum
438 1517 456 1539 η
486 1510 802 1548 considerandum
830 1518 884 1547 est
909 1510 1013 1559 quod
1040 1509 1130 1546 nihil
1157 1509 1331 1557 prohibet

278 1565 418 1614 aliquid
446 1563 530 1601 sciri
553 1563 590 1601 in
609 1563 750 1609 habitu,
772 1563 876 1612 quod
894 1571 1022 1599 tamen
1041 1570 1125 1599 actu
1145 1574 1222 1598 non
1243 1574 1331 1598 con-

278 1617 472 1655 sideratur.
508 1617 635 1653 Potest
667 1616 775 1664 igitur
812 1615 1026 1663 contingere
1062 1614 1167 1663 quod
1200 1614 1331 1663 aliquis

279 1671 391 1708 etiam
408 1677 549 1706 rectam
569 1668 760 1706 scientiam
779 1669 917 1705 habeat
935 1668 973 1705 in
992 1667 1179 1715 singulari,
1199 1674 1236 1703 et
1254 1679 1331 1704 non

278 1723 404 1761 solum
432 1723 470 1760 in
498 1721 709 1767 universali,
739 1721 806 1758 sed
833 1728 960 1757 tamen
984 1720 1022 1757 in
1041 1727 1127 1756 actu
1146 1731 1223 1756 non
1243 1732 1332 1756 con—

279 1776 428 1813 sideret.
454 1775 503 1812 Et
521 1782 610 1811 tunc
628 1786 707 1810 non
724 1774 874 1811 videtur
894 1773 1043 1810 difficile
1063 1772 1167 1821 quod
1186 1780 1333 1820 praeter

279 1827 317 1867 id
345 1827 451 1876 quod
479 1834 564 1864 actu
593 1839 671 1863 non
699 1826 921 1872 considerat,
950 1826 1069 1862 homo
1098 1832 1192 1873 agat.

333 1881 449 1927 Quod
477 1887 603 1916 autem
632 1880 750 1916 homo
780 1888 857 1916 non
886 1878 1097 1915 consideret
1115 1877 1153 1914 in
1171 1876 1332 1926 particu-

278 1933 346 1971 lari
365 1933 402 1970 id
423 1933 527 1981 quod
550 1932 786 1969 habitualiter
813 1931 891 1978 scit,
921 1931 1148 1980 quandoque
1177 1929 1332 1979 quidem

280 1985 460 2033 contingit
488 1997 534 2022 ex
561 1985 642 2022 solo
673 1984 820 2021 defectu
856 1983 1089 2021 intentionis:
1120 1990 1211 2031 puta
1244 1995 1332 2019 cum

278 2039 398 2076 homo
427 2037 547 2074 sciens
575 2037 835 2085 geometriam,
865 2049 942 2073 non
970 2036 1127 2073 intendit
1145 2035 1193 2072 ad
1213 2035 1334 2072 consi-

279 2091 490 2130 derandum
518 2090 746 2138 geometriae
776 2089 1056 2136 conclusiones,
1087 2100 1180 2137 quas
1209 2088 1332 2125 statim

238 2162 244 2169 -
279 2144 318 2181 in
346 2150 526 2192 promptu
553 2143 668 2179 habet
691 2142 941 2186 considerare.
962 2163 986 2169 -
1008 2141 1248 2189 Quandoque
1268 2153 1334 2177 au-

30 2670 54 2715 i*
67 2678 119 2700 An.
133 2677 238 2706 praeced.

42 3478 53 3489 ·
66 3477 118 3500 Art.
132 3483 152 3500 π.

279 2204 356 2235 tem
391 2197 508 2233 homo
546 2208 625 2232 non
652 2193 664 2216 ⁰
695 2195 906 2232 considerat
938 2194 976 2231 id
1008 2194 1113 2242 quod
1149 2194 1263 2230 habet
1295 2193 1334 2230 in

279 2249 422 2295 habitu,
450 2255 604 2297 propter
632 2247 785 2295 aliquod
813 2247 1126 2296 impedimentum
1154 2258 1333 2294 superve-

280 2302 404 2339 niens:
433 2309 523 2350 puta
550 2309 706 2350 propter
732 2300 897 2349 aliquam
927 2299 1215 2348 occupationem
1237 2306 1334 2335 exte-

279 2354 440 2401 riorem,
475 2354 536 2390 vel
569 2361 723 2401 propter
760 2353 924 2401 aliquam
960 2352 1216 2389 infirmitatem
1252 2364 1333 2388 cor-

278 2408 462 2456 poralem.
498 2407 547 2442 Et
574 2406 648 2442 hoc
680 2405 798 2442 modo
827 2405 887 2442 ille
915 2405 979 2454 qui
1008 2413 1062 2442 est
1093 2404 1131 2441 in
1158 2404 1333 2453 passione

280 2460 514 2505 constitutus,
535 2471 614 2495 non
633 2458 844 2495 considerat
870 2457 908 2494 in
936 2457 1149 2506 particulari
1171 2457 1210 2494 id
1229 2457 1334 2505 quod

279 2512 348 2550 scit
365 2512 403 2549 in
422 2511 636 2558 universali,
657 2511 880 2560 inquantum
900 2510 1025 2559 passio
1045 2510 1202 2558 impedit
1221 2510 1332 2546 talem

280 2564 633 2602 considerationem.

333 2617 494 2666 Impedit
513 2624 640 2653 autem
659 2616 859 2664 tripliciter.
889 2616 1029 2662 Primo,
1054 2628 1122 2664 per
1140 2615 1334 2663 quandam

281 2670 581 2708 distractionem:
612 2668 707 2719 siqut
743 2681 856 2716 supra
878 2668 898 2690 *
926 2668 1138 2716 expositum
1172 2675 1236 2704 est.
1269 2668 1334 2704 Se-

281 2723 419 2768 cundo,
435 2734 503 2770 per
518 2721 834 2758 contrarietatem:
856 2721 945 2769 quia
963 2721 1187 2769 plerumque
1206 2719 1332 2768 passio

279 2774 430 2812 inclinat
465 2775 512 2811 ad
542 2774 770 2810 contrarium
803 2773 914 2810 huius
943 2773 1046 2822 quod
1074 2772 1227 2810 scientia
1254 2772 1334 2809 uni-

279 2827 437 2865 versalis
464 2827 589 2863 habet.
621 2826 762 2872 Tertio,
791 2839 860 2875 per
887 2826 1079 2874 quandam
1104 2825 1332 2862 immutatio-

2387 171 2438 207 63

1386 258 1514 298 gatur,
1553 263 1600 287 ne
1638 251 1752 288 libere
1789 251 1827 287 in
1866 258 1991 287 actum
2030 257 2159 287 exeat:
2195 250 2291 287 sicut
2327 250 2437 287 etiarn

1385 315 1541 339 somnus
1568 304 1630 340 vel
1652 303 1822 350 ebrietas,
1844 303 2011 351 quadarn
2040 303 2225 352 corporali
2253 310 2438 339 transmu—

1385 355 1524 391 tatione
1553 356 1660 404 facta,
1691 356 1804 404 ligant
1830 368 1942 393 usum
1971 355 2133 393 rationis.
2164 357 2212 392 Et
2240 356 2344 403 quod
2363 356 2437 391 hoc

1386 407 1574 454 contingat
1602 409 1638 444 in
1666 408 1914 457 passionibus,
1945 416 2047 457 patet
2074 421 2119 444 ex
2146 409 2222 444 hoc
2250 408 2354 456 quod
2374 407 2438 444 ali-

1385 461 1549 506 quando,
1563 473 1649 496 cum
1665 461 1859 508 passiones
1873 463 2032 497 multum
2049 461 2301 508 intenduntur,
2317 461 2435 497 homo

1385 511 1517 547 amittit
1535 513 1693 549 totaliter
1711 526 1823 550 usum
1844 514 2015 550 rationis:
2037 513 2143 550 multi
2163 513 2263 550 enim
2282 520 2437 562 propter

1385 563 1655 600 abundantiam
1676 566 1812 602 amoris
1829 574 1864 602 et
1878 566 1965 612 irae,
1982 573 2068 602 sunt
2085 566 2124 602 in
2143 565 2327 602 insaniam
2348 578 2436 602 con-

1385 615 1493 651 versi.
1532 617 1580 652 Et
1607 629 1675 664 per
1708 618 1809 654 hunc
1841 620 1999 655 modum
2034 618 2159 667 passio
2187 618 2299 655 trahit
2326 618 2435 655 ratio-

1385 679 1473 724 nem
1502 667 1550 703 ad
1578 668 1820 706 iudicandum
1853 670 1890 707 in
1919 671 2129 719 particulari
2159 679 2289 707 contra
2316 670 2435 707 scien-

1384 726 1473 755 tiam
1502 731 1617 767 quarn
1645 721 1759 757 habet
1786 722 1823 758 in
1851 723 2063 759 universali.

1437 773 1493 807 AD
1514 783 1649 809 PRtMuM
1669 785 1765 810 ERGO
1785 785 1967 811 DICENDUM
1991 776 2095 822 quod
2116 775 2268 811 scientia
2285 774 2435 811 univer—

1385 823 1486 870 salis,
1516 836 1613 872 quae
1643 833 1698 861 est
1726 826 1943 873 certissima,
1973 839 2050 864 non
2082 829 2195 864 habet
2226 827 2434 875 principali—

1384 882 1497 912 tatem
1527 877 1564 912 in
1593 878 1827 925 operatione,
1858 880 1923 915 sed
1952 879 2069 926 magis
2098 880 2248 916 scientia
2275 880 2434 928 particu-

1384 928 1484 964 laris:
1514 941 1559 964 eo
1589 930 1693 977 quod
1721 931 1957 978 operationes
1986 939 2071 967 sunt
2098 932 2195 968 circa
2222 932 2431 979 singularia.

1384 981 1494 1017 Unde
1528 993 1605 1017 non
1639 990 1694 1018 est
1725 982 1863 1019 mirum
1892 983 1920 1019 si
1953 983 1991 1019 in
2024 984 2277 1032 operabilibus
2308 984 2432 1032 passio

1385 1033 1457 1080 agit
1485 1041 1615 1070 contra
1643 1034 1834 1071 scientiam
1853 1036 2118 1083 universalem,
2139 1037 2293 1072 absente
2313 1037 2432 1073 consi-

1386 1085 1576 1122 deratione
1605 1086 1643 1123 in
1671 1087 1893 1135 particulari.

1436 1141 1494 1174 AD
1522 1151 1711 1176 SECUNDUM
1737 1151 1920 1177 memnon
1947 1141 2050 1189 quod
2078 1141 2152 1177 hoc
2178 1140 2302 1189 ipsum
2331 1140 2434 1189 quod

1385 1190 1517 1227 rationi
1533 1191 1705 1228 videatur
1719 1192 1758 1228 in
1776 1193 1987 1241 particulari
2006 1193 2143 1241 aliquid
2164 1194 2308 1230 bonum
2329 1194 2433 1240 quod

1384 1255 1461 1279 non
1490 1251 1544 1280 est
1573 1245 1728 1291 bonum,
1759 1245 1935 1293 contingit
1963 1258 2007 1282 ex
2027 1246 2150 1294 aliqua
2168 1245 2355 1294 passione.
2385 1246 2433 1282 Et

1384 1304 1510 1332 tamen
1530 1297 1604 1332 hoc
1622 1297 1842 1345 particulare
1862 1298 2042 1335 iudicium
2063 1306 2118 1334 est
2137 1305 2266 1334 contra
2283 1298 2433 1334 univer-

1383 1349 1499 1385 salem
1528 1349 1721 1386 scientiam
1750 1350 1912 1387 rationis.

1436 1403 1494 1437 An
1522 1413 1679 1439 TERTiuM
1700 1414 1880 1439 memnon
1909 1403 2013 1451 quod
2040 1415 2117 1439 non
2144 1410 2271 1451 posset
2290 1402 2432 1439 contin-

1384 1466 1469 1501 gere
1499 1455 1602 1502 quod
1621 1455 1750 1503 aliquis
1769 1456 1925 1491 haberet
1949 1455 2058 1491 simul
2078 1455 2116 1491 in
2135 1463 2219 1491 actu
2238 1455 2431 1491 scientiam

1384 1514 1447 1543 aut
1476 1506 1692 1554 opinionem
1721 1519 1853 1544 veram
1883 1508 1929 1544 de
1957 1507 2159 1544 universali
2187 1507 2430 1553 affirmativo,

1385 1567 1420 1595 et
1449 1559 1669 1607 opinionem
1698 1560 1829 1596 falsam
1855 1560 1900 1597 de
1924 1559 2135 1608 particulari
2163 1559 2349 1607 negativo,
2371 1566 2433 1595 aut

1386 1624 1404 1647 e
1426 1624 1622 1648 converSO.
1654 1612 1730 1648 Sed
1758 1613 1854 1648 bene
1874 1620 1996 1661 potest
2016 1612 2227 1660 contingere
2248 1612 2350 1661 quod
2370 1611 2432 1648 ali-

1386 1664 1468 1712 quis
1497 1665 1633 1701 habeat
1650 1677 1782 1701 veram
1811 1664 2004 1701 scientiam
2032 1665 2267 1702 habitualiter
2286 1666 2332 1701 de
2351 1664 2432 1700 uni-

1384 1717 1519 1753 versali
1548 1717 1788 1764 affirmativo,
1818 1725 1854 1753 et
1881 1718 2012 1754 falsam
2042 1717 2259 1766 opinionem
2287 1717 2325 1753 in
2349 1724 2434 1753 actu

1387 1769 1433 1806 de
1460 1769 1670 1817 particulari
1699 1770 1894 1817 negativo:
1928 1777 2032 1806 actus
2061 1770 2161 1806 enim
2191 1770 2326 1806 directe
2355 1781 2432 1806 non

1387 1822 1631 1858 contrariatur
1657 1822 1810 1868 habitui,
1840 1823 1904 1859 sed
1934 1822 2042 1859 actui.

1438 1876 1496 1910 An
1513 1886 1683 1916 QUARTUM
1702 1886 1883 1912 DICENDUM
1903 1874 2004 1922 quod
2025 1875 2085 1911 ille
2106 1874 2170 1922 qui
2189 1875 2302 1911 habet
2316 1874 2433 1911 scien-

1386 1927 1475 1964 tiam
1504 1927 1541 1963 in
1569 1927 1782 1974 universali,
1811 1935 1966 1976 propter
1992 1927 2207 1976 passionem
2235 1927 2435 1976 impeditur

1386 1992 1434 2016 ne
1453 1979 1571 2028 possit
1589 1980 1658 2016 sub
1677 1980 1738 2016 illa
1760 1980 1962 2017 universali
1981 1992 2142 2027 sumere,
2165 1988 2200 2017 et
2218 1982 2267 2018 ad
2286 1980 2435 2017 conclu-

1387 2032 1532 2068 sionem
1561 2033 1776 2080 pervenire:
1806 2033 1871 2069 sed
1904 2033 2060 2069 assumit
2086 2034 2156 2069 sub
2185 2033 2255 2069 alia
2285 2032 2435 2069 univer-

1387 2085 1463 2131 sali,
1493 2097 1608 2132 quam
1636 2085 1798 2133 suggerit
1817 2085 2003 2122 inclinatio
2024 2085 2219 2134 passionis,
2241 2093 2277 2121 et
2299 2085 2369 2121 sub
2390 2096 2435 2121 ea

1388 2138 1586 2174 concludit.
1616 2138 1726 2175 Unde
1747 2137 2000 2186 Philosophus
2021 2138 2118 2185 dicit,
2139 2138 2177 2174 in
2194 2136 2433 2184 V11Ethic.*‚

1388 2190 1491 2239 quod
1511 2190 1748 2238 syllogismus
1766 2190 2027 2227 incontinentis
2041 2191 2155 2227 habet
2170 2198 2332 2237 quatuor
2345 2202 2435 2238 pro—

1387 2243 1603 2291 positiones,
1633 2243 1726 2279 duas
1753 2242 2004 2280 universales:
2033 2255 2193 2291 quarum
2213 2255 2289 2279 una
2309 2250 2363 2279 est
2381 2254 2437 2278 ra-

1386 2295 1507 2342 tionis,
1536 2303 1627 2344 puta
1646 2296 1786 2332 nullam
1810 2296 2097 2342 fornicationem
2117 2307 2193 2332 esse
2211 2296 2436 2331 committen-

1387 2349 1492 2393 dam‚·
1520 2348 1590 2384 alia
1623 2355 1678 2384 est
1708 2348 1911 2397 passionis,
1940 2356 2031 2396 puta
2058 2348 2333 2398 delectationem
2361 2358 2437 2383 esse

1386 2401 1610 2437 sectandam.
1641 2401 1771 2437 Passio
1799 2400 1909 2448 igitur
1935 2401 2022 2448 ligat
2049 2400 2233 2437 rationem
2262 2412 2308 2436 ne
2334 2411 2436 2436 assu-

1388 2462 1465 2490 mat
1494 2461 1529 2490 et
1556 2453 1755 2490 concludat
1777 2454 1846 2489 sub
1874 2453 2012 2501 prima:
2042 2453 2154 2499 unde,
2176 2465 2220 2489 ea
2240 2453 2395 2489 durante
2414 2457 2434 2499 ‘‚

1388 2506 1543 2542 assumit
1570 2514 1606 2542 et
1634 2506 1822 2542 concludit
1848 2506 1917 2542 sub
1946 2505 2123 2542 secunda.

1440 2561 1498 2595 AD
1528 2570 1688 2600 QUINTUM
1715 2570 1897 2595 mcENDUM
1924 2558 2040 2605 quod,
2060 2558 2155 2594 sicut
2174 2557 2297 2593 ebrius
2319 2568 2435 2604 quan-

1389 2612 1514 2660 doque
1542 2611 1710 2660 proferre
1730 2619 1853 2659 potest
1871 2612 1990 2647 verba
2014 2610 2257 2658 significantia
2284 2610 2435 2657 profun-

1389 2665 1455 2701 das
1475 2664 1687 2709 sententias,
1717 2675 1811 2711 quas
1839 2672 1966 2700 tamen
1989 2671 2116 2700 mente
2136 2662 2337 2699 diiudicare
2357 2673 2434 2697 non

1387 2725 1520 2765 potest,
1550 2716 1726 2753 ebrietate
1745 2716 1990 2764 prohibente;
2020 2715 2070 2752 ita
2096 2715 2133 2751 in
2160 2714 2333 2762 passione
2363 2713 2435 2749 exi·

1387 2779 1498 2816 stens,
1529 2769 1595 2806 etsi
1623 2781 1687 2805 ore
1715 2769 1880 2816 proferat
1906 2769 1980 2805 hoc
1999 2780 2077 2804 non
2102 2780 2181 2803 esse
2210 2766 2434 2812 faciendum,

1387 2831 1515 2859 tamen
1542 2821 1694 2858 interius
1722 2822 1796 2857 hoc
1824 2821 1952 2857 animo
1981 2820 2090 2856 sentit
2116 2820 2218 2867 quod
2239 2819 2283 2855 sit
2300 2818 2436 2854 facien-

281 2892 370 2917 nem
399 2879 650 2928 corporalem,
679 2891 725 2915 ex
754 2891 829 2927 qua
857 2878 950 2915 ratio
978 2877 1266 2926 quodammodo
1293 2877 1333 2914 li-
1358 2873 1362 2925 Ι
1388 2876 1491 2920 dum,
1520 2882 1562 2911 ut
1590 2874 1723 2910 dicitur
1750 2873 1787 2910 in
1806 2874 1874 2910 VII
1894 2872 2047 2910 Ethic.*

332 2993 357 3026 ὃ)
376 2995 528 3026 appareret.
545 3006 566 3011 -
582 2995 696 3024 apparet
714 2992 780 3022 Gffl,
799 2996 930 3025 appareat
948 2993 978 3017 P.

334 3029 356 3061 ε)
368 3030 471 3062 jacere.
488 3042 507 3046 -
524 3027 585 3052 Om.
604 3027 714 3052 codices.

333 3063 358 3096 ζ)
378 3063 523 3095 atr-iusque.
540 3075 559 3082 —-
578 3062 727 3087 utriuslibet
744 3062 855 3087 CEGIL.
871 3076 890 3081 -
907 3063 957 3087 Pro
976 3062 1070 3094 operis,
1090 3061 1205 3086 rationis
1223 3061 1274 3086 EF.

1442 2991 1468 3021 η)
1489 2991 1596 3014 Iterum.
1614 3003 1634 3007 -
1654 2989 1718 3013 Item
1736 2988 1767 3017 K,
1788 2988 1823 3012 Et
1842 2987 1936 3012 iterum
1956 2986 2000 3010 Pa.

1443 3024 1467 3057 θ)
1487 3032 1548 3049 non.
1565 3038 1584 3043 -
1602 3024 1662 3048 Om.
1682 3023 1710 3048 P.

1443 3061 1461 3092 ι)
1481 3061 1603 3085 durante.
1621 3072 1639 3077 -
1658 3058 1810 3083 dominante
1828 3057 1884 3086 HK,
1903 3056 2060 3081 adversante
2078 3054 2127 3079 EF.

951 3131 1280 3164 Commentario»
1301 3130 1551 3163 Car-dinalis
1573 3128 1771 3161 Caietam

285 3223 333 3285 In
363 3212 494 3243 articulo
523 3211 662 3242 secundo
693 3209 1093 3251 septuagesimaeseptimae
1123 3209 1334 3250 quaestionis,

1390 3208 1498 3238 siensi:
1521 3208 1632 3238 Stante
1648 3206 1777 3236 scientia
1800 3206 1831 3234 in
1856 3203 2028 3234 universali
2051 3208 2081 3233 et
2097 3203 2302 3242 particulari,
2328 3202 2438 3233 volun-

313 3256 446 3287 dubium
477 3255 613 3285 occurrit
643 3254 680 3284 de
709 3253 914 3284 conclusione
941 3253 1147 3293 approbativa
1175 3253 1335 3292 opinionis
1390 3257 1483 3282 tatem
1509 3261 1570 3281 non
1588 3259 1683 3290 posse
1707 3250 1738 3279 in
1762 3249 1935 3288 oppositum
1959 3256 2100 3277 errorem
2114 3246 2140 3277 ²¹¹.

281 3300 426 3336 Socratis,
444 3299 568 3334 scilicet,
591 3298 742 3329 Voluntas
761 3307 924 3337 nunquam
949 3298 980 3326 in
1005 3297 1124 3326 malum
1147 3297 1257 3334 tendit,
1275 3298 1336 3327 nisi

281 3354 352 3375 cum
376 3344 485 3384 aliqua
509 3343 693 3383 ignorantia
717 3341 766 3372 vel
788 3350 899 3381 errore
921 3341 1075 3377 rationis;
1099 3346 1129 3370 et
1152 3340 1191 3370 de
1206 3340 1273 3370 eius
1290 3350 1335 3369 ra-

281 3388 377 3424 tione,
397 3387 471 3428 quia
491 3387 606 3417 scilicet
629 3385 776 3416 voluntas
797 3392 843 3415 est
866 3384 971 3414 solum
988 3383 1063 3413 boni
1086 3383 1136 3413 vel
1158 3383 1335 3423 apparentis

281 3432 367 3462 boni.
402 3431 521 3463 Contra
555 3429 791 3460 conclusionem
822 3437 959 3468 namque
993 3433 1121 3457 currunt
1153 3433 1335 3465 argumenta

281 3475 375 3512 Scoti,
401 3475 433 3505 in
458 3475 498 3505 111
522 3474 619 3514 Seni„
644 3473 713 3503 dist.
738 3482 828 3502 xxxin
842 3472 869 3502 *.
894 3471 1014 3507 Primo,
1040 3480 1076 3501 ex
1099 3470 1229 3500 articulo
1253 3469 1335 3500 Pari-

1445 3294 1600 3329 Secundo,
1624 3303 1660 3322 ex
1683 3292 1790 3322 multis
1814 3290 2050 3321 auctoritatibus
2072 3289 2241 3329 Augustini
2265 3289 2437 3320 dicentibus

1390 3339 1478 3378 quod
1505 3338 1696 3377 quandoque
1719 3335 1849 3366 scientes
1873 3344 2050 3374 peccamus.

1444 3381 1563 3416 Tertio,
1581 3390 1617 3410 ex
1632 3379 1814 3410 auctoritate
1836 3378 2021 3414 Aristotelis,
2038 3377 2063 3407 11
2087 3377 2188 3408 Ethic.
2205 3376 2231 3412 *,
2255 3377 2343 3417 quod
2358 3377 2440 3407 scire

1388 3469 1529 3499 tellectus
1553 3467 1683 3507 exigitur
1706 3467 1744 3496 ad
1760 3467 1838 3496 bene
1862 3465 1950 3501 velle,
1970 3472 2045 3495 tunc
2066 3464 2141 3495 scire
2165 3464 2304 3495 multum
2326 3463 2441 3494 valeret

2461 2138 2469 2147 '¹
2479 2137 2511 2159 ca
2529 2153 2534 2159 .
2545 2143 2579 2162 ιιι,
2590 2143 2670 2158 n.10.—

2461 2143 2537 2186 sfffi.
2553 2164 2603 2185 lect.
2619 2169 2653 2185 ιιι.

2463 2872 2471 2882 ·
2486 2871 2552 2898 ibid„
2569 2877 2594 2892 n.
2609 2871 2631 2892 s.

2465 3245 2474 3254 '
2489 3245 2584 3266 Censur.
2603 3245 2674 3267 prim.

2465 3271 2543 3299 steph.
2558 3271 2674 3298 Tempier,

2465 3304 2514 3324 cap.
2522 3304 2553 3323 ιι,
2562 3302 2603 3319 ιη.
2610 3304 2634 3323 2;
2645 3298 2674 3319 al.

2465 3324 2532 3346 Cens.
2557 3324 2608 3345 Sec.
2631 3327 2673 3345 nrt.

2465 3356 2547 3374 cxxm
2567 3350 2596 3371 cf.
2614 3349 2672 3371 Sco-

2465 3379 2514 3412 tum
2529 3377 2574 3398 loc.
2584 3375 2623 3398 cit.

2491 3403 2547 3428 Cap.
2559 3409 2588 3428 iv,
2604 3408 2627 3423 n.
2636 3408 2676 3430 3.-

1382 3435 1502 3465 parum
1527 3429 1583 3454 aut
1606 3423 1684 3453 nihil
1707 3423 1790 3453 valet
1812 3422 1854 3452 ad
1870 3423 2027 3452 virtutem.
2052 3421 2084 3451 Si
2108 3420 2192 3450 enim
2215 3420 2368 3451 rectitudo
2392 3419 2440 3449 in·
2467 3428 2655 3451 s.·rn.10ct.1v.
