<?xml version="1.0" encoding="UTF-8"?>
<!DOCTYPE html PUBLIC "-//W3C//DTD XHTML 1.0 Transitional//EN"
    "http://www.w3.org/TR/xhtml1/DTD/xhtml1-transitional.dtd">
<html xmlns="http://www.w3.org/1999/xhtml" xml:lang="en" lang="en">
 <head>
  <title>
</title>
<meta http-equiv="Content-Type" content="text/html;charset=utf-8" />
  <meta name='ocr-system' content='tesseract 3.04.00' />
  <meta name='ocr-capabilities' content='ocr_page ocr_carea ocr_par ocr_line ocrx_word'/>
</head>
<body>
  <div class='ocr_page' id='page_1' title='image "./operaomniaiussui07thom/operaomniaiussui07thom_0024.png"; bbox 0 0 2840 4010; ppageno 0'>
   <div class='ocr_carea' id='block_1_1' title="bbox 99 2669 307 2749">
    <p class='ocr_par' dir='ltr' id='par_1_1' title="bbox 99 2669 307 2749">
     <span class='ocr_line' id='line_1_1' title="bbox 99 2669 306 2697; baseline 0 -6"><span class='ocrx_word' id='word_1_1' title='bbox 99 2672 107 2679; x_wconf 88' lang='grc'><em>·</em></span> <span class='ocrx_word' id='word_1_2' title='bbox 115 2670 183 2697; x_wconf 84' lang='lat' dir='ltr'>Hugo</span> <span class='ocrx_word' id='word_1_3' title='bbox 192 2669 306 2696; x_wconf 78' lang='lat' dir='ltr'>as.vict.‚</span> 
     </span>
     <span class='ocr_line' id='line_1_2' title="bbox 99 2696 307 2723; baseline 0 -6"><span class='ocrx_word' id='word_1_4' title='bbox 99 2696 185 2718; x_wconf 85' lang='lat' dir='ltr'>Summ.</span> <span class='ocrx_word' id='word_1_5' title='bbox 225 2696 289 2717; x_wconf 81' lang='lat' dir='ltr'>Sent.</span> <span class='ocrx_word' id='word_1_6' title='bbox 299 2713 307 2723; x_wconf 81' lang='lat'><em>‚</em></span> 
     </span>
     <span class='ocr_line' id='line_1_3' title="bbox 101 2723 307 2749; baseline 0 -5"><span class='ocrx_word' id='word_1_7' title='bbox 101 2726 165 2744; x_wconf 78' lang='lat' dir='ltr'>tract.</span> <span class='ocrx_word' id='word_1_8' title='bbox 176 2723 214 2749; x_wconf 77' lang='lat'>111,</span> <span class='ocrx_word' id='word_1_9' title='bbox 231 2729 251 2744; x_wconf 84' lang='lat' dir='ltr'>c.</span> <span class='ocrx_word' id='word_1_10' title='bbox 262 2729 307 2744; x_wconf 86' lang='lat' dir='ltr'>xv1.</span> 
     </span>
    </p>
   </div>
   <div class='ocr_carea' id='block_1_2' title="bbox 98 2880 307 2908">
    <p class='ocr_par' dir='ltr' id='par_1_2' title="bbox 98 2880 307 2908">
     <span class='ocr_line' id='line_1_4' title="bbox 98 2880 307 2908; baseline 0 -6"><span class='ocrx_word' id='word_1_11' title='bbox 98 2883 107 2891; x_wconf 90' lang='grc'><strong>’</strong></span> <span class='ocrx_word' id='word_1_12' title='bbox 115 2880 161 2908; x_wconf 90' lang='lat' dir='ltr'>Qu.</span> <span class='ocrx_word' id='word_1_13' title='bbox 170 2887 231 2908; x_wconf 74' lang='lat' dir='ltr'>mi,</span> <span class='ocrx_word' id='word_1_14' title='bbox 242 2885 283 2902; x_wconf 83' lang='lat' dir='ltr'>art.</span> <span class='ocrx_word' id='word_1_15' title='bbox 292 2888 307 2903; x_wconf 84' lang='grc' dir='ltr'>ι.</span> 
     </span>
    </p>
   </div>
   <div class='ocr_carea' id='block_1_3' title="bbox 321 177 1831 226">
    <p class='ocr_par' dir='ltr' id='par_1_3' title="bbox 321 177 1831 226">
     <span class='ocr_line' id='line_1_5' title="bbox 321 177 1831 226; baseline 0.001 -12"><span class='ocrx_word' id='word_1_16' title='bbox 321 179 364 214; x_wconf 76' lang='grc'>16</span> <span class='ocrx_word' id='word_1_17' title='bbox 974 178 1239 226; x_wconf 88' lang='lat' dir='ltr'>QUAESTIO</span> <span class='ocrx_word' id='word_1_18' title='bbox 1269 179 1426 223; x_wconf 79' lang='lat' dir='ltr'>LXXII⁷</span> <span class='ocrx_word' id='word_1_19' title='bbox 1456 177 1750 214; x_wconf 87' lang='lat' dir='ltr'>ARTICULUS</span> <span class='ocrx_word' id='word_1_20' title='bbox 1781 179 1831 215; x_wconf 89' lang='lat' dir='ltr'>IV</span> 
     </span>
    </p>
   </div>
   <div class='ocr_carea' id='block_1_4' title="bbox 318 255 2488 307">
    <p class='ocr_par' dir='ltr' id='par_1_4' title="bbox 318 255 2488 307">
     <span class='ocr_line' id='line_1_6' title="bbox 318 255 2488 307; baseline 0.001 -13"><span class='ocrx_word' id='word_1_21' title='bbox 318 258 462 294; x_wconf 91' lang='lat' dir='ltr'>tionem</span> <span class='ocrx_word' id='word_1_22' title='bbox 493 258 764 303; x_wconf 62' lang='lat' dir='ltr'>terminorum</span> <span class='ocrx_word' id='word_1_23' title='bbox 795 271 817 294; x_wconf 89' lang='lat' dir='ltr'>a</span> <span class='ocrx_word' id='word_1_24' title='bbox 846 258 982 307; x_wconf 88' lang='lat' dir='ltr'>quibus</span> <span class='ocrx_word' id='word_1_25' title='bbox 1010 265 1135 292; x_wconf 89' lang='lat' dir='ltr'>motus</span> <span class='ocrx_word' id='word_1_26' title='bbox 1155 255 1375 303; x_wconf 87' lang='lat' dir='ltr'>specifican-</span> <span class='ocrx_word' id='word_1_27' title='bbox 1483 256 1540 291; x_wconf 81' lang='lat' dir='ltr'>An</span> <span class='ocrx_word' id='word_1_28' title='bbox 1565 266 1724 291; x_wconf 78' lang='lat' dir='ltr'>TERTmM</span> <span class='ocrx_word' id='word_1_29' title='bbox 1745 267 1929 293; x_wconf 80' lang='lat' dir='ltr'>chENDUM</span> <span class='ocrx_word' id='word_1_30' title='bbox 1949 258 2055 305; x_wconf 89' lang='lat' dir='ltr'>quod</span> <span class='ocrx_word' id='word_1_31' title='bbox 2074 259 2158 296; x_wconf 89' lang='lat' dir='ltr'>illae</span> <span class='ocrx_word' id='word_1_32' title='bbox 2178 259 2383 296; x_wconf 86' lang='lat' dir='ltr'>divisiones</span> <span class='ocrx_word' id='word_1_33' title='bbox 2402 270 2488 307; x_wconf 88' lang='lat' dir='ltr'>pec-</span> 
     </span>
    </p>
   </div>
   <div class='ocr_carea' id='block_1_5' title="bbox 179 307 2491 414">
    <p class='ocr_par' dir='ltr' id='par_1_5' title="bbox 179 307 2491 414">
     <span class='ocr_line' id='line_1_7' title="bbox 260 307 2490 360; baseline 0.001 -13"><span class='ocrx_word' id='word_1_34' title='bbox 260 325 289 335; x_wconf 93' lang='lat'>··</span> <span class='ocrx_word' id='word_1_35' title='bbox 319 318 390 358; x_wconf 85' lang='lat' dir='ltr'>tur,</span> <span class='ocrx_word' id='word_1_36' title='bbox 423 318 465 347; x_wconf 91' lang='lat' dir='ltr'>ut</span> <span class='ocrx_word' id='word_1_37' title='bbox 493 311 626 348; x_wconf 88' lang='lat' dir='ltr'>dicitur</span> <span class='ocrx_word' id='word_1_38' title='bbox 653 311 690 347; x_wconf 89' lang='lat' dir='ltr'>in</span> <span class='ocrx_word' id='word_1_39' title='bbox 719 312 753 347; x_wconf 95' lang='lat' dir='ltr'>V</span> <span class='ocrx_word' id='word_1_40' title='bbox 781 311 928 359; x_wconf 79' lang='lat' dir='ltr'>Physic.</span> <span class='ocrx_word' id='word_1_41' title='bbox 949 310 969 331; x_wconf 66' lang='lat'>²³⁶</span> <span class='ocrx_word' id='word_1_42' title='bbox 998 317 1034 345; x_wconf 89' lang='lat' dir='ltr'>et</span> <span class='ocrx_word' id='word_1_43' title='bbox 1061 309 1098 344; x_wconf 93' lang='lat' dir='ltr'>in</span> <span class='ocrx_word' id='word_1_44' title='bbox 1127 309 1161 343; x_wconf 91' lang='lat' dir='ltr'>X</span> <span class='ocrx_word' id='word_1_45' title='bbox 1187 308 1309 343; x_wconf 78' lang='lat' dir='ltr'>Ethic.</span> <span class='ocrx_word' id='word_1_46' title='bbox 1335 307 1376 328; x_wconf 61' lang='lat'>⁸⁸*</span> <span class='ocrx_word' id='word_1_47' title='bbox 1432 314 1602 343; x_wconf 87' lang='lat' dir='ltr'>catorum</span> <span class='ocrx_word' id='word_1_48' title='bbox 1623 319 1701 343; x_wconf 91' lang='lat' dir='ltr'>non</span> <span class='ocrx_word' id='word_1_49' title='bbox 1718 307 1855 344; x_wconf 89' lang='lat' dir='ltr'>dantur</span> <span class='ocrx_word' id='word_1_50' title='bbox 1872 308 1920 345; x_wconf 91' lang='lat' dir='ltr'>ad</span> <span class='ocrx_word' id='word_1_51' title='bbox 1940 309 2219 358; x_wconf 87' lang='lat' dir='ltr'>distinguendas</span> <span class='ocrx_word' id='word_1_52' title='bbox 2240 312 2384 360; x_wconf 92' lang='lat' dir='ltr'>species</span> <span class='ocrx_word' id='word_1_53' title='bbox 2403 323 2490 360; x_wconf 89' lang='lat' dir='ltr'>pec-</span> 
     </span>
     <span class='ocr_line' id='line_1_8' title="bbox 179 359 2491 414; baseline 0.001 -15"><span class='ocrx_word' id='word_1_54' title='bbox 179 373 290 414; x_wconf 37' lang='lat' dir='ltr'>gan-v..-</span> <span class='ocrx_word' id='word_1_55' title='bbox 321 364 397 400; x_wconf 89' lang='lat' dir='ltr'>Sed</span> <span class='ocrx_word' id='word_1_56' title='bbox 427 371 555 400; x_wconf 90' lang='lat' dir='ltr'>tamen</span> <span class='ocrx_word' id='word_1_57' title='bbox 593 364 706 400; x_wconf 86' lang='lat' dir='ltr'>etiarn</span> <span class='ocrx_word' id='word_1_58' title='bbox 741 363 889 400; x_wconf 86' lang='lat' dir='ltr'>termini</span> <span class='ocrx_word' id='word_1_59' title='bbox 922 369 1048 398; x_wconf 88' lang='lat' dir='ltr'>motus</span> <span class='ocrx_word' id='word_1_60' title='bbox 1087 361 1177 397; x_wconf 90' lang='lat' dir='ltr'>dant</span> <span class='ocrx_word' id='word_1_61' title='bbox 1210 359 1375 408; x_wconf 90' lang='lat' dir='ltr'>speciem</span> <span class='ocrx_word' id='word_1_62' title='bbox 1432 367 1625 405; x_wconf 88' lang='lat' dir='ltr'>catorum;</span> <span class='ocrx_word' id='word_1_63' title='bbox 1656 360 1724 396; x_wconf 92' lang='lat' dir='ltr'>sed</span> <span class='ocrx_word' id='word_1_64' title='bbox 1754 360 1802 397; x_wconf 95' lang='lat' dir='ltr'>ad</span> <span class='ocrx_word' id='word_1_65' title='bbox 1831 360 2125 399; x_wconf 83' lang='lat' dir='ltr'>manifestandas</span> <span class='ocrx_word' id='word_1_66' title='bbox 2160 363 2329 401; x_wconf 88' lang='lat' dir='ltr'>diversas</span> <span class='ocrx_word' id='word_1_67' title='bbox 2359 376 2491 401; x_wconf 86' lang='lat' dir='ltr'>causas</span> 
     </span>
    </p>
   </div>
   <div class='ocr_carea' id='block_1_6' title="bbox 322 412 1578 463">
    <p class='ocr_par' dir='ltr' id='par_1_6' title="bbox 322 412 1578 463">
     <span class='ocr_line' id='line_1_9' title="bbox 322 412 1578 463; baseline -0.002 -11"><span class='ocrx_word' id='word_1_68' title='bbox 322 416 501 463; x_wconf 80' lang='lat' dir='ltr'>motibus,</span> <span class='ocrx_word' id='word_1_69' title='bbox 521 416 747 463; x_wconf 87' lang='lat' dir='ltr'>inquantum</span> <span class='ocrx_word' id='word_1_70' title='bbox 777 416 918 452; x_wconf 89' lang='lat' dir='ltr'>habent</span> <span class='ocrx_word' id='word_1_71' title='bbox 946 413 1130 450; x_wconf 88' lang='lat' dir='ltr'>rationem</span> <span class='ocrx_word' id='word_1_72' title='bbox 1160 412 1256 449; x_wconf 88' lang='lat' dir='ltr'>finis.</span> <span class='ocrx_word' id='word_1_73' title='bbox 1432 425 1578 449; x_wconf 89' lang='lat' dir='ltr'>eorum.</span> 
     </span>
    </p>
   </div>
   <div class='ocr_carea' id='block_1_7' title="bbox 998 507 1816 541">
    <p class='ocr_par' dir='ltr' id='par_1_7' title="bbox 998 507 1816 541">
     <span class='ocr_line' id='line_1_10' title="bbox 998 507 1816 541; baseline 0 -1"><span class='ocrx_word' id='word_1_74' title='bbox 998 507 1328 541; x_wconf 70' lang='lat' dir='ltr'>Commentario.</span> <span class='ocrx_word' id='word_1_75' title='bbox 1349 507 1596 540; x_wconf 71' lang='lat' dir='ltr'>Gar-&lt;imaus</span> <span class='ocrx_word' id='word_1_76' title='bbox 1619 507 1816 541; x_wconf 76' lang='lat' dir='ltr'>Caietam</span> 
     </span>
    </p>
   </div>
   <div class='ocr_carea' id='block_1_8' title="bbox 323 587 2501 1110">
    <p class='ocr_par' dir='ltr' id='par_1_8' title="bbox 323 587 2500 939">
     <span class='ocr_line' id='line_1_11' title="bbox 353 587 2495 630; baseline 0.001 -9"><span class='ocrx_word' id='word_1_77' title='bbox 353 602 371 621; x_wconf 87' lang='lat' dir='ltr'>N</span> <span class='ocrx_word' id='word_1_78' title='bbox 397 591 487 621; x_wconf 87' lang='lat' dir='ltr'>tertio</span> <span class='ocrx_word' id='word_1_79' title='bbox 505 590 635 621; x_wconf 84' lang='lat' dir='ltr'>articulo</span> <span class='ocrx_word' id='word_1_80' title='bbox 653 590 713 619; x_wconf 89' lang='lat' dir='ltr'>hoc</span> <span class='ocrx_word' id='word_1_81' title='bbox 730 589 836 618; x_wconf 91' lang='lat' dir='ltr'>solum</span> <span class='ocrx_word' id='word_1_82' title='bbox 852 588 1039 624; x_wconf 85' lang='lat' dir='ltr'>notandum,</span> <span class='ocrx_word' id='word_1_83' title='bbox 1057 587 1155 628; x_wconf 91' lang='lat' dir='ltr'>quod,</span> <span class='ocrx_word' id='word_1_84' title='bbox 1179 597 1251 618; x_wconf 92' lang='lat' dir='ltr'>cum</span> <span class='ocrx_word' id='word_1_85' title='bbox 1274 587 1381 618; x_wconf 86' lang='lat' dir='ltr'>audire</span> <span class='ocrx_word' id='word_1_86' title='bbox 1437 588 1564 627; x_wconf 86' lang='lat' dir='ltr'>peccati.</span> <span class='ocrx_word' id='word_1_87' title='bbox 1588 587 1751 628; x_wconf 88' lang='lat' dir='ltr'>Contingit</span> <span class='ocrx_word' id='word_1_88' title='bbox 1774 589 1859 619; x_wconf 89' lang='lat' dir='ltr'>enim</span> <span class='ocrx_word' id='word_1_89' title='bbox 1883 591 1971 629; x_wconf 92' lang='lat' dir='ltr'>quod</span> <span class='ocrx_word' id='word_1_90' title='bbox 2001 590 2123 626; x_wconf 87' lang='lat' dir='ltr'>mulier,</span> <span class='ocrx_word' id='word_1_91' title='bbox 2149 599 2188 620; x_wconf 91' lang='lat' dir='ltr'>ne</span> <span class='ocrx_word' id='word_1_92' title='bbox 2212 591 2321 630; x_wconf 88' lang='lat' dir='ltr'>perdat</span> <span class='ocrx_word' id='word_1_93' title='bbox 2344 591 2495 623; x_wconf 89' lang='lat' dir='ltr'>dilectum</span> 
     </span>
     <span class='ocr_line' id='line_1_12' title="bbox 325 603 2496 673; baseline 0.002 -11"><span class='ocrx_word' id='word_1_94' title='bbox 325 603 403 665; x_wconf 82' lang='lat' dir='ltr'>Ivel</span> <span class='ocrx_word' id='word_1_95' title='bbox 426 635 526 673; x_wconf 90' lang='lat' dir='ltr'>legere</span> <span class='ocrx_word' id='word_1_96' title='bbox 556 634 637 663; x_wconf 90' lang='lat' dir='ltr'>soles</span> <span class='ocrx_word' id='word_1_97' title='bbox 671 633 759 673; x_wconf 92' lang='lat' dir='ltr'>quod</span> <span class='ocrx_word' id='word_1_98' title='bbox 782 638 909 673; x_wconf 85' lang='lat' dir='ltr'>peccata</span> <span class='ocrx_word' id='word_1_99' title='bbox 938 638 968 662; x_wconf 93' lang='lat' dir='ltr'>et</span> <span class='ocrx_word' id='word_1_100' title='bbox 995 639 1082 663; x_wconf 86' lang='lat' dir='ltr'>actus</span> <span class='ocrx_word' id='word_1_101' title='bbox 1105 631 1237 662; x_wconf 80' lang='lat' dir='ltr'>humani</span> <span class='ocrx_word' id='word_1_102' title='bbox 1262 631 1382 672; x_wconf 88' lang='lat' dir='ltr'>specifi-</span> <span class='ocrx_word' id='word_1_103' title='bbox 1437 632 1638 671; x_wconf 83' lang='lat' dir='ltr'>sacrilegum,</span> <span class='ocrx_word' id='word_1_104' title='bbox 1660 633 1834 664; x_wconf 81' lang='lat' dir='ltr'>consentiat</span> <span class='ocrx_word' id='word_1_105' title='bbox 1861 634 1948 664; x_wconf 90' lang='lat' dir='ltr'>alteri</span> <span class='ocrx_word' id='word_1_106' title='bbox 1977 634 2073 664; x_wconf 86' lang='lat' dir='ltr'>laico:</span> <span class='ocrx_word' id='word_1_107' title='bbox 2104 641 2134 664; x_wconf 92' lang='lat' dir='ltr'>et</span> <span class='ocrx_word' id='word_1_108' title='bbox 2163 641 2240 665; x_wconf 91' lang='lat' dir='ltr'>tunc</span> <span class='ocrx_word' id='word_1_109' title='bbox 2267 642 2355 665; x_wconf 83' lang='lat' dir='ltr'>actus</span> <span class='ocrx_word' id='word_1_110' title='bbox 2383 635 2436 666; x_wconf 88' lang='lat' dir='ltr'>ille</span> <span class='ocrx_word' id='word_1_111' title='bbox 2460 646 2496 666; x_wconf 85' lang='lat' dir='ltr'>ex</span> 
     </span>
     <span class='ocr_line' id='line_1_13' title="bbox 324 675 2496 719; baseline 0 -11"><span class='ocrx_word' id='word_1_112' title='bbox 324 685 434 709; x_wconf 84' lang='lat' dir='ltr'>cantur</span> <span class='ocrx_word' id='word_1_113' title='bbox 448 678 533 707; x_wconf 86' lang='lat' dir='ltr'>iuxta</span> <span class='ocrx_word' id='word_1_114' title='bbox 557 676 766 706; x_wconf 86' lang='lat' dir='ltr'>diversitatem</span> <span class='ocrx_word' id='word_1_115' title='bbox 788 676 994 712; x_wconf 73' lang='lat' dir='ltr'>mofivorum,</span> <span class='ocrx_word' id='word_1_116' title='bbox 1014 675 1169 716; x_wconf 81' lang='lat' dir='ltr'>intelligas</span> <span class='ocrx_word' id='word_1_117' title='bbox 1193 676 1232 705; x_wconf 92' lang='lat' dir='ltr'>de</span> <span class='ocrx_word' id='word_1_118' title='bbox 1256 675 1382 705; x_wconf 83' lang='lat' dir='ltr'>motivis</span> <span class='ocrx_word' id='word_1_119' title='bbox 1437 676 1492 705; x_wconf 90' lang='lat' dir='ltr'>illo</span> <span class='ocrx_word' id='word_1_120' title='bbox 1517 675 1630 705; x_wconf 87' lang='lat' dir='ltr'>timore</span> <span class='ocrx_word' id='word_1_121' title='bbox 1652 675 1708 706; x_wconf 91' lang='lat' dir='ltr'>erit</span> <span class='ocrx_word' id='word_1_122' title='bbox 1727 677 1822 707; x_wconf 84' lang='lat' dir='ltr'>etiam</span> <span class='ocrx_word' id='word_1_123' title='bbox 1845 677 1877 707; x_wconf 91' lang='lat' dir='ltr'>in</span> <span class='ocrx_word' id='word_1_124' title='bbox 1902 678 2004 718; x_wconf 87' lang='lat' dir='ltr'>specie</span> <span class='ocrx_word' id='word_1_125' title='bbox 2021 678 2181 718; x_wconf 84' lang='lat' dir='ltr'>sacrilegii,</span> <span class='ocrx_word' id='word_1_126' title='bbox 2204 678 2243 708; x_wconf 88' lang='lat' dir='ltr'>ad</span> <span class='ocrx_word' id='word_1_127' title='bbox 2266 679 2356 719; x_wconf 92' lang='lat' dir='ltr'>quod</span> <span class='ocrx_word' id='word_1_128' title='bbox 2372 689 2496 710; x_wconf 90' lang='lat' dir='ltr'>conser-</span> 
     </span>
     <span class='ocr_line' id='line_1_14' title="bbox 323 719 2497 762; baseline 0 -11"><span class='ocrx_word' id='word_1_129' title='bbox 323 722 355 751; x_wconf 92' lang='lat' dir='ltr'>in</span> <span class='ocrx_word' id='word_1_130' title='bbox 375 731 486 761; x_wconf 84' lang='lat' dir='ltr'>genere</span> <span class='ocrx_word' id='word_1_131' title='bbox 503 730 613 750; x_wconf 87' lang='lat' dir='ltr'>causae</span> <span class='ocrx_word' id='word_1_132' title='bbox 630 719 742 756; x_wconf 79' lang='lat' dir='ltr'>finalis,</span> <span class='ocrx_word' id='word_1_133' title='bbox 760 727 790 750; x_wconf 88' lang='lat' dir='ltr'>et</span> <span class='ocrx_word' id='word_1_134' title='bbox 806 730 870 750; x_wconf 91' lang='lat' dir='ltr'>non</span> <span class='ocrx_word' id='word_1_135' title='bbox 895 719 1067 751; x_wconf 87' lang='lat' dir='ltr'>effectivae:</span> <span class='ocrx_word' id='word_1_136' title='bbox 1087 719 1167 751; x_wconf 86' lang='lat' dir='ltr'>idest</span> <span class='ocrx_word' id='word_1_137' title='bbox 1183 721 1221 750; x_wconf 90' lang='lat' dir='ltr'>de</span> <span class='ocrx_word' id='word_1_138' title='bbox 1237 719 1285 749; x_wconf 90' lang='lat' dir='ltr'>his</span> <span class='ocrx_word' id='word_1_139' title='bbox 1301 729 1383 759; x_wconf 87' lang='lat' dir='ltr'>quae</span> <span class='ocrx_word' id='word_1_140' title='bbox 1437 719 1578 749; x_wconf 88' lang='lat' dir='ltr'>vandum</span> <span class='ocrx_word' id='word_1_141' title='bbox 1602 719 1784 756; x_wconf 81' lang='lat' dir='ltr'>ordinatur,</span> <span class='ocrx_word' id='word_1_142' title='bbox 1809 721 1953 761; x_wconf 87' lang='lat' dir='ltr'>quamvis</span> <span class='ocrx_word' id='word_1_143' title='bbox 1977 723 2120 753; x_wconf 88' lang='lat' dir='ltr'>absolute</span> <span class='ocrx_word' id='word_1_144' title='bbox 2145 722 2254 752; x_wconf 88' lang='lat' dir='ltr'>fuisset</span> <span class='ocrx_word' id='word_1_145' title='bbox 2278 722 2412 762; x_wconf 83' lang='lat' dir='ltr'>simplex</span> <span class='ocrx_word' id='word_1_146' title='bbox 2434 722 2497 753; x_wconf 92' lang='lat' dir='ltr'>for-</span> 
     </span>
     <span class='ocr_line' id='line_1_15' title="bbox 324 762 2500 807; baseline 0.001 -14"><span class='ocrx_word' id='word_1_147' title='bbox 324 771 454 794; x_wconf 90' lang='lat' dir='ltr'>movent</span> <span class='ocrx_word' id='word_1_148' title='bbox 478 771 512 794; x_wconf 91' lang='lat' dir='ltr'>ut</span> <span class='ocrx_word' id='word_1_149' title='bbox 535 763 623 800; x_wconf 87' lang='lat' dir='ltr'>fines,</span> <span class='ocrx_word' id='word_1_150' title='bbox 641 764 720 794; x_wconf 91' lang='lat' dir='ltr'>idest</span> <span class='ocrx_word' id='word_1_151' title='bbox 737 764 774 794; x_wconf 94' lang='lat' dir='ltr'>de</span> <span class='ocrx_word' id='word_1_152' title='bbox 799 764 984 794; x_wconf 90' lang='lat' dir='ltr'>intentionis</span> <span class='ocrx_word' id='word_1_153' title='bbox 1001 764 1126 800; x_wconf 89' lang='lat' dir='ltr'>finibus,</span> <span class='ocrx_word' id='word_1_154' title='bbox 1144 771 1175 794; x_wconf 89' lang='lat' dir='ltr'>et</span> <span class='ocrx_word' id='word_1_155' title='bbox 1198 774 1263 794; x_wconf 93' lang='lat' dir='ltr'>non</span> <span class='ocrx_word' id='word_1_156' title='bbox 1281 764 1318 792; x_wconf 92' lang='lat' dir='ltr'>de</span> <span class='ocrx_word' id='word_1_157' title='bbox 1334 763 1382 792; x_wconf 85' lang='lat' dir='ltr'>his</span> <span class='ocrx_word' id='word_1_158' title='bbox 1438 762 1553 793; x_wconf 86' lang='lat' dir='ltr'>nicatio</span> <span class='ocrx_word' id='word_1_159' title='bbox 1583 763 1633 792; x_wconf 89' lang='lat' dir='ltr'>vel</span> <span class='ocrx_word' id='word_1_160' title='bbox 1663 763 1863 795; x_wconf 85' lang='lat' dir='ltr'>adulterium.</span> <span class='ocrx_word' id='word_1_161' title='bbox 1890 765 2056 806; x_wconf 84' lang='lat' dir='ltr'>Contingit</span> <span class='ocrx_word' id='word_1_162' title='bbox 2086 766 2180 797; x_wconf 85' lang='lat' dir='ltr'>etiam</span> <span class='ocrx_word' id='word_1_163' title='bbox 2211 767 2299 807; x_wconf 93' lang='lat' dir='ltr'>quod</span> <span class='ocrx_word' id='word_1_164' title='bbox 2327 776 2366 796; x_wconf 90' lang='lat' dir='ltr'>ne</span> <span class='ocrx_word' id='word_1_165' title='bbox 2389 766 2500 806; x_wconf 79' lang='lat' dir='ltr'>perdat</span> 
     </span>
     <span class='ocr_line' id='line_1_16' title="bbox 323 806 2500 851; baseline 0.001 -14"><span class='ocrx_word' id='word_1_166' title='bbox 323 818 404 849; x_wconf 89' lang='lat' dir='ltr'>quae</span> <span class='ocrx_word' id='word_1_167' title='bbox 434 814 564 838; x_wconf 86' lang='lat' dir='ltr'>movent</span> <span class='ocrx_word' id='word_1_168' title='bbox 593 818 671 848; x_wconf 87' lang='lat' dir='ltr'>pure</span> <span class='ocrx_word' id='word_1_169' title='bbox 700 808 808 839; x_wconf 88' lang='lat' dir='ltr'>active.</span> <span class='ocrx_word' id='word_1_170' title='bbox 835 809 968 848; x_wconf 89' lang='lat' dir='ltr'>Propter</span> <span class='ocrx_word' id='word_1_171' title='bbox 991 809 1078 849; x_wconf 92' lang='lat' dir='ltr'>quod</span> <span class='ocrx_word' id='word_1_172' title='bbox 1103 815 1267 848; x_wconf 89' lang='lat' dir='ltr'>peccatum</span> <span class='ocrx_word' id='word_1_173' title='bbox 1295 806 1386 836; x_wconf 91' lang='lat' dir='ltr'>adul·</span> <span class='ocrx_word' id='word_1_174' title='bbox 1438 807 1523 837; x_wconf 90' lang='lat' dir='ltr'>bona</span> <span class='ocrx_word' id='word_1_175' title='bbox 1546 817 1612 842; x_wconf 85' lang='lat' dir='ltr'>sua,</span> <span class='ocrx_word' id='word_1_176' title='bbox 1631 807 1804 838; x_wconf 87' lang='lat' dir='ltr'>consentiat</span> <span class='ocrx_word' id='word_1_177' title='bbox 1828 808 1937 839; x_wconf 87' lang='lat' dir='ltr'>alicui:</span> <span class='ocrx_word' id='word_1_178' title='bbox 1963 817 1993 841; x_wconf 92' lang='lat' dir='ltr'>et</span> <span class='ocrx_word' id='word_1_179' title='bbox 2016 817 2103 847; x_wconf 87' lang='lat' dir='ltr'>tunc,</span> <span class='ocrx_word' id='word_1_180' title='bbox 2121 811 2195 851; x_wconf 85' lang='lat' dir='ltr'>quia</span> <span class='ocrx_word' id='word_1_181' title='bbox 2215 810 2321 841; x_wconf 89' lang='lat' dir='ltr'>nullus</span> <span class='ocrx_word' id='word_1_182' title='bbox 2344 810 2500 841; x_wconf 83' lang='lat' dir='ltr'>redundat</span> 
     </span>
     <span class='ocr_line' id='line_1_17' title="bbox 323 850 2499 895; baseline 0.002 -14"><span class='ocrx_word' id='word_1_183' title='bbox 323 852 401 888; x_wconf 84' lang='lat' dir='ltr'>terii,</span> <span class='ocrx_word' id='word_1_184' title='bbox 425 862 461 881; x_wconf 88' lang='lat' dir='ltr'>ex</span> <span class='ocrx_word' id='word_1_185' title='bbox 484 851 597 882; x_wconf 87' lang='lat' dir='ltr'>timore</span> <span class='ocrx_word' id='word_1_186' title='bbox 620 851 670 882; x_wconf 90' lang='lat' dir='ltr'>vel</span> <span class='ocrx_word' id='word_1_187' title='bbox 701 862 808 882; x_wconf 87' lang='lat' dir='ltr'>amore</span> <span class='ocrx_word' id='word_1_188' title='bbox 832 852 967 888; x_wconf 83' lang='lat' dir='ltr'>factum,</span> <span class='ocrx_word' id='word_1_189' title='bbox 996 862 1061 882; x_wconf 91' lang='lat' dir='ltr'>non</span> <span class='ocrx_word' id='word_1_190' title='bbox 1086 851 1185 882; x_wconf 87' lang='lat' dir='ltr'>differt</span> <span class='ocrx_word' id='word_1_191' title='bbox 1209 850 1320 890; x_wconf 87' lang='lat' dir='ltr'>specie.</span> <span class='ocrx_word' id='word_1_192' title='bbox 1346 851 1386 880; x_wconf 89' lang='lat' dir='ltr'>Et</span> <span class='ocrx_word' id='word_1_193' title='bbox 1439 860 1476 880; x_wconf 86' lang='lat' dir='ltr'>ex</span> <span class='ocrx_word' id='word_1_194' title='bbox 1492 851 1545 881; x_wconf 91' lang='lat' dir='ltr'>tali</span> <span class='ocrx_word' id='word_1_195' title='bbox 1560 850 1672 881; x_wconf 90' lang='lat' dir='ltr'>timore</span> <span class='ocrx_word' id='word_1_196' title='bbox 1688 851 1859 892; x_wconf 88' lang='lat' dir='ltr'>impulsivo</span> <span class='ocrx_word' id='word_1_197' title='bbox 1875 852 1946 883; x_wconf 89' lang='lat' dir='ltr'>finis</span> <span class='ocrx_word' id='word_1_198' title='bbox 1963 855 2076 891; x_wconf 87' lang='lat' dir='ltr'>malus,</span> <span class='ocrx_word' id='word_1_199' title='bbox 2091 865 2156 885; x_wconf 87' lang='lat' dir='ltr'>non</span> <span class='ocrx_word' id='word_1_200' title='bbox 2173 855 2264 885; x_wconf 85' lang='lat' dir='ltr'>datur</span> <span class='ocrx_word' id='word_1_201' title='bbox 2280 861 2409 895; x_wconf 86' lang='lat' dir='ltr'>peccato</span> <span class='ocrx_word' id='word_1_202' title='bbox 2426 853 2499 884; x_wconf 90' lang='lat' dir='ltr'>inde</span> 
     </span>
     <span class='ocr_line' id='line_1_18' title="bbox 324 894 2499 939; baseline 0.001 -14"><span class='ocrx_word' id='word_1_203' title='bbox 324 895 425 926; x_wconf 90' lang='lat' dir='ltr'>simile</span> <span class='ocrx_word' id='word_1_204' title='bbox 449 902 495 926; x_wconf 90' lang='lat' dir='ltr'>est</span> <span class='ocrx_word' id='word_1_205' title='bbox 519 896 557 926; x_wconf 86' lang='lat' dir='ltr'>de</span> <span class='ocrx_word' id='word_1_206' title='bbox 581 896 648 926; x_wconf 89' lang='lat' dir='ltr'>aliis</span> <span class='ocrx_word' id='word_1_207' title='bbox 672 896 774 926; x_wconf 82' lang='lat' dir='ltr'>causis</span> <span class='ocrx_word' id='word_1_208' title='bbox 798 896 985 936; x_wconf 75' lang='lat' dir='ltr'>impulsiviS.</span> <span class='ocrx_word' id='word_1_209' title='bbox 1440 894 1568 934; x_wconf 89' lang='lat' dir='ltr'>species.</span> <span class='ocrx_word' id='word_1_210' title='bbox 1585 895 1626 924; x_wconf 90' lang='lat' dir='ltr'>Et</span> <span class='ocrx_word' id='word_1_211' title='bbox 1650 894 1750 925; x_wconf 89' lang='lat' dir='ltr'>simile</span> <span class='ocrx_word' id='word_1_212' title='bbox 1774 901 1820 925; x_wconf 92' lang='lat' dir='ltr'>est</span> <span class='ocrx_word' id='word_1_213' title='bbox 1843 895 1881 926; x_wconf 89' lang='lat' dir='ltr'>de</span> <span class='ocrx_word' id='word_1_214' title='bbox 1905 906 2022 934; x_wconf 87' lang='lat' dir='ltr'>amore,</span> <span class='ocrx_word' id='word_1_215' title='bbox 2047 899 2072 928; x_wconf 89' lang='lat' dir='ltr'>si</span> <span class='ocrx_word' id='word_1_216' title='bbox 2097 898 2271 930; x_wconf 84' lang='lat' dir='ltr'>consentiat</span> <span class='ocrx_word' id='word_1_217' title='bbox 2294 905 2423 939; x_wconf 88' lang='lat' dir='ltr'>propter</span> <span class='ocrx_word' id='word_1_218' title='bbox 2445 898 2499 928; x_wconf 82' lang='lat' dir='ltr'>ha-</span> 
     </span>
    </p>

    <p class='ocr_par' dir='ltr' id='par_1_9' title="bbox 326 938 2501 1110">
     <span class='ocr_line' id='line_1_19' title="bbox 380 938 2499 983; baseline 0.001 -14"><span class='ocrx_word' id='word_1_219' title='bbox 380 939 515 970; x_wconf 86' lang='lat' dir='ltr'>Adverte</span> <span class='ocrx_word' id='word_1_220' title='bbox 538 947 643 970; x_wconf 88' lang='lat' dir='ltr'>tamen</span> <span class='ocrx_word' id='word_1_221' title='bbox 667 940 717 970; x_wconf 91' lang='lat' dir='ltr'>hic</span> <span class='ocrx_word' id='word_1_222' title='bbox 741 941 829 980; x_wconf 91' lang='lat' dir='ltr'>quod</span> <span class='ocrx_word' id='word_1_223' title='bbox 854 950 957 970; x_wconf 92' lang='lat' dir='ltr'>sermo</span> <span class='ocrx_word' id='word_1_224' title='bbox 982 949 1128 979; x_wconf 85' lang='lat' dir='ltr'>praesens</span> <span class='ocrx_word' id='word_1_225' title='bbox 1153 945 1198 969; x_wconf 88' lang='lat' dir='ltr'>est</span> <span class='ocrx_word' id='word_1_226' title='bbox 1229 938 1385 974; x_wconf 86' lang='lat' dir='ltr'>formalis,</span> <span class='ocrx_word' id='word_1_227' title='bbox 1440 939 1581 969; x_wconf 87' lang='lat' dir='ltr'>bendum</span> <span class='ocrx_word' id='word_1_228' title='bbox 1605 939 1688 969; x_wconf 91' lang='lat' dir='ltr'>unde</span> <span class='ocrx_word' id='word_1_229' title='bbox 1703 939 1795 975; x_wconf 88' lang='lat' dir='ltr'>vivat,</span> <span class='ocrx_word' id='word_1_230' title='bbox 1814 945 1850 969; x_wconf 92' lang='lat' dir='ltr'>ut</span> <span class='ocrx_word' id='word_1_231' title='bbox 1873 942 2084 973; x_wconf 89' lang='lat' dir='ltr'>communiter</span> <span class='ocrx_word' id='word_1_232' title='bbox 2100 952 2255 983; x_wconf 88' lang='lat' dir='ltr'>pauperes</span> <span class='ocrx_word' id='word_1_233' title='bbox 2280 943 2414 973; x_wconf 81' lang='lat' dir='ltr'>faciunt:</span> <span class='ocrx_word' id='word_1_234' title='bbox 2433 952 2499 972; x_wconf 91' lang='lat' dir='ltr'>non</span> 
     </span>
     <span class='ocr_line' id='line_1_20' title="bbox 326 982 2501 1026; baseline 0.001 -12"><span class='ocrx_word' id='word_1_235' title='bbox 326 990 356 1014; x_wconf 86' lang='lat' dir='ltr'>et</span> <span class='ocrx_word' id='word_1_236' title='bbox 380 983 561 1023; x_wconf 87' lang='lat' dir='ltr'>intelligitur</span> <span class='ocrx_word' id='word_1_237' title='bbox 579 985 617 1014; x_wconf 94' lang='lat' dir='ltr'>de</span> <span class='ocrx_word' id='word_1_238' title='bbox 641 984 741 1014; x_wconf 89' lang='lat' dir='ltr'>causis</span> <span class='ocrx_word' id='word_1_239' title='bbox 759 984 865 1014; x_wconf 85' lang='lat' dir='ltr'>activis</span> <span class='ocrx_word' id='word_1_240' title='bbox 890 990 925 1013; x_wconf 91' lang='lat' dir='ltr'>ut</span> <span class='ocrx_word' id='word_1_241' title='bbox 940 983 994 1014; x_wconf 88' lang='lat' dir='ltr'>sic.</span> <span class='ocrx_word' id='word_1_242' title='bbox 1011 983 1103 1013; x_wconf 93' lang='lat' dir='ltr'>Unde</span> <span class='ocrx_word' id='word_1_243' title='bbox 1127 983 1255 1022; x_wconf 87' lang='lat' dir='ltr'>quando</span> <span class='ocrx_word' id='word_1_244' title='bbox 1273 992 1386 1012; x_wconf 89' lang='lat' dir='ltr'>causae</span> <span class='ocrx_word' id='word_1_245' title='bbox 1441 982 1527 1012; x_wconf 89' lang='lat' dir='ltr'>enim</span> <span class='ocrx_word' id='word_1_246' title='bbox 1550 989 1714 1022; x_wconf 83' lang='lat' dir='ltr'>propterea</span> <span class='ocrx_word' id='word_1_247' title='bbox 1732 983 1896 1014; x_wconf 89' lang='lat' dir='ltr'>incurrunt</span> <span class='ocrx_word' id='word_1_248' title='bbox 1915 983 1947 1014; x_wconf 91' lang='lat' dir='ltr'>in</span> <span class='ocrx_word' id='word_1_249' title='bbox 1971 985 2064 1016; x_wconf 83' lang='lat' dir='ltr'>aliam</span> <span class='ocrx_word' id='word_1_250' title='bbox 2080 987 2236 1026; x_wconf 88' lang='lat' dir='ltr'>speciem;</span> <span class='ocrx_word' id='word_1_251' title='bbox 2261 987 2361 1017; x_wconf 91' lang='lat' dir='ltr'>immo</span> <span class='ocrx_word' id='word_1_252' title='bbox 2386 986 2501 1016; x_wconf 88' lang='lat' dir='ltr'>minui-</span> 
     </span>
     <span class='ocr_line' id='line_1_21' title="bbox 327 1026 2011 1067; baseline 0.001 -10"><span class='ocrx_word' id='word_1_253' title='bbox 327 1028 449 1058; x_wconf 46' lang='lat' dir='ltr'>activae*</span> <span class='ocrx_word' id='word_1_254' title='bbox 468 1028 653 1058; x_wconf 90' lang='lat' dir='ltr'>inducerent</span> <span class='ocrx_word' id='word_1_255' title='bbox 676 1028 774 1058; x_wconf 83' lang='lat' dir='ltr'>alium</span> <span class='ocrx_word' id='word_1_256' title='bbox 798 1027 904 1063; x_wconf 84' lang='lat' dir='ltr'>finem,</span> <span class='ocrx_word' id='word_1_257' title='bbox 922 1034 997 1057; x_wconf 90' lang='lat' dir='ltr'>tunc</span> <span class='ocrx_word' id='word_1_258' title='bbox 1021 1037 1086 1056; x_wconf 91' lang='lat' dir='ltr'>non</span> <span class='ocrx_word' id='word_1_259' title='bbox 1111 1036 1147 1056; x_wconf 84' lang='lat' dir='ltr'>ex</span> <span class='ocrx_word' id='word_1_260' title='bbox 1171 1026 1291 1056; x_wconf 89' lang='lat' dir='ltr'>ratione</span> <span class='ocrx_word' id='word_1_261' title='bbox 1315 1035 1387 1056; x_wconf 90' lang='lat' dir='ltr'>cau·</span> <span class='ocrx_word' id='word_1_262' title='bbox 1441 1033 1492 1057; x_wconf 91' lang='lat' dir='ltr'>tur</span> <span class='ocrx_word' id='word_1_263' title='bbox 1515 1034 1680 1067; x_wconf 78' lang='lat' dir='ltr'>peccatum</span> <span class='ocrx_word' id='word_1_264' title='bbox 1705 1037 1741 1057; x_wconf 88' lang='lat' dir='ltr'>ex</span> <span class='ocrx_word' id='word_1_265' title='bbox 1765 1027 1904 1058; x_wconf 83' lang='lat' dir='ltr'>bonitate</span> <span class='ocrx_word' id='word_1_266' title='bbox 1927 1027 2011 1059; x_wconf 85' lang='lat' dir='ltr'>finis.</span> 
     </span>
     <span class='ocr_line' id='line_1_22' title="bbox 327 1069 1388 1110; baseline -0.002 -9"><span class='ocrx_word' id='word_1_267' title='bbox 327 1081 378 1101; x_wconf 80' lang='lat' dir='ltr'>sae</span> <span class='ocrx_word' id='word_1_268' title='bbox 403 1072 529 1107; x_wconf 83' lang='lat' dir='ltr'>activae,</span> <span class='ocrx_word' id='word_1_269' title='bbox 548 1073 601 1102; x_wconf 90' lang='lat' dir='ltr'>sed</span> <span class='ocrx_word' id='word_1_270' title='bbox 626 1082 661 1102; x_wconf 86' lang='lat' dir='ltr'>ex</span> <span class='ocrx_word' id='word_1_271' title='bbox 685 1072 806 1102; x_wconf 86' lang='lat' dir='ltr'>ratione</span> <span class='ocrx_word' id='word_1_272' title='bbox 826 1071 906 1107; x_wconf 87' lang='lat' dir='ltr'>finis,</span> <span class='ocrx_word' id='word_1_273' title='bbox 923 1078 1027 1110; x_wconf 87' lang='lat' dir='ltr'>potest</span> <span class='ocrx_word' id='word_1_274' title='bbox 1048 1069 1246 1100; x_wconf 82' lang='lat' dir='ltr'>diversificari</span> <span class='ocrx_word' id='word_1_275' title='bbox 1270 1070 1388 1110; x_wconf 90' lang='lat' dir='ltr'>species</span> 
     </span>
    </p>
   </div>
   <div class='ocr_carea' id='block_1_9' title="bbox 1107 1225 1725 1278">
    <p class='ocr_par' dir='ltr' id='par_1_10' title="bbox 1107 1225 1725 1278">
     <span class='ocr_line' id='line_1_23' title="bbox 1107 1225 1725 1278; baseline 0.002 -12"><span class='ocrx_word' id='word_1_276' title='bbox 1107 1225 1423 1267; x_wconf 87' lang='lat' dir='ltr'>ARTICULUS</span> <span class='ocrx_word' id='word_1_277' title='bbox 1454 1225 1725 1278; x_wconf 78' lang='lat' dir='ltr'>QUARTUS</span> 
     </span>
    </p>
   </div>
   <div class='ocr_carea' id='block_1_10' title="bbox 574 1307 2258 1388">
    <p class='ocr_par' dir='ltr' id='par_1_11' title="bbox 574 1307 2258 1388">
     <span class='ocr_line' id='line_1_24' title="bbox 574 1307 2258 1346; baseline 0 -6"><span class='ocrx_word' id='word_1_278' title='bbox 574 1310 728 1340; x_wconf 87' lang='lat' dir='ltr'>UTRUM</span> <span class='ocrx_word' id='word_1_279' title='bbox 753 1308 989 1339; x_wconf 87' lang='lat' dir='ltr'>PECCATUM</span> <span class='ocrx_word' id='word_1_280' title='bbox 1014 1307 1353 1339; x_wconf 88' lang='lat' dir='ltr'>CONVENIENTER</span> <span class='ocrx_word' id='word_1_281' title='bbox 1375 1308 1701 1340; x_wconf 86' lang='lat' dir='ltr'>DISTINGUATUR</span> <span class='ocrx_word' id='word_1_282' title='bbox 1725 1310 1767 1339; x_wconf 89' lang='lat' dir='ltr'>IN</span> <span class='ocrx_word' id='word_1_283' title='bbox 1792 1309 2029 1340; x_wconf 86' lang='lat' dir='ltr'><strong>PECCATUM</strong></span> <span class='ocrx_word' id='word_1_284' title='bbox 2054 1310 2096 1340; x_wconf 94' lang='lat' dir='ltr'>IN</span> <span class='ocrx_word' id='word_1_285' title='bbox 2120 1310 2258 1346; x_wconf 91' lang='lat' dir='ltr'>DEUM,</span> 
     </span>
     <span class='ocr_line' id='line_1_25' title="bbox 1087 1352 1743 1388; baseline 0.003 -6"><span class='ocrx_word' id='word_1_286' title='bbox 1087 1353 1128 1382; x_wconf 94' lang='lat' dir='ltr'>lN</span> <span class='ocrx_word' id='word_1_287' title='bbox 1148 1352 1339 1388; x_wconf 83' lang='lat' dir='ltr'>SEIPSUM,</span> <span class='ocrx_word' id='word_1_288' title='bbox 1364 1352 1422 1382; x_wconf 91' lang='lat' dir='ltr'>ET</span> <span class='ocrx_word' id='word_1_289' title='bbox 1446 1353 1489 1382; x_wconf 87' lang='lat' dir='ltr'>IN</span> <span class='ocrx_word' id='word_1_290' title='bbox 1513 1353 1743 1384; x_wconf 89' lang='lat' dir='ltr'>PROXIMUM</span> 
     </span>
    </p>
   </div>
   <div class='ocr_carea' id='block_1_11' title="bbox 992 1421 1844 1455">
    <p class='ocr_par' dir='ltr' id='par_1_12' title="bbox 992 1421 1844 1455">
     <span class='ocr_line' id='line_1_26' title="bbox 992 1421 1844 1455; baseline 0.001 -9"><span class='ocrx_word' id='word_1_291' title='bbox 992 1422 1011 1446; x_wconf 92' lang='lat' dir='ltr'>ll</span> <span class='ocrx_word' id='word_1_292' title='bbox 1032 1422 1113 1451; x_wconf 70' lang='lat' dir='ltr'>Sent„</span> <span class='ocrx_word' id='word_1_293' title='bbox 1135 1421 1194 1446; x_wconf 84' lang='lat' dir='ltr'>dist.</span> <span class='ocrx_word' id='word_1_294' title='bbox 1213 1429 1272 1451; x_wconf 78' lang='lat' dir='ltr'>xur,</span> <span class='ocrx_word' id='word_1_295' title='bbox 1293 1429 1337 1454; x_wconf 92' lang='lat' dir='ltr'>qu.</span> <span class='ocrx_word' id='word_1_296' title='bbox 1355 1429 1382 1452; x_wconf 82' lang='lat'>11,</span> <span class='ocrx_word' id='word_1_297' title='bbox 1403 1427 1450 1447; x_wconf 81' lang='lat' dir='ltr'>art.</span> <span class='ocrx_word' id='word_1_298' title='bbox 1470 1429 1493 1453; x_wconf 74' lang='lat' dir='ltr'>a,</span> <span class='ocrx_word' id='word_1_299' title='bbox 1513 1424 1559 1455; x_wconf 78' lang='lat' dir='ltr'>qu·</span> <span class='ocrx_word' id='word_1_300' title='bbox 1582 1429 1611 1452; x_wconf 68' lang='lat'>2}</span> <span class='ocrx_word' id='word_1_301' title='bbox 1631 1423 1658 1447; x_wconf 88' lang='lat' dir='ltr'>In</span> <span class='ocrx_word' id='word_1_302' title='bbox 1674 1423 1769 1447; x_wconf 83' lang='lat' dir='ltr'>Psalm.</span> <span class='ocrx_word' id='word_1_303' title='bbox 1789 1430 1844 1447; x_wconf 85' lang='lat' dir='ltr'>xxv.</span> 
     </span>
    </p>
   </div>
   <div class='ocr_carea' id='block_1_12' title="bbox 331 1499 2507 2612">
    <p class='ocr_par' dir='ltr' id='par_1_13' title="bbox 331 1499 2507 2612">
     <span class='ocr_line' id='line_1_27' title="bbox 494 1499 2506 1570; baseline 0.001 -31"><span class='ocrx_word' id='word_1_304' title='bbox 494 1520 522 1570; x_wconf 30' lang='grc' dir='ltr'>χ(</span> <span class='ocrx_word' id='word_1_305' title='bbox 540 1515 562 1539; x_wconf 88' lang='lat' dir='ltr'>D</span> <span class='ocrx_word' id='word_1_306' title='bbox 583 1514 755 1544; x_wconf 84' lang='lat' dir='ltr'><strong>QUARTUM</strong></span> <span class='ocrx_word' id='word_1_307' title='bbox 775 1513 828 1538; x_wconf 78' lang='lat' dir='ltr'>sic</span> <span class='ocrx_word' id='word_1_308' title='bbox 847 1512 1086 1538; x_wconf 80' lang='lat' dir='ltr'>PROCEDlTUR.</span> <span class='ocrx_word' id='word_1_309' title='bbox 1106 1500 1265 1537; x_wconf 88' lang='lat' dir='ltr'>Videtur</span> <span class='ocrx_word' id='word_1_310' title='bbox 1285 1499 1389 1548; x_wconf 90' lang='lat' dir='ltr'>quod</span> <span class='ocrx_word' id='word_1_311' title='bbox 1443 1501 1532 1550; x_wconf 85' lang='lat' dir='ltr'>quia</span> <span class='ocrx_word' id='word_1_312' title='bbox 1559 1502 1678 1538; x_wconf 92' lang='lat' dir='ltr'>homo</span> <span class='ocrx_word' id='word_1_313' title='bbox 1706 1509 1761 1538; x_wconf 90' lang='lat' dir='ltr'>est</span> <span class='ocrx_word' id='word_1_314' title='bbox 1780 1501 1997 1538; x_wconf 86' lang='lat' dir='ltr'>naturaliter</span> <span class='ocrx_word' id='word_1_315' title='bbox 2015 1501 2155 1538; x_wconf 86' lang='lat' dir='ltr'>animal</span> <span class='ocrx_word' id='word_1_316' title='bbox 2174 1503 2370 1552; x_wconf 89' lang='lat' dir='ltr'>politicum</span> <span class='ocrx_word' id='word_1_317' title='bbox 2391 1511 2428 1541; x_wconf 92' lang='lat' dir='ltr'>et</span> <span class='ocrx_word' id='word_1_318' title='bbox 2447 1517 2506 1541; x_wconf 91' lang='lat' dir='ltr'>so-</span> 
     </span>
     <span class='ocr_line' id='line_1_28' title="bbox 472 1549 2507 1612; baseline 0.001 -20"><span class='ocrx_word' id='word_1_319' title='bbox 472 1550 853 1612; x_wconf 90' lang='lat' dir='ltr'>inconvenienter</span> <span class='ocrx_word' id='word_1_320' title='bbox 897 1561 1097 1602; x_wconf 86' lang='lat' dir='ltr'>peccatum</span> <span class='ocrx_word' id='word_1_321' title='bbox 1144 1553 1390 1600; x_wconf 89' lang='lat' dir='ltr'>distinguatur</span> <span class='ocrx_word' id='word_1_322' title='bbox 1444 1549 1552 1601; x_wconf 79' lang='lat' dir='ltr'>ciale,</span> <span class='ocrx_word' id='word_1_323' title='bbox 1582 1562 1623 1591; x_wconf 93' lang='lat' dir='ltr'>ut</span> <span class='ocrx_word' id='word_1_324' title='bbox 1650 1555 1834 1603; x_wconf 84' lang='lat' dir='ltr'>probatur</span> <span class='ocrx_word' id='word_1_325' title='bbox 1861 1554 1899 1591; x_wconf 93' lang='lat' dir='ltr'>in</span> <span class='ocrx_word' id='word_1_326' title='bbox 1929 1554 2068 1591; x_wconf 86' lang='lat' dir='ltr'>lPolit.</span> <span class='ocrx_word' id='word_1_327' title='bbox 2094 1554 2125 1602; x_wconf 56' lang='lat'>²3,</span> <span class='ocrx_word' id='word_1_328' title='bbox 2154 1555 2242 1593; x_wconf 89' lang='lat' dir='ltr'>ideo</span> <span class='ocrx_word' id='word_1_329' title='bbox 2270 1568 2426 1594; x_wconf 87' lang='lat' dir='ltr'>necesse</span> <span class='ocrx_word' id='word_1_330' title='bbox 2452 1565 2507 1594; x_wconf 88' lang='lat' dir='ltr'>est</span> 
     </span>
     <span class='ocr_line' id='line_1_29' title="bbox 455 1593 2506 1657; baseline 0.001 -12"><span class='ocrx_word' id='word_1_331' title='bbox 455 1593 518 1648; x_wconf 48' lang='grc' dir='ltr'><strong>ἦ</strong></span> <span class='ocrx_word' id='word_1_332' title='bbox 541 1621 609 1657; x_wconf 91' lang='lat' dir='ltr'>per</span> <span class='ocrx_word' id='word_1_333' title='bbox 645 1615 843 1656; x_wconf 89' lang='lat' dir='ltr'>peccatum</span> <span class='ocrx_word' id='word_1_334' title='bbox 880 1606 984 1655; x_wconf 89' lang='lat' dir='ltr'>quod</span> <span class='ocrx_word' id='word_1_335' title='bbox 1024 1614 1078 1643; x_wconf 90' lang='lat' dir='ltr'>est</span> <span class='ocrx_word' id='word_1_336' title='bbox 1109 1606 1147 1642; x_wconf 92' lang='lat' dir='ltr'>in</span> <span class='ocrx_word' id='word_1_337' title='bbox 1175 1607 1323 1652; x_wconf 90' lang='lat' dir='ltr'>Deum,</span> <span class='ocrx_word' id='word_1_338' title='bbox 1353 1605 1390 1642; x_wconf 92' lang='lat' dir='ltr'>in</span> <span class='ocrx_word' id='word_1_339' title='bbox 1444 1607 1549 1655; x_wconf 92' lang='lat' dir='ltr'>quod</span> <span class='ocrx_word' id='word_1_340' title='bbox 1585 1607 1630 1644; x_wconf 92' lang='lat' dir='ltr'>sit</span> <span class='ocrx_word' id='word_1_341' title='bbox 1661 1607 1789 1644; x_wconf 89' lang='lat' dir='ltr'>tertius</span> <span class='ocrx_word' id='word_1_342' title='bbox 1822 1607 1938 1654; x_wconf 88' lang='lat' dir='ltr'>ordo,</span> <span class='ocrx_word' id='word_1_343' title='bbox 1968 1619 2046 1656; x_wconf 89' lang='lat' dir='ltr'>quo</span> <span class='ocrx_word' id='word_1_344' title='bbox 2078 1608 2197 1645; x_wconf 87' lang='lat' dir='ltr'>homo</span> <span class='ocrx_word' id='word_1_345' title='bbox 2231 1609 2425 1647; x_wconf 88' lang='lat' dir='ltr'>ordinetur</span> <span class='ocrx_word' id='word_1_346' title='bbox 2457 1611 2506 1647; x_wconf 94' lang='lat' dir='ltr'>ad</span> 
     </span>
     <span class='ocr_line' id='line_1_30' title="bbox 501 1649 2306 1710; baseline 0.003 -16"><span class='ocrx_word' id='word_1_347' title='bbox 501 1649 777 1710; x_wconf 47' lang='lat' dir='ltr'>Kproximum,</span> <span class='ocrx_word' id='word_1_348' title='bbox 808 1667 844 1696; x_wconf 94' lang='lat' dir='ltr'>et</span> <span class='ocrx_word' id='word_1_349' title='bbox 875 1659 912 1696; x_wconf 92' lang='lat' dir='ltr'>in</span> <span class='ocrx_word' id='word_1_350' title='bbox 950 1659 1130 1708; x_wconf 91' lang='lat' dir='ltr'>seipsum.</span> <span class='ocrx_word' id='word_1_351' title='bbox 1163 1659 1256 1695; x_wconf 91' lang='lat' dir='ltr'>Illud</span> <span class='ocrx_word' id='word_1_352' title='bbox 1289 1658 1389 1695; x_wconf 86' lang='lat' dir='ltr'>enim</span> <span class='ocrx_word' id='word_1_353' title='bbox 1445 1660 1538 1697; x_wconf 89' lang='lat' dir='ltr'>alios</span> <span class='ocrx_word' id='word_1_354' title='bbox 1565 1660 1754 1706; x_wconf 84' lang='lat' dir='ltr'>homines,</span> <span class='ocrx_word' id='word_1_355' title='bbox 1784 1660 1920 1707; x_wconf 90' lang='lat' dir='ltr'>quibus</span> <span class='ocrx_word' id='word_1_356' title='bbox 1950 1659 2154 1698; x_wconf 88' lang='lat' dir='ltr'>convivere</span> <span class='ocrx_word' id='word_1_357' title='bbox 2184 1662 2306 1699; x_wconf 90' lang='lat' dir='ltr'>debet.</span> 
     </span>
     <span class='ocr_line' id='line_1_31' title="bbox 333 1711 2502 1763; baseline 0.001 -12"><span class='ocrx_word' id='word_1_358' title='bbox 333 1714 438 1763; x_wconf 94' lang='lat' dir='ltr'>quod</span> <span class='ocrx_word' id='word_1_359' title='bbox 454 1722 509 1751; x_wconf 92' lang='lat' dir='ltr'>est</span> <span class='ocrx_word' id='word_1_360' title='bbox 524 1726 730 1751; x_wconf 89' lang='lat' dir='ltr'>commune</span> <span class='ocrx_word' id='word_1_361' title='bbox 751 1713 857 1749; x_wconf 93' lang='lat' dir='ltr'>omni</span> <span class='ocrx_word' id='word_1_362' title='bbox 877 1720 1047 1761; x_wconf 81' lang='lat' dir='ltr'>peccato,</span> <span class='ocrx_word' id='word_1_363' title='bbox 1068 1724 1146 1748; x_wconf 91' lang='lat' dir='ltr'>non</span> <span class='ocrx_word' id='word_1_364' title='bbox 1166 1712 1279 1748; x_wconf 91' lang='lat' dir='ltr'>debet</span> <span class='ocrx_word' id='word_1_365' title='bbox 1297 1711 1390 1760; x_wconf 90' lang='lat' dir='ltr'>poni</span> <span class='ocrx_word' id='word_1_366' title='bbox 1498 1713 1649 1750; x_wconf 80' lang='lat' dir='ltr'>Horu&#39;m</span> <span class='ocrx_word' id='word_1_367' title='bbox 1676 1721 1803 1750; x_wconf 89' lang='lat' dir='ltr'>autem</span> <span class='ocrx_word' id='word_1_368' title='bbox 1833 1713 2009 1750; x_wconf 86' lang='lat' dir='ltr'>ordinum</span> <span class='ocrx_word' id='word_1_369' title='bbox 2037 1713 2183 1762; x_wconf 91' lang='lat' dir='ltr'>primus</span> <span class='ocrx_word' id='word_1_370' title='bbox 2201 1714 2221 1736; x_wconf 77' lang='lat'>’¹‘</span> <span class='ocrx_word' id='word_1_371' title='bbox 2250 1715 2417 1753; x_wconf 89' lang='lat' dir='ltr'>continet</span> <span class='ocrx_word' id='word_1_372' title='bbox 2443 1728 2502 1753; x_wconf 88' lang='lat' dir='ltr'>se·</span> 
     </span>
     <span class='ocr_line' id='line_1_32' title="bbox 331 1765 2504 1817; baseline 0.001 -13"><span class='ocrx_word' id='word_1_373' title='bbox 331 1768 440 1817; x_wconf 89' lang='lat' dir='ltr'>quasi</span> <span class='ocrx_word' id='word_1_374' title='bbox 458 1780 545 1816; x_wconf 91' lang='lat' dir='ltr'>pars</span> <span class='ocrx_word' id='word_1_375' title='bbox 565 1768 603 1804; x_wconf 92' lang='lat' dir='ltr'>in</span> <span class='ocrx_word' id='word_1_376' title='bbox 624 1767 809 1804; x_wconf 89' lang='lat' dir='ltr'>divisione</span> <span class='ocrx_word' id='word_1_377' title='bbox 829 1766 986 1814; x_wconf 88' lang='lat' dir='ltr'>peccati.</span> <span class='ocrx_word' id='word_1_378' title='bbox 1018 1766 1095 1802; x_wconf 90' lang='lat' dir='ltr'>Sed</span> <span class='ocrx_word' id='word_1_379' title='bbox 1115 1777 1321 1802; x_wconf 90' lang='lat' dir='ltr'>commune</span> <span class='ocrx_word' id='word_1_380' title='bbox 1338 1772 1392 1802; x_wconf 86' lang='lat' dir='ltr'>est</span> <span class='ocrx_word' id='word_1_381' title='bbox 1446 1766 1632 1813; x_wconf 89' lang='lat' dir='ltr'>cundum,</span> <span class='ocrx_word' id='word_1_382' title='bbox 1669 1774 1705 1802; x_wconf 90' lang='lat' dir='ltr'>et</span> <span class='ocrx_word' id='word_1_383' title='bbox 1733 1765 1878 1803; x_wconf 85' lang='lat' dir='ltr'>excedit</span> <span class='ocrx_word' id='word_1_384' title='bbox 1911 1765 2050 1814; x_wconf 91' lang='lat' dir='ltr'>ipsum.</span> <span class='ocrx_word' id='word_1_385' title='bbox 2087 1767 2366 1816; x_wconf 89' lang='lat' dir='ltr'>Quaecumque</span> <span class='ocrx_word' id='word_1_386' title='bbox 2401 1768 2504 1807; x_wconf 90' lang='lat' dir='ltr'>enim</span> 
     </span>
     <span class='ocr_line' id='line_1_33' title="bbox 333 1817 2505 1869; baseline 0.001 -12"><span class='ocrx_word' id='word_1_387' title='bbox 333 1821 439 1856; x_wconf 92' lang='lat' dir='ltr'>omni</span> <span class='ocrx_word' id='word_1_388' title='bbox 473 1828 630 1869; x_wconf 91' lang='lat' dir='ltr'>peccato</span> <span class='ocrx_word' id='word_1_389' title='bbox 664 1819 769 1868; x_wconf 90' lang='lat' dir='ltr'>quod</span> <span class='ocrx_word' id='word_1_390' title='bbox 807 1818 852 1855; x_wconf 88' lang='lat' dir='ltr'>sit</span> <span class='ocrx_word' id='word_1_391' title='bbox 887 1826 1021 1856; x_wconf 89' lang='lat' dir='ltr'>contra</span> <span class='ocrx_word' id='word_1_392' title='bbox 1059 1819 1207 1855; x_wconf 90' lang='lat' dir='ltr'>Deum:</span> <span class='ocrx_word' id='word_1_393' title='bbox 1236 1817 1390 1866; x_wconf 86' lang='lat' dir='ltr'>ponitur</span> <span class='ocrx_word' id='word_1_394' title='bbox 1446 1818 1684 1856; x_wconf 89' lang='lat' dir='ltr'>continentur</span> <span class='ocrx_word' id='word_1_395' title='bbox 1713 1819 1782 1855; x_wconf 91' lang='lat' dir='ltr'>sub</span> <span class='ocrx_word' id='word_1_396' title='bbox 1813 1819 1944 1856; x_wconf 91' lang='lat' dir='ltr'>ordine</span> <span class='ocrx_word' id='word_1_397' title='bbox 1974 1819 2140 1867; x_wconf 89' lang='lat' dir='ltr'>rationis,</span> <span class='ocrx_word' id='word_1_398' title='bbox 2170 1821 2409 1858; x_wconf 82' lang='lat' dir='ltr'>continentur</span> <span class='ocrx_word' id='word_1_399' title='bbox 2434 1822 2505 1860; x_wconf 90' lang='lat' dir='ltr'>sub</span> 
     </span>
     <span class='ocr_line' id='line_1_34' title="bbox 332 1871 2504 1921; baseline 0 -11"><span class='ocrx_word' id='word_1_400' title='bbox 332 1873 433 1910; x_wconf 90' lang='lat' dir='ltr'>enim</span> <span class='ocrx_word' id='word_1_401' title='bbox 463 1873 501 1910; x_wconf 91' lang='lat' dir='ltr'>in</span> <span class='ocrx_word' id='word_1_402' title='bbox 530 1872 912 1920; x_wconf 79' lang='lat' dir='ltr'>definitionepeccati</span> <span class='ocrx_word' id='word_1_403' title='bbox 932 1873 1036 1920; x_wconf 92' lang='lat' dir='ltr'>quod</span> <span class='ocrx_word' id='word_1_404' title='bbox 1057 1871 1102 1908; x_wconf 92' lang='lat' dir='ltr'>sit</span> <span class='ocrx_word' id='word_1_405' title='bbox 1120 1876 1250 1908; x_wconf 85' lang='lat' dir='ltr'>contra</span> <span class='ocrx_word' id='word_1_406' title='bbox 1271 1871 1390 1920; x_wconf 85' lang='lat' dir='ltr'>legem</span> <span class='ocrx_word' id='word_1_407' title='bbox 1446 1871 1578 1909; x_wconf 92' lang='lat' dir='ltr'>ordine</span> <span class='ocrx_word' id='word_1_408' title='bbox 1597 1872 1714 1920; x_wconf 87' lang='lat' dir='ltr'>ipsius</span> <span class='ocrx_word' id='word_1_409' title='bbox 1733 1871 1821 1908; x_wconf 85' lang='lat' dir='ltr'>Dei:</span> <span class='ocrx_word' id='word_1_410' title='bbox 1852 1872 1919 1909; x_wconf 87' lang='lat' dir='ltr'>sed</span> <span class='ocrx_word' id='word_1_411' title='bbox 1947 1873 2136 1921; x_wconf 88' lang='lat' dir='ltr'>quaedam</span> <span class='ocrx_word' id='word_1_412' title='bbox 2166 1873 2406 1911; x_wconf 90' lang='lat' dir='ltr'>continentur</span> <span class='ocrx_word' id='word_1_413' title='bbox 2433 1875 2504 1912; x_wconf 90' lang='lat' dir='ltr'>sub</span> 
     </span>
     <span class='ocr_line' id='line_1_35' title="bbox 331 1925 2505 1975; baseline 0 -12"><span class='ocrx_word' id='word_1_414' title='bbox 331 1927 419 1972; x_wconf 86' lang='lat' dir='ltr'>Dei,</span> <span class='ocrx_word' id='word_1_415' title='bbox 449 1934 489 1962; x_wconf 90' lang='lat' dir='ltr'>ut</span> <span class='ocrx_word' id='word_1_416' title='bbox 517 1939 630 1975; x_wconf 88' lang='lat' dir='ltr'>supra</span> <span class='ocrx_word' id='word_1_417' title='bbox 647 1926 667 1947; x_wconf 65' lang='lat'>²⁸</span> <span class='ocrx_word' id='word_1_418' title='bbox 697 1926 839 1963; x_wconf 88' lang='lat' dir='ltr'>dictum</span> <span class='ocrx_word' id='word_1_419' title='bbox 869 1933 934 1961; x_wconf 89' lang='lat' dir='ltr'>est.</span> <span class='ocrx_word' id='word_1_420' title='bbox 966 1926 1056 1962; x_wconf 92' lang='lat' dir='ltr'>Non</span> <span class='ocrx_word' id='word_1_421' title='bbox 1086 1937 1174 1972; x_wconf 89' lang='lat' dir='ltr'>ergo</span> <span class='ocrx_word' id='word_1_422' title='bbox 1193 1931 1392 1972; x_wconf 90' lang='lat' dir='ltr'>peccatum</span> <span class='ocrx_word' id='word_1_423' title='bbox 1446 1925 1577 1962; x_wconf 91' lang='lat' dir='ltr'>ordine</span> <span class='ocrx_word' id='word_1_424' title='bbox 1602 1925 1718 1974; x_wconf 89' lang='lat' dir='ltr'>ipsius</span> <span class='ocrx_word' id='word_1_425' title='bbox 1738 1925 1821 1972; x_wconf 81' lang='lat' dir='ltr'>Dei,</span> <span class='ocrx_word' id='word_1_426' title='bbox 1843 1937 1941 1972; x_wconf 86' lang='lat' dir='ltr'>quae</span> <span class='ocrx_word' id='word_1_427' title='bbox 1962 1925 2148 1963; x_wconf 85' lang='lat' dir='ltr'>excedunt</span> <span class='ocrx_word' id='word_1_428' title='bbox 2167 1926 2350 1964; x_wconf 89' lang='lat' dir='ltr'>rationem</span> <span class='ocrx_word' id='word_1_429' title='bbox 2371 1928 2505 1965; x_wconf 89' lang='lat' dir='ltr'>huma-</span> 
     </span>
     <span class='ocr_line' id='line_1_36' title="bbox 332 1977 2506 2029; baseline 0.001 -14"><span class='ocrx_word' id='word_1_430' title='bbox 332 1979 370 2015; x_wconf 93' lang='lat' dir='ltr'>in</span> <span class='ocrx_word' id='word_1_431' title='bbox 398 1980 525 2016; x_wconf 91' lang='lat' dir='ltr'>Deum</span> <span class='ocrx_word' id='word_1_432' title='bbox 556 1980 669 2018; x_wconf 91' lang='lat' dir='ltr'>debet</span> <span class='ocrx_word' id='word_1_433' title='bbox 697 1978 789 2028; x_wconf 89' lang='lat' dir='ltr'>poni</span> <span class='ocrx_word' id='word_1_434' title='bbox 811 1978 918 2027; x_wconf 90' lang='lat' dir='ltr'>quasi</span> <span class='ocrx_word' id='word_1_435' title='bbox 937 1990 1024 2027; x_wconf 87' lang='lat' dir='ltr'>pars</span> <span class='ocrx_word' id='word_1_436' title='bbox 1043 1977 1081 2014; x_wconf 91' lang='lat' dir='ltr'>in</span> <span class='ocrx_word' id='word_1_437' title='bbox 1102 1977 1285 2015; x_wconf 89' lang='lat' dir='ltr'>divisione</span> <span class='ocrx_word' id='word_1_438' title='bbox 1305 1989 1391 2025; x_wconf 88' lang='lat' dir='ltr'>pec·</span> <span class='ocrx_word' id='word_1_439' title='bbox 1445 1990 1557 2024; x_wconf 84' lang='lat' dir='ltr'>nam,</span> <span class='ocrx_word' id='word_1_440' title='bbox 1587 1978 1682 2015; x_wconf 91' lang='lat' dir='ltr'>sicut</span> <span class='ocrx_word' id='word_1_441' title='bbox 1701 1991 1746 2014; x_wconf 90' lang='lat' dir='ltr'>ea</span> <span class='ocrx_word' id='word_1_442' title='bbox 1766 1990 1862 2026; x_wconf 90' lang='lat' dir='ltr'>quae</span> <span class='ocrx_word' id='word_1_443' title='bbox 1883 1986 1970 2015; x_wconf 92' lang='lat' dir='ltr'>sunt</span> <span class='ocrx_word' id='word_1_444' title='bbox 1996 1978 2099 2026; x_wconf 85' lang='lat' dir='ltr'>fidei,</span> <span class='ocrx_word' id='word_1_445' title='bbox 2129 1987 2164 2016; x_wconf 92' lang='lat' dir='ltr'>et</span> <span class='ocrx_word' id='word_1_446' title='bbox 2191 1991 2290 2029; x_wconf 90' lang='lat' dir='ltr'>quae</span> <span class='ocrx_word' id='word_1_447' title='bbox 2319 1979 2506 2018; x_wconf 90' lang='lat' dir='ltr'>debentur</span> 
     </span>
     <span class='ocr_line' id='line_1_37' title="bbox 333 2030 2506 2081; baseline 0.001 -13"><span class='ocrx_word' id='word_1_448' title='bbox 333 2039 516 2068; x_wconf 90' lang='lat' dir='ltr'>catorum.</span> <span class='ocrx_word' id='word_1_449' title='bbox 1445 2031 1515 2068; x_wconf 91' lang='lat' dir='ltr'>soli</span> <span class='ocrx_word' id='word_1_450' title='bbox 1543 2032 1639 2068; x_wconf 90' lang='lat' dir='ltr'>Deo.</span> <span class='ocrx_word' id='word_1_451' title='bbox 1669 2031 1780 2068; x_wconf 91' lang='lat' dir='ltr'>Unde</span> <span class='ocrx_word' id='word_1_452' title='bbox 1809 2030 1875 2079; x_wconf 91' lang='lat' dir='ltr'>qui</span> <span class='ocrx_word' id='word_1_453' title='bbox 1902 2031 1940 2068; x_wconf 90' lang='lat' dir='ltr'>in</span> <span class='ocrx_word' id='word_1_454' title='bbox 1967 2031 2102 2069; x_wconf 92' lang='lat' dir='ltr'>talibus</span> <span class='ocrx_word' id='word_1_455' title='bbox 2129 2030 2278 2081; x_wconf 88' lang='lat' dir='ltr'>peccat,</span> <span class='ocrx_word' id='word_1_456' title='bbox 2309 2033 2441 2070; x_wconf 89' lang='lat' dir='ltr'>dicitur</span> <span class='ocrx_word' id='word_1_457' title='bbox 2467 2032 2506 2071; x_wconf 91' lang='lat' dir='ltr'>in</span> 
     </span>
     <span class='ocr_line' id='line_1_38' title="bbox 388 2083 2507 2134; baseline 0.001 -13"><span class='ocrx_word' id='word_1_458' title='bbox 388 2097 422 2122; x_wconf 89' lang='lat'>2.</span> <span class='ocrx_word' id='word_1_459' title='bbox 443 2086 675 2132; x_wconf 62' lang='lat' dir='ltr'>Pmmmm,</span> <span class='ocrx_word' id='word_1_460' title='bbox 702 2084 827 2122; x_wconf 92' lang='lat' dir='ltr'>omnis</span> <span class='ocrx_word' id='word_1_461' title='bbox 850 2083 985 2122; x_wconf 88' lang='lat' dir='ltr'>divisio</span> <span class='ocrx_word' id='word_1_462' title='bbox 1007 2084 1118 2121; x_wconf 90' lang='lat' dir='ltr'>debet</span> <span class='ocrx_word' id='word_1_463' title='bbox 1138 2083 1219 2121; x_wconf 90' lang='lat' dir='ltr'>fieri</span> <span class='ocrx_word' id='word_1_464' title='bbox 1237 2095 1306 2131; x_wconf 88' lang='lat' dir='ltr'>per</span> <span class='ocrx_word' id='word_1_465' title='bbox 1326 2095 1392 2132; x_wconf 91' lang='lat' dir='ltr'>op·</span> <span class='ocrx_word' id='word_1_466' title='bbox 1446 2085 1573 2121; x_wconf 92' lang='lat' dir='ltr'>Deum</span> <span class='ocrx_word' id='word_1_467' title='bbox 1605 2096 1781 2133; x_wconf 90' lang='lat' dir='ltr'>peccare:</span> <span class='ocrx_word' id='word_1_468' title='bbox 1812 2084 1907 2121; x_wconf 88' lang='lat' dir='ltr'>sicut</span> <span class='ocrx_word' id='word_1_469' title='bbox 1933 2085 2143 2122; x_wconf 87' lang='lat' dir='ltr'>haereticus</span> <span class='ocrx_word' id='word_1_470' title='bbox 2172 2093 2209 2122; x_wconf 91' lang='lat' dir='ltr'>et</span> <span class='ocrx_word' id='word_1_471' title='bbox 2241 2086 2442 2134; x_wconf 88' lang='lat' dir='ltr'>sacrilegus</span> <span class='ocrx_word' id='word_1_472' title='bbox 2471 2093 2507 2123; x_wconf 88' lang='lat' dir='ltr'>et</span> 
     </span>
     <span class='ocr_line' id='line_1_39' title="bbox 334 2137 2506 2187; baseline 0 -12"><span class='ocrx_word' id='word_1_473' title='bbox 334 2138 466 2187; x_wconf 84' lang='lat' dir='ltr'>posita.</span> <span class='ocrx_word' id='word_1_474' title='bbox 498 2139 575 2175; x_wconf 90' lang='lat' dir='ltr'>Sed</span> <span class='ocrx_word' id='word_1_475' title='bbox 604 2139 672 2175; x_wconf 88' lang='lat' dir='ltr'>ista</span> <span class='ocrx_word' id='word_1_476' title='bbox 700 2138 769 2174; x_wconf 86' lang='lat' dir='ltr'>tria</span> <span class='ocrx_word' id='word_1_477' title='bbox 788 2150 927 2185; x_wconf 89' lang='lat' dir='ltr'>genera</span> <span class='ocrx_word' id='word_1_478' title='bbox 946 2145 1189 2186; x_wconf 90' lang='lat' dir='ltr'>peccatorum</span> <span class='ocrx_word' id='word_1_479' title='bbox 1210 2149 1288 2173; x_wconf 91' lang='lat' dir='ltr'>non</span> <span class='ocrx_word' id='word_1_480' title='bbox 1307 2143 1393 2180; x_wconf 90' lang='lat' dir='ltr'>sunt</span> <span class='ocrx_word' id='word_1_481' title='bbox 1446 2138 1703 2186; x_wconf 90' lang='lat' dir='ltr'>blasphemus.</span> <span class='ocrx_word' id='word_1_482' title='bbox 1721 2158 1744 2165; x_wconf 97' lang='lat'>-</span> <span class='ocrx_word' id='word_1_483' title='bbox 1761 2137 1938 2174; x_wconf 90' lang='lat' dir='ltr'>Similiter</span> <span class='ocrx_word' id='word_1_484' title='bbox 1967 2137 2079 2175; x_wconf 87' lang='lat' dir='ltr'>etiam</span> <span class='ocrx_word' id='word_1_485' title='bbox 2105 2138 2295 2176; x_wconf 91' lang='lat' dir='ltr'>secundus</span> <span class='ocrx_word' id='word_1_486' title='bbox 2323 2139 2419 2176; x_wconf 90' lang='lat' dir='ltr'>ordo</span> <span class='ocrx_word' id='word_1_487' title='bbox 2453 2138 2506 2177; x_wconf 87' lang='lat' dir='ltr'>in-</span> 
     </span>
     <span class='ocr_line' id='line_1_40' title="bbox 335 2189 2506 2240; baseline 0.001 -13"><span class='ocrx_word' id='word_1_488' title='bbox 335 2191 530 2240; x_wconf 89' lang='lat' dir='ltr'>opposita:</span> <span class='ocrx_word' id='word_1_489' title='bbox 561 2191 791 2240; x_wconf 89' lang='lat' dir='ltr'>quicumque</span> <span class='ocrx_word' id='word_1_490' title='bbox 821 2190 922 2228; x_wconf 89' lang='lat' dir='ltr'>enim</span> <span class='ocrx_word' id='word_1_491' title='bbox 951 2198 1083 2239; x_wconf 90' lang='lat' dir='ltr'>peccat</span> <span class='ocrx_word' id='word_1_492' title='bbox 1104 2191 1141 2227; x_wconf 89' lang='lat' dir='ltr'>in</span> <span class='ocrx_word' id='word_1_493' title='bbox 1160 2189 1391 2239; x_wconf 87' lang='lat' dir='ltr'>proximum,</span> <span class='ocrx_word' id='word_1_494' title='bbox 1447 2190 1561 2228; x_wconf 91' lang='lat' dir='ltr'>cludit</span> <span class='ocrx_word' id='word_1_495' title='bbox 1588 2190 1754 2237; x_wconf 80' lang='lat' dir='ltr'>tertium,</span> <span class='ocrx_word' id='word_1_496' title='bbox 1786 2198 1820 2227; x_wconf 91' lang='lat' dir='ltr'>et</span> <span class='ocrx_word' id='word_1_497' title='bbox 1850 2190 1995 2228; x_wconf 88' lang='lat' dir='ltr'>excedit</span> <span class='ocrx_word' id='word_1_498' title='bbox 2021 2191 2159 2240; x_wconf 90' lang='lat' dir='ltr'>ipsum.</span> <span class='ocrx_word' id='word_1_499' title='bbox 2186 2191 2286 2238; x_wconf 89' lang='lat' dir='ltr'>Quia</span> <span class='ocrx_word' id='word_1_500' title='bbox 2317 2191 2356 2229; x_wconf 89' lang='lat' dir='ltr'>in</span> <span class='ocrx_word' id='word_1_501' title='bbox 2384 2191 2506 2229; x_wconf 88' lang='lat' dir='ltr'>omni·</span> 
     </span>
     <span class='ocr_line' id='line_1_41' title="bbox 333 2243 2507 2294; baseline 0 -14"><span class='ocrx_word' id='word_1_502' title='bbox 333 2252 466 2293; x_wconf 90' lang='lat' dir='ltr'>peccat</span> <span class='ocrx_word' id='word_1_503' title='bbox 490 2244 603 2282; x_wconf 87' lang='lat' dir='ltr'>etiam</span> <span class='ocrx_word' id='word_1_504' title='bbox 625 2250 641 2266; x_wconf 82' lang='lat'>‘²</span> <span class='ocrx_word' id='word_1_505' title='bbox 661 2244 698 2283; x_wconf 92' lang='lat' dir='ltr'>in</span> <span class='ocrx_word' id='word_1_506' title='bbox 728 2244 895 2293; x_wconf 90' lang='lat' dir='ltr'>seipsum</span> <span class='ocrx_word' id='word_1_507' title='bbox 918 2251 954 2280; x_wconf 87' lang='lat' dir='ltr'>et</span> <span class='ocrx_word' id='word_1_508' title='bbox 975 2244 1012 2281; x_wconf 92' lang='lat' dir='ltr'>in</span> <span class='ocrx_word' id='word_1_509' title='bbox 1033 2245 1170 2280; x_wconf 91' lang='lat' dir='ltr'>Deum.</span> <span class='ocrx_word' id='word_1_510' title='bbox 1192 2243 1284 2280; x_wconf 91' lang='lat' dir='ltr'>Non</span> <span class='ocrx_word' id='word_1_511' title='bbox 1304 2254 1392 2290; x_wconf 87' lang='lat' dir='ltr'>ergo</span> <span class='ocrx_word' id='word_1_512' title='bbox 1446 2243 1517 2280; x_wconf 93' lang='lat' dir='ltr'>bus</span> <span class='ocrx_word' id='word_1_513' title='bbox 1545 2243 1583 2280; x_wconf 93' lang='lat' dir='ltr'>in</span> <span class='ocrx_word' id='word_1_514' title='bbox 1612 2243 1748 2292; x_wconf 91' lang='lat' dir='ltr'>quibus</span> <span class='ocrx_word' id='word_1_515' title='bbox 1777 2243 1999 2280; x_wconf 89' lang='lat' dir='ltr'>ordinamur</span> <span class='ocrx_word' id='word_1_516' title='bbox 2026 2244 2075 2282; x_wconf 90' lang='lat' dir='ltr'>ad</span> <span class='ocrx_word' id='word_1_517' title='bbox 2102 2244 2332 2293; x_wconf 83' lang='lat' dir='ltr'>proximum,</span> <span class='ocrx_word' id='word_1_518' title='bbox 2358 2251 2507 2294; x_wconf 87' lang='lat' dir='ltr'>oportet</span> 
     </span>
     <span class='ocr_line' id='line_1_42' title="bbox 334 2294 2506 2346; baseline 0 -13"><span class='ocrx_word' id='word_1_519' title='bbox 334 2305 532 2346; x_wconf 89' lang='lat' dir='ltr'>peccatum</span> <span class='ocrx_word' id='word_1_520' title='bbox 553 2297 823 2335; x_wconf 87' lang='lat' dir='ltr'>convenienter</span> <span class='ocrx_word' id='word_1_521' title='bbox 843 2296 1021 2334; x_wconf 90' lang='lat' dir='ltr'>dividitur</span> <span class='ocrx_word' id='word_1_522' title='bbox 1040 2295 1251 2334; x_wconf 90' lang='lat' dir='ltr'>secundum</span> <span class='ocrx_word' id='word_1_523' title='bbox 1271 2294 1393 2332; x_wconf 61' lang='lat' dir='ltr'>sshaec</span> <span class='ocrx_word' id='word_1_524' title='bbox 1447 2309 1517 2334; x_wconf 92' lang='lat' dir='ltr'>nos</span> <span class='ocrx_word' id='word_1_525' title='bbox 1537 2296 1643 2344; x_wconf 87' lang='lat' dir='ltr'>dirigi</span> <span class='ocrx_word' id='word_1_526' title='bbox 1663 2297 1874 2333; x_wconf 90' lang='lat' dir='ltr'>secundum</span> <span class='ocrx_word' id='word_1_527' title='bbox 1896 2297 2066 2345; x_wconf 89' lang='lat' dir='ltr'>regulam&#39;</span> <span class='ocrx_word' id='word_1_528' title='bbox 2085 2297 2258 2334; x_wconf 87' lang='lat' dir='ltr'>rationis:</span> <span class='ocrx_word' id='word_1_529' title='bbox 2279 2297 2347 2335; x_wconf 91' lang='lat' dir='ltr'>sed</span> <span class='ocrx_word' id='word_1_530' title='bbox 2365 2296 2404 2334; x_wconf 89' lang='lat' dir='ltr'>in</span> <span class='ocrx_word' id='word_1_531' title='bbox 2423 2297 2506 2345; x_wconf 91' lang='lat' dir='ltr'>qui-</span> 
     </span>
     <span class='ocr_line' id='line_1_43' title="bbox 333 2349 2505 2399; baseline 0 -13"><span class='ocrx_word' id='word_1_532' title='bbox 333 2350 413 2386; x_wconf 90' lang='lat' dir='ltr'>tria.</span> <span class='ocrx_word' id='word_1_533' title='bbox 788 2362 791 2364; x_wconf 65' lang='grc'>’</span> <span class='ocrx_word' id='word_1_534' title='bbox 1447 2349 1610 2387; x_wconf 86' lang='lat' dir='ltr'>busdam</span> <span class='ocrx_word' id='word_1_535' title='bbox 1640 2349 1834 2398; x_wconf 89' lang='lat' dir='ltr'>dirigimur</span> <span class='ocrx_word' id='word_1_536' title='bbox 1861 2349 2073 2387; x_wconf 91' lang='lat' dir='ltr'>secundum</span> <span class='ocrx_word' id='word_1_537' title='bbox 2107 2350 2292 2388; x_wconf 85' lang='lat' dir='ltr'>rationem</span> <span class='ocrx_word' id='word_1_538' title='bbox 2320 2358 2505 2399; x_wconf 89' lang='lat' dir='ltr'>quantum</span> 
     </span>
     <span class='ocr_line' id='line_1_44' title="bbox 390 2402 2506 2452; baseline 0 -12"><span class='ocrx_word' id='word_1_539' title='bbox 390 2405 423 2440; x_wconf 89' lang='lat'>3.</span> <span class='ocrx_word' id='word_1_540' title='bbox 454 2405 691 2450; x_wconf 81' lang='lat' dir='ltr'>PRAETEREA‚</span> <span class='ocrx_word' id='word_1_541' title='bbox 722 2416 767 2440; x_wconf 89' lang='lat' dir='ltr'>ea</span> <span class='ocrx_word' id='word_1_542' title='bbox 796 2415 893 2452; x_wconf 88' lang='lat' dir='ltr'>quae</span> <span class='ocrx_word' id='word_1_543' title='bbox 926 2411 1012 2440; x_wconf 87' lang='lat' dir='ltr'>sunt</span> <span class='ocrx_word' id='word_1_544' title='bbox 1041 2402 1286 2449; x_wconf 87' lang='lat' dir='ltr'>extrinsecus,</span> <span class='ocrx_word' id='word_1_545' title='bbox 1315 2413 1394 2439; x_wconf 92' lang='lat' dir='ltr'>non</span> <span class='ocrx_word' id='word_1_546' title='bbox 1447 2403 1495 2440; x_wconf 91' lang='lat' dir='ltr'>ad</span> <span class='ocrx_word' id='word_1_547' title='bbox 1525 2415 1595 2440; x_wconf 91' lang='lat' dir='ltr'>nos</span> <span class='ocrx_word' id='word_1_548' title='bbox 1628 2410 1792 2449; x_wconf 79' lang='lat' dir='ltr'>tanturn,</span> <span class='ocrx_word' id='word_1_549' title='bbox 1822 2415 1901 2439; x_wconf 91' lang='lat' dir='ltr'>non</span> <span class='ocrx_word' id='word_1_550' title='bbox 1929 2411 2056 2440; x_wconf 89' lang='lat' dir='ltr'>autem</span> <span class='ocrx_word' id='word_1_551' title='bbox 2091 2410 2276 2452; x_wconf 88' lang='lat' dir='ltr'>quantum</span> <span class='ocrx_word' id='word_1_552' title='bbox 2306 2403 2355 2440; x_wconf 90' lang='lat' dir='ltr'>ad</span> <span class='ocrx_word' id='word_1_553' title='bbox 2383 2403 2506 2452; x_wconf 83' lang='lat' dir='ltr'>proxi-</span> 
     </span>
     <span class='ocr_line' id='line_1_45' title="bbox 336 2455 2504 2505; baseline 0 -12"><span class='ocrx_word' id='word_1_554' title='bbox 336 2457 533 2494; x_wconf 89' lang='lat' dir='ltr'>conferunt</span> <span class='ocrx_word' id='word_1_555' title='bbox 565 2456 744 2505; x_wconf 89' lang='lat' dir='ltr'>speciem.</span> <span class='ocrx_word' id='word_1_556' title='bbox 775 2457 851 2494; x_wconf 89' lang='lat' dir='ltr'>Sed</span> <span class='ocrx_word' id='word_1_557' title='bbox 883 2457 989 2492; x_wconf 91' lang='lat' dir='ltr'>Deus</span> <span class='ocrx_word' id='word_1_558' title='bbox 1019 2464 1054 2492; x_wconf 90' lang='lat' dir='ltr'>et</span> <span class='ocrx_word' id='word_1_559' title='bbox 1081 2455 1278 2504; x_wconf 85' lang='lat' dir='ltr'>proximus</span> <span class='ocrx_word' id='word_1_560' title='bbox 1309 2463 1395 2491; x_wconf 89' lang='lat' dir='ltr'>sunt</span> <span class='ocrx_word' id='word_1_561' title='bbox 1448 2468 1568 2493; x_wconf 89' lang='lat' dir='ltr'>mum.</span> <span class='ocrx_word' id='word_1_562' title='bbox 1590 2456 1638 2492; x_wconf 92' lang='lat' dir='ltr'>Et</span> <span class='ocrx_word' id='word_1_563' title='bbox 1666 2456 1819 2505; x_wconf 89' lang='lat' dir='ltr'>quando</span> <span class='ocrx_word' id='word_1_564' title='bbox 1849 2456 1887 2492; x_wconf 93' lang='lat' dir='ltr'>in</span> <span class='ocrx_word' id='word_1_565' title='bbox 1914 2456 1971 2493; x_wconf 91' lang='lat' dir='ltr'>his</span> <span class='ocrx_word' id='word_1_566' title='bbox 1999 2463 2192 2505; x_wconf 92' lang='lat' dir='ltr'>peccatur,</span> <span class='ocrx_word' id='word_1_567' title='bbox 2223 2455 2356 2493; x_wconf 89' lang='lat' dir='ltr'>dicitur</span> <span class='ocrx_word' id='word_1_568' title='bbox 2385 2456 2504 2494; x_wconf 87' lang='lat' dir='ltr'>homo</span> 
     </span>
     <span class='ocr_line' id='line_1_46' title="bbox 336 2508 2506 2559; baseline -0 -13"><span class='ocrx_word' id='word_1_569' title='bbox 336 2517 437 2546; x_wconf 88' lang='lat' dir='ltr'>extra</span> <span class='ocrx_word' id='word_1_570' title='bbox 467 2523 547 2547; x_wconf 91' lang='lat' dir='ltr'>nos.</span> <span class='ocrx_word' id='word_1_571' title='bbox 578 2511 679 2558; x_wconf 87' lang='lat' dir='ltr'>Ergo</span> <span class='ocrx_word' id='word_1_572' title='bbox 708 2522 776 2559; x_wconf 91' lang='lat' dir='ltr'>per</span> <span class='ocrx_word' id='word_1_573' title='bbox 795 2510 890 2546; x_wconf 90' lang='lat' dir='ltr'>haec</span> <span class='ocrx_word' id='word_1_574' title='bbox 910 2521 988 2546; x_wconf 91' lang='lat' dir='ltr'>non</span> <span class='ocrx_word' id='word_1_575' title='bbox 1013 2509 1290 2557; x_wconf 87' lang='lat' dir='ltr'>distinguuntur</span> <span class='ocrx_word' id='word_1_576' title='bbox 1308 2520 1394 2557; x_wconf 85' lang='lat' dir='ltr'>pec·</span> <span class='ocrx_word' id='word_1_577' title='bbox 1446 2521 1604 2559; x_wconf 87' lang='lat' dir='ltr'>peccare</span> <span class='ocrx_word' id='word_1_578' title='bbox 1634 2508 1671 2545; x_wconf 91' lang='lat' dir='ltr'>in</span> <span class='ocrx_word' id='word_1_579' title='bbox 1700 2508 1887 2557; x_wconf 92' lang='lat' dir='ltr'>seipsum:</span> <span class='ocrx_word' id='word_1_580' title='bbox 1918 2509 2012 2546; x_wconf 89' lang='lat' dir='ltr'>sicut</span> <span class='ocrx_word' id='word_1_581' title='bbox 2028 2515 2131 2558; x_wconf 88' lang='lat' dir='ltr'>patet</span> <span class='ocrx_word' id='word_1_582' title='bbox 2158 2509 2205 2546; x_wconf 92' lang='lat' dir='ltr'>de</span> <span class='ocrx_word' id='word_1_583' title='bbox 2232 2509 2379 2557; x_wconf 85' lang='lat' dir='ltr'>guloso,</span> <span class='ocrx_word' id='word_1_584' title='bbox 2400 2509 2506 2546; x_wconf 83' lang='lat' dir='ltr'>luxu-</span> 
     </span>
     <span class='ocr_line' id='line_1_47' title="bbox 336 2561 2506 2612; baseline -0 -13"><span class='ocrx_word' id='word_1_585' title='bbox 336 2571 418 2599; x_wconf 88' lang='lat' dir='ltr'>cata</span> <span class='ocrx_word' id='word_1_586' title='bbox 438 2564 648 2600; x_wconf 89' lang='lat' dir='ltr'>secundum</span> <span class='ocrx_word' id='word_1_587' title='bbox 670 2563 848 2612; x_wconf 87' lang='lat' dir='ltr'>speciem.</span> <span class='ocrx_word' id='word_1_588' title='bbox 877 2562 1191 2599; x_wconf 89' lang='lat' dir='ltr'>lnconvenienter</span> <span class='ocrx_word' id='word_1_589' title='bbox 1210 2561 1320 2609; x_wconf 88' lang='lat' dir='ltr'>igitur</span> <span class='ocrx_word' id='word_1_590' title='bbox 1339 2573 1394 2598; x_wconf 88' lang='lat' dir='ltr'>se·</span> <span class='ocrx_word' id='word_1_591' title='bbox 1448 2562 1549 2599; x_wconf 92' lang='lat' dir='ltr'>rioso</span> <span class='ocrx_word' id='word_1_592' title='bbox 1578 2570 1614 2598; x_wconf 92' lang='lat' dir='ltr'>et</span> <span class='ocrx_word' id='word_1_593' title='bbox 1632 2561 1804 2610; x_wconf 90' lang='lat' dir='ltr'>prodigo.</span> <span class='ocrx_word' id='word_1_594' title='bbox 1822 2583 1845 2589; x_wconf 97' lang='lat'>-</span> <span class='ocrx_word' id='word_1_595' title='bbox 1862 2562 2027 2610; x_wconf 88' lang='lat' dir='ltr'>Quando</span> <span class='ocrx_word' id='word_1_596' title='bbox 2046 2573 2140 2598; x_wconf 91' lang='lat' dir='ltr'>vero</span> <span class='ocrx_word' id='word_1_597' title='bbox 2168 2569 2302 2610; x_wconf 86' lang='lat' dir='ltr'>peccat</span> <span class='ocrx_word' id='word_1_598' title='bbox 2319 2562 2438 2599; x_wconf 89' lang='lat' dir='ltr'>homo</span> <span class='ocrx_word' id='word_1_599' title='bbox 2467 2561 2506 2599; x_wconf 90' lang='lat' dir='ltr'>in</span> 
     </span>
    </p>
   </div>
   <div class='ocr_carea' id='block_1_13' title="bbox 416 1517 502 1547">
    <p class='ocr_par' dir='ltr' id='par_1_14' title="bbox 416 1517 502 1547">
     <span class='ocr_line' id='line_1_48' title="bbox 416 1517 502 1547; baseline 0.012 -1"><span class='ocrx_word' id='word_1_600' title='bbox 416 1517 423 1530; x_wconf 48' lang='grc' dir='ltr'><strong><em>ι</em></strong></span> <span class='ocrx_word' id='word_1_601' title='bbox 448 1526 502 1547; x_wconf 26' lang='lat'><em>*¹13-</em></span> 
     </span>
    </p>
   </div>
   <div class='ocr_carea' id='block_1_14' title="bbox 343 1512 531 1700">
    <p class='ocr_par' dir='ltr' id='par_1_15' title="bbox 343 1512 531 1700">
     <span class='ocr_line' id='line_1_49' title="bbox 343 1512 531 1700; baseline 0 -121"><span class='ocrx_word' id='word_1_602' title='bbox 343 1512 531 1700; x_wconf 95' lang='lat' dir='ltr'>   </span> 
     </span>
    </p>
   </div>
   <div class='ocr_carea' id='block_1_15' title="bbox 333 2614 2507 2875">
    <p class='ocr_par' dir='ltr' id='par_1_16' title="bbox 333 2614 2507 2875">
     <span class='ocr_line' id='line_1_50' title="bbox 336 2614 2505 2664; baseline 0 -13"><span class='ocrx_word' id='word_1_603' title='bbox 336 2615 505 2653; x_wconf 90' lang='lat' dir='ltr'>cundum</span> <span class='ocrx_word' id='word_1_604' title='bbox 534 2617 627 2652; x_wconf 89' lang='lat' dir='ltr'>haec</span> <span class='ocrx_word' id='word_1_605' title='bbox 654 2616 723 2652; x_wconf 89' lang='lat' dir='ltr'>tria</span> <span class='ocrx_word' id='word_1_606' title='bbox 751 2623 950 2664; x_wconf 91' lang='lat' dir='ltr'>peccatum</span> <span class='ocrx_word' id='word_1_607' title='bbox 979 2615 1168 2653; x_wconf 90' lang='lat' dir='ltr'>dividitur.</span> <span class='ocrx_word' id='word_1_608' title='bbox 1447 2615 1504 2652; x_wconf 90' lang='lat' dir='ltr'>his</span> <span class='ocrx_word' id='word_1_609' title='bbox 1520 2615 1657 2664; x_wconf 89' lang='lat' dir='ltr'>quibus</span> <span class='ocrx_word' id='word_1_610' title='bbox 1678 2615 1727 2652; x_wconf 87' lang='lat' dir='ltr'>ad</span> <span class='ocrx_word' id='word_1_611' title='bbox 1741 2614 1960 2663; x_wconf 84' lang='lat' dir='ltr'>proximum</span> <span class='ocrx_word' id='word_1_612' title='bbox 1978 2614 2183 2662; x_wconf 87' lang='lat' dir='ltr'>ordinatur,</span> <span class='ocrx_word' id='word_1_613' title='bbox 2200 2614 2333 2652; x_wconf 92' lang='lat' dir='ltr'>dicitur</span> <span class='ocrx_word' id='word_1_614' title='bbox 2347 2627 2505 2664; x_wconf 86' lang='lat' dir='ltr'>peccare</span> 
     </span>
     <span class='ocr_line' id='line_1_51' title="bbox 390 2667 2478 2717; baseline -0.001 -11"><span class='ocrx_word' id='word_1_615' title='bbox 390 2670 464 2706; x_wconf 84' lang='lat' dir='ltr'>SED</span> <span class='ocrx_word' id='word_1_616' title='bbox 498 2681 643 2706; x_wconf 80' lang='lat' dir='ltr'>CONTRA</span> <span class='ocrx_word' id='word_1_617' title='bbox 676 2681 740 2706; x_wconf 82' lang='lat' dir='ltr'>EST</span> <span class='ocrx_word' id='word_1_618' title='bbox 768 2668 872 2717; x_wconf 89' lang='lat' dir='ltr'>quod</span> <span class='ocrx_word' id='word_1_619' title='bbox 902 2668 1068 2705; x_wconf 89' lang='lat' dir='ltr'>Isidorus</span> <span class='ocrx_word' id='word_1_620' title='bbox 1092 2668 1123 2715; x_wconf 68' lang='lat'>²¹⁶,</span> <span class='ocrx_word' id='word_1_621' title='bbox 1154 2669 1192 2704; x_wconf 91' lang='lat' dir='ltr'>in</span> <span class='ocrx_word' id='word_1_622' title='bbox 1226 2667 1322 2704; x_wconf 93' lang='lat' dir='ltr'>libro</span> <span class='ocrx_word' id='word_1_623' title='bbox 1350 2667 1395 2703; x_wconf 85' lang='lat' dir='ltr'>de</span> <span class='ocrx_word' id='word_1_624' title='bbox 1447 2668 1486 2705; x_wconf 92' lang='lat' dir='ltr'>in</span> <span class='ocrx_word' id='word_1_625' title='bbox 1513 2668 1752 2716; x_wconf 87' lang='lat' dir='ltr'>proximum:</span> <span class='ocrx_word' id='word_1_626' title='bbox 1784 2668 1877 2704; x_wconf 92' lang='lat' dir='ltr'>sicut</span> <span class='ocrx_word' id='word_1_627' title='bbox 1903 2675 2006 2717; x_wconf 89' lang='lat' dir='ltr'>patet</span> <span class='ocrx_word' id='word_1_628' title='bbox 2029 2668 2075 2704; x_wconf 92' lang='lat' dir='ltr'>de</span> <span class='ocrx_word' id='word_1_629' title='bbox 2099 2667 2180 2704; x_wconf 84' lang='lat' dir='ltr'>fure</span> <span class='ocrx_word' id='word_1_630' title='bbox 2210 2675 2246 2704; x_wconf 94' lang='lat' dir='ltr'>et</span> <span class='ocrx_word' id='word_1_631' title='bbox 2272 2667 2478 2704; x_wconf 88' lang='lat' dir='ltr'>homicida.</span> 
     </span>
     <span class='ocr_line' id='line_1_52' title="bbox 335 2719 2507 2770; baseline 0 -12"><span class='ocrx_word' id='word_1_632' title='bbox 335 2722 490 2759; x_wconf 87' lang='lat' dir='ltr'>Summo</span> <span class='ocrx_word' id='word_1_633' title='bbox 528 2723 658 2768; x_wconf 83' lang='lat' dir='ltr'>Bono,</span> <span class='ocrx_word' id='word_1_634' title='bbox 698 2721 929 2769; x_wconf 87' lang='lat' dir='ltr'>distinguens</span> <span class='ocrx_word' id='word_1_635' title='bbox 963 2729 1136 2770; x_wconf 86' lang='lat' dir='ltr'>peccata,</span> <span class='ocrx_word' id='word_1_636' title='bbox 1170 2721 1258 2758; x_wconf 90' lang='lat' dir='ltr'>dicit</span> <span class='ocrx_word' id='word_1_637' title='bbox 1290 2720 1392 2769; x_wconf 90' lang='lat' dir='ltr'>quod</span> <span class='ocrx_word' id='word_1_638' title='bbox 1481 2719 1598 2757; x_wconf 59' lang='lat' dir='ltr'>&#39;Sunt</span> <span class='ocrx_word' id='word_1_639' title='bbox 1618 2729 1743 2757; x_wconf 91' lang='lat' dir='ltr'>autem</span> <span class='ocrx_word' id='word_1_640' title='bbox 1766 2721 1915 2758; x_wconf 87' lang='lat' dir='ltr'>diversa</span> <span class='ocrx_word' id='word_1_641' title='bbox 1942 2720 2078 2769; x_wconf 91' lang='lat' dir='ltr'>quibus</span> <span class='ocrx_word' id='word_1_642' title='bbox 2097 2720 2216 2757; x_wconf 90' lang='lat' dir='ltr'>homo</span> <span class='ocrx_word' id='word_1_643' title='bbox 2245 2720 2439 2758; x_wconf 89' lang='lat' dir='ltr'>ordinatur</span> <span class='ocrx_word' id='word_1_644' title='bbox 2457 2720 2507 2758; x_wconf 85' lang='lat' dir='ltr'>ad</span> 
     </span>
     <span class='ocr_line' id='line_1_53' title="bbox 334 2773 2507 2823; baseline -0 -12"><span class='ocrx_word' id='word_1_645' title='bbox 334 2776 446 2811; x_wconf 89' lang='lat' dir='ltr'>homo</span> <span class='ocrx_word' id='word_1_646' title='bbox 475 2775 609 2814; x_wconf 81' lang='lat' dir='ltr'>dicitur</span> <span class='ocrx_word' id='word_1_647' title='bbox 629 2786 791 2823; x_wconf 82' lang='lat' dir='ltr'>peccare</span> <span class='ocrx_word' id='word_1_648' title='bbox 819 2775 855 2811; x_wconf 86' lang='lat' dir='ltr'>in</span> <span class='ocrx_word' id='word_1_649' title='bbox 883 2786 934 2819; x_wconf 84' lang='lat' dir='ltr'>se,</span> <span class='ocrx_word' id='word_1_650' title='bbox 955 2775 990 2811; x_wconf 89' lang='lat' dir='ltr'>in</span> <span class='ocrx_word' id='word_1_651' title='bbox 1021 2775 1157 2820; x_wconf 83' lang='lat' dir='ltr'>Deum,</span> <span class='ocrx_word' id='word_1_652' title='bbox 1183 2779 1219 2810; x_wconf 91' lang='lat' dir='ltr'>et</span> <span class='ocrx_word' id='word_1_653' title='bbox 1243 2774 1280 2810; x_wconf 89' lang='lat' dir='ltr'>in</span> <span class='ocrx_word' id='word_1_654' title='bbox 1302 2785 1393 2821; x_wconf 81' lang='lat' dir='ltr'>pro·</span> <span class='ocrx_word' id='word_1_655' title='bbox 1448 2775 1593 2819; x_wconf 89' lang='lat' dir='ltr'>Deum,</span> <span class='ocrx_word' id='word_1_656' title='bbox 1625 2781 1660 2810; x_wconf 91' lang='lat' dir='ltr'>et</span> <span class='ocrx_word' id='word_1_657' title='bbox 1697 2774 1745 2810; x_wconf 87' lang='lat' dir='ltr'>ad</span> <span class='ocrx_word' id='word_1_658' title='bbox 1776 2773 2010 2823; x_wconf 89' lang='lat' dir='ltr'>proximum,</span> <span class='ocrx_word' id='word_1_659' title='bbox 2042 2781 2077 2810; x_wconf 92' lang='lat' dir='ltr'>et</span> <span class='ocrx_word' id='word_1_660' title='bbox 2104 2773 2154 2810; x_wconf 89' lang='lat' dir='ltr'>ad</span> <span class='ocrx_word' id='word_1_661' title='bbox 2182 2773 2361 2822; x_wconf 89' lang='lat' dir='ltr'>seipsum.</span> <span class='ocrx_word' id='word_1_662' title='bbox 2395 2773 2507 2811; x_wconf 90' lang='lat' dir='ltr'>Unde</span> 
     </span>
     <span class='ocr_line' id='line_1_54' title="bbox 333 2826 2507 2875; baseline -0 -11"><span class='ocrx_word' id='word_1_663' title='bbox 333 2828 492 2864; x_wconf 88' lang='lat' dir='ltr'>ximum.</span> <span class='ocrx_word' id='word_1_664' title='bbox 1447 2827 1542 2864; x_wconf 91' lang='lat' dir='ltr'>haec</span> <span class='ocrx_word' id='word_1_665' title='bbox 1562 2826 1747 2863; x_wconf 90' lang='lat' dir='ltr'>distinctio</span> <span class='ocrx_word' id='word_1_666' title='bbox 1771 2834 2018 2875; x_wconf 92' lang='lat' dir='ltr'>peccatorum</span> <span class='ocrx_word' id='word_1_667' title='bbox 2039 2833 2093 2862; x_wconf 89' lang='lat' dir='ltr'>est</span> <span class='ocrx_word' id='word_1_668' title='bbox 2113 2826 2326 2863; x_wconf 89' lang='lat' dir='ltr'>secundum</span> <span class='ocrx_word' id='word_1_669' title='bbox 2347 2826 2507 2874; x_wconf 88' lang='lat' dir='ltr'>obiecta,</span> 
     </span>
    </p>
   </div>
   <div class='ocr_carea' id='block_1_16' title="bbox 334 2878 2507 3147">
    <p class='ocr_par' dir='ltr' id='par_1_17' title="bbox 334 2878 2507 3147">
     <span class='ocr_line' id='line_1_55' title="bbox 388 2878 2506 2929; baseline -0.001 -11"><span class='ocrx_word' id='word_1_670' title='bbox 388 2882 613 2918; x_wconf 83' lang='lat' dir='ltr'>RESPONDEO</span> <span class='ocrx_word' id='word_1_671' title='bbox 633 2892 816 2917; x_wconf 84' lang='lat' dir='ltr'>D1CENDUM</span> <span class='ocrx_word' id='word_1_672' title='bbox 836 2881 951 2929; x_wconf 37' lang='lat' dir='ltr'>quod,⁷</span> <span class='ocrx_word' id='word_1_673' title='bbox 973 2880 1068 2916; x_wconf 91' lang='lat' dir='ltr'>sicut</span> <span class='ocrx_word' id='word_1_674' title='bbox 1087 2892 1200 2928; x_wconf 89' lang='lat' dir='ltr'>supra</span> <span class='ocrx_word' id='word_1_675' title='bbox 1214 2879 1234 2901; x_wconf 78' lang='lat'>’¹‘</span> <span class='ocrx_word' id='word_1_676' title='bbox 1253 2879 1394 2917; x_wconf 89' lang='lat' dir='ltr'>dictum</span> <span class='ocrx_word' id='word_1_677' title='bbox 1448 2879 1659 2917; x_wconf 90' lang='lat' dir='ltr'>secundum</span> <span class='ocrx_word' id='word_1_678' title='bbox 1698 2891 1795 2927; x_wconf 90' lang='lat' dir='ltr'>quae</span> <span class='ocrx_word' id='word_1_679' title='bbox 1831 2878 2133 2916; x_wconf 88' lang='lat' dir='ltr'>diversificantur</span> <span class='ocrx_word' id='word_1_680' title='bbox 2161 2879 2306 2928; x_wconf 90' lang='lat' dir='ltr'>species</span> <span class='ocrx_word' id='word_1_681' title='bbox 2332 2886 2506 2928; x_wconf 88' lang='lat' dir='ltr'>peccato-</span> 
     </span>
     <span class='ocr_line' id='line_1_56' title="bbox 335 2931 2506 2982; baseline -0.001 -12"><span class='ocrx_word' id='word_1_682' title='bbox 335 2941 402 2981; x_wconf 82' lang='lat' dir='ltr'>est‚</span> <span class='ocrx_word' id='word_1_683' title='bbox 432 2941 632 2982; x_wconf 90' lang='lat' dir='ltr'>peccatum</span> <span class='ocrx_word' id='word_1_684' title='bbox 661 2941 716 2970; x_wconf 91' lang='lat' dir='ltr'>est</span> <span class='ocrx_word' id='word_1_685' title='bbox 744 2941 848 2970; x_wconf 88' lang='lat' dir='ltr'>actus</span> <span class='ocrx_word' id='word_1_686' title='bbox 877 2933 1122 2970; x_wconf 90' lang='lat' dir='ltr'>inordinatus.</span> <span class='ocrx_word' id='word_1_687' title='bbox 1153 2932 1307 2981; x_wconf 84' lang='lat' dir='ltr'>Triplex</span> <span class='ocrx_word' id='word_1_688' title='bbox 1332 2944 1395 2969; x_wconf 87' lang='lat' dir='ltr'>au·</span> <span class='ocrx_word' id='word_1_689' title='bbox 1448 2945 1544 2969; x_wconf 86' lang='lat' dir='ltr'>rum.</span> <span class='ocrx_word' id='word_1_690' title='bbox 1585 2931 1696 2969; x_wconf 92' lang='lat' dir='ltr'>Unde</span> <span class='ocrx_word' id='word_1_691' title='bbox 1728 2932 1823 2968; x_wconf 87' lang='lat' dir='ltr'>haec</span> <span class='ocrx_word' id='word_1_692' title='bbox 1856 2931 2041 2971; x_wconf 87' lang='lat' dir='ltr'>distinctio</span> <span class='ocrx_word' id='word_1_693' title='bbox 2074 2939 2318 2980; x_wconf 91' lang='lat' dir='ltr'>peccatorum</span> <span class='ocrx_word' id='word_1_694' title='bbox 2352 2931 2506 2980; x_wconf 89' lang='lat' dir='ltr'>proprie</span> 
     </span>
     <span class='ocr_line' id='line_1_57' title="bbox 334 2984 2507 3034; baseline -0.001 -11"><span class='ocrx_word' id='word_1_695' title='bbox 334 2994 411 3023; x_wconf 93' lang='lat' dir='ltr'>tem</span> <span class='ocrx_word' id='word_1_696' title='bbox 441 2988 536 3024; x_wconf 91' lang='lat' dir='ltr'>ordo</span> <span class='ocrx_word' id='word_1_697' title='bbox 566 2987 603 3023; x_wconf 93' lang='lat' dir='ltr'>in</span> <span class='ocrx_word' id='word_1_698' title='bbox 632 2986 787 3023; x_wconf 90' lang='lat' dir='ltr'>homine</span> <span class='ocrx_word' id='word_1_699' title='bbox 822 2986 934 3023; x_wconf 90' lang='lat' dir='ltr'>debet</span> <span class='ocrx_word' id='word_1_700' title='bbox 968 2998 1060 3023; x_wconf 90' lang='lat' dir='ltr'>esse.</span> <span class='ocrx_word' id='word_1_701' title='bbox 1097 2986 1205 3023; x_wconf 92' lang='lat' dir='ltr'>Unus</span> <span class='ocrx_word' id='word_1_702' title='bbox 1238 2985 1394 3034; x_wconf 89' lang='lat' dir='ltr'>quidem</span> <span class='ocrx_word' id='word_1_703' title='bbox 1450 2993 1504 3023; x_wconf 92' lang='lat' dir='ltr'>est</span> <span class='ocrx_word' id='word_1_704' title='bbox 1528 2985 1738 3022; x_wconf 90' lang='lat' dir='ltr'>secundum</span> <span class='ocrx_word' id='word_1_705' title='bbox 1761 2985 1930 3022; x_wconf 89' lang='lat' dir='ltr'>diversas</span> <span class='ocrx_word' id='word_1_706' title='bbox 1947 2991 2193 3034; x_wconf 91' lang='lat' dir='ltr'>peccatorum</span> <span class='ocrx_word' id='word_1_707' title='bbox 2217 2984 2372 3033; x_wconf 91' lang='lat' dir='ltr'>species.</span> <span class='ocrx_word' id='word_1_708' title='bbox 2403 2985 2507 3021; x_wconf 89' lang='lat' dir='ltr'>Nam</span> 
     </span>
     <span class='ocr_line' id='line_1_58' title="bbox 336 3037 2506 3088; baseline -0.001 -12"><span class='ocrx_word' id='word_1_709' title='bbox 336 3041 547 3077; x_wconf 90' lang='lat' dir='ltr'>secundum</span> <span class='ocrx_word' id='word_1_710' title='bbox 582 3039 907 3088; x_wconf 89' lang='lat' dir='ltr'>comparationem</span> <span class='ocrx_word' id='word_1_711' title='bbox 940 3039 988 3076; x_wconf 90' lang='lat' dir='ltr'>ad</span> <span class='ocrx_word' id='word_1_712' title='bbox 1023 3040 1192 3087; x_wconf 85' lang='lat' dir='ltr'>regulam</span> <span class='ocrx_word' id='word_1_713' title='bbox 1221 3038 1392 3075; x_wconf 90' lang='lat' dir='ltr'>rationis:</span> <span class='ocrx_word' id='word_1_714' title='bbox 1449 3046 1485 3075; x_wconf 90' lang='lat' dir='ltr'>et</span> <span class='ocrx_word' id='word_1_715' title='bbox 1503 3038 1671 3086; x_wconf 70' lang='lat' dir='ltr'>virtutes,</span> <span class='ocrx_word' id='word_1_716' title='bbox 1693 3037 1830 3086; x_wconf 91' lang='lat' dir='ltr'>quibus</span> <span class='ocrx_word' id='word_1_717' title='bbox 1848 3045 2005 3086; x_wconf 90' lang='lat' dir='ltr'>peccata</span> <span class='ocrx_word' id='word_1_718' title='bbox 2020 3044 2276 3086; x_wconf 88' lang='lat' dir='ltr'>opponuntur,</span> <span class='ocrx_word' id='word_1_719' title='bbox 2294 3037 2506 3074; x_wconf 88' lang='lat' dir='ltr'>secundum</span> 
     </span>
     <span class='ocr_line' id='line_1_59' title="bbox 335 3089 2505 3147; baseline -0.001 -19"><span class='ocrx_word' id='word_1_720' title='bbox 335 3101 447 3140; x_wconf 91' lang='lat' dir='ltr'>prout</span> <span class='ocrx_word' id='word_1_721' title='bbox 466 3093 602 3130; x_wconf 91' lang='lat' dir='ltr'>scilicet</span> <span class='ocrx_word' id='word_1_722' title='bbox 622 3105 757 3130; x_wconf 92' lang='lat' dir='ltr'>omnes</span> <span class='ocrx_word' id='word_1_723' title='bbox 783 3092 950 3129; x_wconf 84' lang='lat' dir='ltr'>actiones</span> <span class='ocrx_word' id='word_1_724' title='bbox 971 3100 1007 3129; x_wconf 91' lang='lat' dir='ltr'>et</span> <span class='ocrx_word' id='word_1_725' title='bbox 1027 3091 1223 3141; x_wconf 89' lang='lat' dir='ltr'>passiones</span> <span class='ocrx_word' id='word_1_726' title='bbox 1244 3098 1394 3147; x_wconf 72' lang='lat' dir='ltr'>nostrae</span> <span class='ocrx_word' id='word_1_727' title='bbox 1448 3092 1547 3128; x_wconf 90' lang='lat' dir='ltr'>hanc</span> <span class='ocrx_word' id='word_1_728' title='bbox 1575 3090 1825 3128; x_wconf 87' lang='lat' dir='ltr'>differentiam</span> <span class='ocrx_word' id='word_1_729' title='bbox 1854 3090 1979 3139; x_wconf 89' lang='lat' dir='ltr'>specie</span> <span class='ocrx_word' id='word_1_730' title='bbox 2012 3089 2309 3138; x_wconf 88' lang='lat' dir='ltr'>distinguuntur:</span> <span class='ocrx_word' id='word_1_731' title='bbox 2347 3089 2505 3128; x_wconf 80' lang='lat' dir='ltr'>manife-</span> 
     </span>
    </p>
   </div>
   <div class='ocr_carea' id='block_1_17' title="bbox 337 3135 2804 3224">
    <p class='ocr_par' dir='ltr' id='par_1_18' title="bbox 337 3135 2804 3224">
     <span class='ocr_line' id='line_1_60' title="bbox 337 3135 2804 3224; baseline -0 -43"><span class='ocrx_word' id='word_1_732' title='bbox 337 3145 475 3182; x_wconf 91' lang='lat' dir='ltr'>debent</span> <span class='ocrx_word' id='word_1_733' title='bbox 490 3146 700 3184; x_wconf 89' lang='lat' dir='ltr'>secundum</span> <span class='ocrx_word' id='word_1_734' title='bbox 712 3146 879 3194; x_wconf 88' lang='lat' dir='ltr'>regulam</span> <span class='ocrx_word' id='word_1_735' title='bbox 893 3145 1044 3182; x_wconf 88' lang='lat' dir='ltr'>rationis</span> <span class='ocrx_word' id='word_1_736' title='bbox 1055 3144 1392 3182; x_wconf 48' lang='lat' dir='ltr'>commensurari&amp;</span> <span class='ocrx_word' id='word_1_737' title='bbox 1449 3152 1549 3181; x_wconf 92' lang='lat' dir='ltr'>stum</span> <span class='ocrx_word' id='word_1_738' title='bbox 1579 3151 1633 3181; x_wconf 92' lang='lat' dir='ltr'>est</span> <span class='ocrx_word' id='word_1_739' title='bbox 1661 3143 1762 3180; x_wconf 92' lang='lat' dir='ltr'>enim</span> <span class='ocrx_word' id='word_1_740' title='bbox 1791 3156 1836 3181; x_wconf 85' lang='lat' dir='ltr'>ex</span> <span class='ocrx_word' id='word_1_741' title='bbox 1866 3143 1971 3180; x_wconf 91' lang='lat' dir='ltr'>dictis</span> <span class='ocrx_word' id='word_1_742' title='bbox 1997 3144 2016 3164; x_wconf 80' lang='lat'>*</span> <span class='ocrx_word' id='word_1_743' title='bbox 2045 3143 2151 3192; x_wconf 90' lang='lat' dir='ltr'>quod</span> <span class='ocrx_word' id='word_1_744' title='bbox 2179 3143 2379 3180; x_wconf 90' lang='lat' dir='ltr'>virtutibus</span> <span class='ocrx_word' id='word_1_745' title='bbox 2401 3143 2508 3179; x_wconf 87' lang='lat' dir='ltr'>theo·</span> <span class='ocrx_word' id='word_1_746' title='bbox 2533 3150 2748 3224; x_wconf 38' lang='lat' dir='ltr'>&amp;gaggis-⁸322</span> <span class='ocrx_word' id='word_1_747' title='bbox 2799 3135 2804 3138; x_wconf 52' lang='grc'><strong>’</strong></span> 
     </span>
    </p>
   </div>
   <div class='ocr_carea' id='block_1_18' title="bbox 335 3193 2506 3406">
    <p class='ocr_par' dir='ltr' id='par_1_19' title="bbox 335 3193 2506 3353">
     <span class='ocr_line' id='line_1_61' title="bbox 335 3193 2506 3247; baseline -0.001 -14"><span class='ocrx_word' id='word_1_748' title='bbox 335 3197 441 3234; x_wconf 90' lang='lat' dir='ltr'>Alius</span> <span class='ocrx_word' id='word_1_749' title='bbox 470 3206 595 3235; x_wconf 90' lang='lat' dir='ltr'>autem</span> <span class='ocrx_word' id='word_1_750' title='bbox 626 3199 720 3236; x_wconf 91' lang='lat' dir='ltr'>ordo</span> <span class='ocrx_word' id='word_1_751' title='bbox 751 3206 806 3235; x_wconf 92' lang='lat' dir='ltr'>est</span> <span class='ocrx_word' id='word_1_752' title='bbox 832 3211 901 3247; x_wconf 90' lang='lat' dir='ltr'>per</span> <span class='ocrx_word' id='word_1_753' title='bbox 924 3197 1250 3247; x_wconf 89' lang='lat' dir='ltr'>comparationem</span> <span class='ocrx_word' id='word_1_754' title='bbox 1271 3197 1319 3234; x_wconf 91' lang='lat' dir='ltr'>ad</span> <span class='ocrx_word' id='word_1_755' title='bbox 1339 3209 1395 3233; x_wconf 92' lang='lat' dir='ltr'>re·</span> <span class='ocrx_word' id='word_1_756' title='bbox 1448 3197 1576 3245; x_wconf 88' lang='lat' dir='ltr'>logicis</span> <span class='ocrx_word' id='word_1_757' title='bbox 1613 3198 1730 3233; x_wconf 91' lang='lat' dir='ltr'>homo</span> <span class='ocrx_word' id='word_1_758' title='bbox 1766 3196 1960 3233; x_wconf 88' lang='lat' dir='ltr'>ordinatur</span> <span class='ocrx_word' id='word_1_759' title='bbox 1993 3196 2042 3233; x_wconf 92' lang='lat' dir='ltr'>ad</span> <span class='ocrx_word' id='word_1_760' title='bbox 2076 3197 2225 3243; x_wconf 87' lang='lat' dir='ltr'>Deum,</span> <span class='ocrx_word' id='word_1_761' title='bbox 2259 3193 2506 3245; x_wconf 87' lang='lat' dir='ltr'>temperantia</span> 
     </span>
     <span class='ocr_line' id='line_1_62' title="bbox 336 3247 2502 3300; baseline -0.001 -14"><span class='ocrx_word' id='word_1_762' title='bbox 336 3251 461 3297; x_wconf 88' lang='lat' dir='ltr'>gulam</span> <span class='ocrx_word' id='word_1_763' title='bbox 491 3250 640 3288; x_wconf 87' lang='lat' dir='ltr'>divinae</span> <span class='ocrx_word' id='word_1_764' title='bbox 670 3251 770 3299; x_wconf 86' lang='lat' dir='ltr'>legis,</span> <span class='ocrx_word' id='word_1_765' title='bbox 792 3263 860 3300; x_wconf 87' lang='lat' dir='ltr'>per</span> <span class='ocrx_word' id='word_1_766' title='bbox 879 3263 996 3299; x_wconf 87' lang='lat' dir='ltr'>quarn</span> <span class='ocrx_word' id='word_1_767' title='bbox 1017 3252 1135 3288; x_wconf 91' lang='lat' dir='ltr'>homo</span> <span class='ocrx_word' id='word_1_768' title='bbox 1156 3250 1194 3287; x_wconf 94' lang='lat' dir='ltr'>in</span> <span class='ocrx_word' id='word_1_769' title='bbox 1215 3250 1394 3287; x_wconf 90' lang='lat' dir='ltr'>omnibus</span> <span class='ocrx_word' id='word_1_770' title='bbox 1447 3263 1542 3287; x_wconf 91' lang='lat' dir='ltr'>vero</span> <span class='ocrx_word' id='word_1_771' title='bbox 1568 3258 1603 3286; x_wconf 88' lang='lat' dir='ltr'>et</span> <span class='ocrx_word' id='word_1_772' title='bbox 1630 3249 1844 3287; x_wconf 91' lang='lat' dir='ltr'>fortitudine</span> <span class='ocrx_word' id='word_1_773' title='bbox 1873 3250 1922 3287; x_wconf 90' lang='lat' dir='ltr'>ad</span> <span class='ocrx_word' id='word_1_774' title='bbox 1950 3249 2131 3298; x_wconf 85' lang='lat' dir='ltr'>seipsum,</span> <span class='ocrx_word' id='word_1_775' title='bbox 2151 3248 2288 3286; x_wconf 83' lang='lat' dir='ltr'>iustitia</span> <span class='ocrx_word' id='word_1_776' title='bbox 2307 3255 2435 3285; x_wconf 88' lang='lat' dir='ltr'>autem</span> <span class='ocrx_word' id='word_1_777' title='bbox 2455 3247 2502 3284; x_wconf 87' lang='lat' dir='ltr'>ad</span> 
     </span>
     <span class='ocr_line' id='line_1_63' title="bbox 337 3302 1676 3353; baseline 0.001 -15"><span class='ocrx_word' id='word_1_778' title='bbox 337 3302 443 3350; x_wconf 89' lang='lat' dir='ltr'>dirigi</span> <span class='ocrx_word' id='word_1_779' title='bbox 471 3303 594 3340; x_wconf 89' lang='lat' dir='ltr'>debet.</span> <span class='ocrx_word' id='word_1_780' title='bbox 625 3305 673 3340; x_wconf 89' lang='lat' dir='ltr'>Et</span> <span class='ocrx_word' id='word_1_781' title='bbox 696 3305 726 3341; x_wconf 92' lang='lat' dir='ltr'>si</span> <span class='ocrx_word' id='word_1_782' title='bbox 746 3304 902 3353; x_wconf 90' lang='lat' dir='ltr'>quidem</span> <span class='ocrx_word' id='word_1_783' title='bbox 922 3305 1042 3341; x_wconf 92' lang='lat' dir='ltr'>homo</span> <span class='ocrx_word' id='word_1_784' title='bbox 1062 3303 1278 3340; x_wconf 89' lang='lat' dir='ltr'>naturaliter</span> <span class='ocrx_word' id='word_1_785' title='bbox 1298 3310 1395 3340; x_wconf 92' lang='lat' dir='ltr'>esset</span> <span class='ocrx_word' id='word_1_786' title='bbox 1448 3303 1676 3352; x_wconf 89' lang='lat' dir='ltr'>proximum.</span> 
     </span>
    </p>

    <p class='ocr_par' dir='ltr' id='par_1_20' title="bbox 335 3352 2506 3406">
     <span class='ocr_line' id='line_1_64' title="bbox 335 3352 2506 3406; baseline -0.001 -15"><span class='ocrx_word' id='word_1_787' title='bbox 335 3355 475 3392; x_wconf 89' lang='lat' dir='ltr'>animal</span> <span class='ocrx_word' id='word_1_788' title='bbox 496 3355 715 3404; x_wconf 85' lang='lat' dir='ltr'>solitarium,</span> <span class='ocrx_word' id='word_1_789' title='bbox 735 3357 795 3394; x_wconf 92' lang='lat' dir='ltr'>hic</span> <span class='ocrx_word' id='word_1_790' title='bbox 815 3358 953 3406; x_wconf 88' lang='lat' dir='ltr'>duplex</span> <span class='ocrx_word' id='word_1_791' title='bbox 974 3357 1069 3395; x_wconf 92' lang='lat' dir='ltr'>ordo</span> <span class='ocrx_word' id='word_1_792' title='bbox 1089 3357 1298 3394; x_wconf 87' lang='lat' dir='ltr'>sufficeret:</span> <span class='ocrx_word' id='word_1_793' title='bbox 1328 3356 1395 3393; x_wconf 89' lang='lat' dir='ltr'>sed</span> <span class='ocrx_word' id='word_1_794' title='bbox 1502 3359 1559 3393; x_wconf 83' lang='lat' dir='ltr'>AD</span> <span class='ocrx_word' id='word_1_795' title='bbox 1598 3367 1734 3393; x_wconf 82' lang='lat' dir='ltr'>PR1MUM</span> <span class='ocrx_word' id='word_1_796' title='bbox 1771 3367 1868 3392; x_wconf 81' lang='lat' dir='ltr'>ERGO</span> <span class='ocrx_word' id='word_1_797' title='bbox 1907 3367 2089 3392; x_wconf 61' lang='lat' dir='ltr'>melerinum</span> <span class='ocrx_word' id='word_1_798' title='bbox 2131 3353 2237 3402; x_wconf 93' lang='lat' dir='ltr'>quod</span> <span class='ocrx_word' id='word_1_799' title='bbox 2271 3364 2430 3402; x_wconf 90' lang='lat' dir='ltr'>peccare</span> <span class='ocrx_word' id='word_1_800' title='bbox 2467 3352 2506 3389; x_wconf 92' lang='lat' dir='ltr'>in</span> 
     </span>
    </p>
   </div>
   <div class='ocr_carea' id='block_1_19' title="bbox 388 3465 2214 3538">
    <p class='ocr_par' dir='ltr' id='par_1_21' title="bbox 388 3465 2214 3538">
     <span class='ocr_line' id='line_1_65' title="bbox 389 3465 2214 3533; baseline -0.005 -35"><span class='ocrx_word' id='word_1_801' title='bbox 389 3468 415 3503; x_wconf 77' lang='grc' dir='ltr'>α)</span> <span class='ocrx_word' id='word_1_802' title='bbox 436 3469 524 3493; x_wconf 69' lang='lat' dir='ltr'>eliam·</span> <span class='ocrx_word' id='word_1_803' title='bbox 543 3483 562 3486; x_wconf 91' lang='lat'><em>-</em></span> <span class='ocrx_word' id='word_1_804' title='bbox 581 3469 642 3493; x_wconf 88' lang='lat' dir='ltr'>Om.</span> <span class='ocrx_word' id='word_1_805' title='bbox 662 3469 707 3493; x_wconf 62' lang='lat' dir='ltr'>Pst-</span> <span class='ocrx_word' id='word_1_806' title='bbox 1419 3470 1422 3533; x_wconf 51' lang='grc' dir='ltr'><strong><em>ι</em></strong></span> <span class='ocrx_word' id='word_1_807' title='bbox 1501 3470 1527 3504; x_wconf 87' lang='grc' dir='ltr'>γ)</span> <span class='ocrx_word' id='word_1_808' title='bbox 1547 3470 1765 3496; x_wconf 71' lang='lat' dir='ltr'>commensurari.</span> <span class='ocrx_word' id='word_1_809' title='bbox 1783 3483 1801 3489; x_wconf 92' lang='lat'><em>-</em></span> <span class='ocrx_word' id='word_1_810' title='bbox 1821 3468 1972 3494; x_wconf 79' lang='lat' dir='ltr'>mensurari</span> <span class='ocrx_word' id='word_1_811' title='bbox 1990 3465 2214 3491; x_wconf 80' lang='lat' dir='ltr'>ABCDEFGHIL.</span> 
     </span>
     <span class='ocr_line' id='line_1_66' title="bbox 388 3502 738 3538; baseline 0 -10"><span class='ocrx_word' id='word_1_812' title='bbox 388 3502 414 3538; x_wconf 82' lang='grc' dir='ltr'>β)</span> <span class='ocrx_word' id='word_1_813' title='bbox 434 3504 586 3528; x_wconf 81' lang='lat' dir='ltr'>secundum.</span> <span class='ocrx_word' id='word_1_814' title='bbox 604 3518 621 3523; x_wconf 97' lang='lat'>-</span> <span class='ocrx_word' id='word_1_815' title='bbox 641 3504 666 3528; x_wconf 80' lang='lat' dir='ltr'>in</span> <span class='ocrx_word' id='word_1_816' title='bbox 687 3504 738 3528; x_wconf 84' lang='lat' dir='ltr'>EF.</span> 
     </span>
    </p>
   </div>
   <div class='ocr_carea' id='block_1_20' title="bbox 2533 1565 2743 1615">
    <p class='ocr_par' dir='ltr' id='par_1_22' title="bbox 2533 1565 2743 1615">
     <span class='ocr_line' id='line_1_67' title="bbox 2533 1565 2743 1615; baseline -0.005 0"><span class='ocrx_word' id='word_1_817' title='bbox 2533 1565 2743 1615; x_wconf 63' lang='lat' dir='ltr'>1‘³s⁸.⁹1·-l:.¹²·1}02·f¹‘}:</span> 
     </span>
    </p>
   </div>
   <div class='ocr_carea' id='block_1_21' title="bbox 2530 1726 2743 1776">
    <p class='ocr_par' dir='ltr' id='par_1_23' title="bbox 2530 1726 2743 1776">
     <span class='ocr_line' id='line_1_68' title="bbox 2531 1726 2743 1750; baseline -0.009 0"><span class='ocrx_word' id='word_1_818' title='bbox 2531 1727 2541 1738; x_wconf 74' lang='grc'><em>·</em></span> <span class='ocrx_word' id='word_1_819' title='bbox 2557 1727 2594 1750; x_wconf 79' lang='lat' dir='ltr'>Cf.</span> <span class='ocrx_word' id='word_1_820' title='bbox 2608 1726 2743 1750; x_wconf 73' lang='lat' dir='ltr'>Commeat.</span> 
     </span>
     <span class='ocr_line' id='line_1_69' title="bbox 2530 1753 2605 1776; baseline 0 0"><span class='ocrx_word' id='word_1_821' title='bbox 2530 1753 2605 1776; x_wconf 74' lang='lat' dir='ltr'>Caiet-</span> 
     </span>
    </p>
   </div>
   <div class='ocr_carea' id='block_1_22' title="bbox 2820 2067 2840 2271">
    <p class='ocr_par' dir='ltr' id='par_1_24' title="bbox 2820 2067 2840 2271">
     <span class='ocr_line' id='line_1_70' title="bbox 2820 2067 2840 2271; textangle 90"><span class='ocrx_word' id='word_1_822' title='bbox 2820 2148 2840 2271; x_wconf 36' lang='grc' dir='ltr'>-..ξι-...μ</span> <span class='ocrx_word' id='word_1_823' title='bbox 2838 2126 2840 2138; x_wconf 24' lang='grc' dir='ltr'>Α.</span> <span class='ocrx_word' id='word_1_824' title='bbox 2838 2067 2840 2071; x_wconf 94' lang='grc'>.</span> 
     </span>
    </p>
   </div>
  </div>
 </body>
</html>
