2840 4010
112 1989 324 2063 {ffifpissd'CP‘ih

361 175 430 210 152

413 252 465 283 ΙΙΙ.
486 252 521 282 In
538 252 651 282 eodem
667 250 799 283 articulo
816 252 941 281 adverte
957 248 1055 289 quod,
1069 247 1144 288 quia
1157 246 1316 287 legislator
1333 246 1418 286 apud

355 299 531 328 Auctorem
557 302 602 326 est
623 296 673 326 vel
702 295 874 325 multitudo
898 300 981 328 tota,
1004 289 1053 327 vell
1080 290 1292 321 multitudinis
1321 289 1418 321 totius

358 351 466 372 curam
487 340 624 376 habens;
650 346 680 370 et
703 344 826 370 constat
847 337 935 378 quod
951 335 1039 366 nulla
1063 341 1109 365 est
1131 334 1182 364 hic
1204 334 1334 365 variatio
1359 340 1418 365 ter-

356 385 536 421 minorum;
561 390 591 415 et
614 383 702 424 quod
725 383 812 421 Papa
828 388 873 411 est
888 379 1047 420 legislator
1069 378 1102 409 in
1125 377 1329 409 multitudine
1352 385 1418 410 tota

357 429 470 469 populi
495 426 681 458 Christiani:
706 431 833 465 oportet
855 424 955 454 dicere
979 423 1069 464 quod
1097 429 1143 453 est
1165 422 1284 453 habens
1309 432 1418 453 curam

356 473 453 503 totius
477 470 688 502 multitudinis
712 468 825 509 populi
849 466 1028 502 Christiani,
1047 476 1085 497 eo
1109 467 1208 497 modo
1233 466 1417 507 accipiendo

357 523 458 547 totam
480 514 735 549 multitudinem,
763 523 829 553 quo
853 518 962 552 posset
992 511 1128 542 condere
1155 511 1272 551 legem,
1297 511 1322 541 si
1350 521 1416 542 non

356 560 481 591 subdita
505 565 594 589 esset.
620 557 753 588 Constat
769 563 877 587 autem
892 556 980 596 quod
1005 555 1139 586 condere
1161 555 1265 595 legem
1283 555 1417 595 pertinet

355 604 394 634 ad
417 602 655 633 multitudinem
671 607 772 632 totam
795 610 861 631 non
878 600 1055 630 secundum
1074 599 1213 639 singulas
1232 606 1344 640 partes,
1362 600 1416 630 sed

356 647 526 683 collective,
542 646 622 676 idest
637 645 676 675 ad
701 644 964 675 communitatem
983 643 1205 675 multitudinis.
1233 644 1319 684 Papa
1341 653 1415 683 ergo

356 698 402 722 est
416 691 533 721 habens
550 699 658 720 curam
675 698 740 719 non
758 689 865 720 solum
882 688 1091 729 singulorum,
1107 688 1162 719 sed
1178 686 1415 719 communitatis

1049 169 1316 216 QUAEsrlo
1345 169 1431 215 xe,

1460 169 1756 207 ARTICULUS
1786 170 1838 207 lv

1471 247 1569 279 totius
1593 248 1806 279 multitudinis
1832 247 2096 281 Christianorum.
2114 268 2132 273 -
2148 251 2189 282 Et
2212 251 2288 283 haec
2308 253 2438 283 dixerim
2457 262 2530 293 pro-

1471 297 1540 332 pter
1555 292 1671 323 sciolos
1695 292 1863 333 quosdam,
1881 292 1937 333 qui
1952 293 2072 333 Papam
2088 301 2248 334 pastorem
2263 297 2459 336 singularum
2482 307 2530 327 ec-

1470 336 1645 373 clesiarum,
1673 346 1738 366 non
1764 336 2001 367 communitatis
2027 337 2126 368 totius
2151 338 2308 375 Ecclesiae
2324 340 2529 378 Christianae,

1471 390 1537 410 esse
1560 381 1765 412 contendunt.
1790 381 1903 412 Errant
1926 380 2046 421 quippe
2068 381 2211 422 graviter.
2368 412 2369 415 ,

1526 423 1567 456 Et
1589 425 1662 456 hinc
1685 425 1780 455 habes
1804 425 1893 466 quod
1913 431 1979 456 tota
2002 425 2185 462 multitudo,
2208 432 2243 456 ut
2257 423 2443 467 legislatoris
2458 424 2530 460 'offi-

1471 468 1557 499 cium
1581 469 1690 506 habet,
1716 475 1762 500 est
1785 470 1843 499 sub
1873 479 1947 500 cura
1969 468 2054 499 illius
2083 467 2140 510 qui
2167 468 2325 509 legislator
2348 477 2404 503 est.
2433 472 2530 510 Quod

1470 512 1564 543 etiam
1581 523 1616 543 ex
1634 513 1753 544 ratione
1770 513 1976 544 convincitur.
2002 512 2085 550 Quia
2101 512 2172 543 finis
2188 514 2336 553 proprius
2353 514 2529 547 communi-

1470 557 1556 593 tatis,
1580 557 1697 588 scilicet
1720 567 1892 588 commune
1911 558 2052 594 bonurn,
2077 564 2123 588 est
2146 557 2294 597 proprius
2317 557 2388 588 finis
2410 558 2531 599 legisla-

1470 600 1561 631 toris:
1587 601 1733 642 quamvis
1757 601 1977 638 diversimode,
2002 601 2076 642 quia
2101 601 2338 633 communitatis
2354 608 2389 632 ut
2405 602 2531 633 ordina-

1471 650 1530 680 tae,
1555 650 1585 675 et
1608 645 1792 684 legislatoris
1815 653 1851 676 ut
1875 645 2058 676 ordinantis.

1134 848 1450 890 ARTICULUS
1482 849 1753 901 QUARTUS

929 952 1083 982 UTRUM
1107 950 1425 982 PROMULGATIO
1449 951 1516 982 SIT
1540 952 1597 982 DE
1622 950 1815 982 RATIONE
1840 951 1963 982 LEGIS

1028 1038 1068 1063 De
1091 1038 1182 1067 Verit„
1201 1045 1246 1070 qu.
1265 1045 1324 1068 xvn,
1344 1044 1390 1063 art.
1411 1038 1441 1070 3;
1463 1039 1585 1069 Quodlib.
1605 1039 1627 1071 1,
1648 1046 1691 1071 qu.
1710 1046 1743 1068 tx.
1764 1043 1811 1063 art.
1832 1045 1856 1063 2.

419 1144 445 1159 »ν
483 1147 542 1189 ης(
562 1141 584 1166 D
606 1139 777 1171 QUARTUM
796 1139 850 1164 sm
869 1138 1110 1164 raccant-rua.
1130 1127 1290 1164 Videtur
1309 1128 1415 1175 quod

388 1141 408 1158 '-

380 1158 545 1240 QZ}
563 1180 817 1230 promulgatio
855 1192 934 1217 non
967 1180 1013 1217 sit
1047 1180 1094 1217 de
1128 1180 1272 1216 ratione
1310 1180 1413 1228 legis.

370 1231 407 1287 ’δ’
431 1221 644 1276 *affl-ex
672 1233 773 1270 enim
805 1233 983 1270 naturalis
1021 1232 1188 1270 maxime
1216 1233 1331 1269 habet
1358 1245 1416 1270 ra-

410 1260 453 1311 ἐι

453 1285 470 1297 η

460 1277 507 1319 ²³¹⁹)
523 1276 709 1324 tionem
737 1286 839 1334 legis.
871 1286 949 1323 Sed
977 1286 1037 1323 lex
1066 1285 1244 1323 naturalis
1263 1298 1342 1323 non
1360 1286 1416 1323 in-

352 1341 452 1389 diget
482 1340 801 1390 promulgatione.
840 1340 941 1388 Ergo
980 1351 1059 1376 non
1098 1346 1153 1376 est
1189 1340 1236 1376 de
1270 1339 1414 1377 ratione

351 1394 442 1443 legis
470 1394 575 1443 quod
603 1393 898 1442 promulgetun

406 1460 441 1485 2.
462 1449 696 1494 Parim-eam,
726 1446 775 1483 ad
801 1446 924 1494 legem
952 1446 1113 1495 pertinet
1139 1444 1292 1494 proprie
1321 1444 1416 1482 obli-

351 1514 440 1550 gare
473 1500 522 1538 ad
560 1499 702 1549 aliquid
739 1499 957 1536 faciendum
985 1500 1047 1536 vel
1075 1510 1154 1535 non
1182 1497 1413 1535 faciendum.

353 1555 430 1592 Sed
459 1565 538 1591 non
566 1554 692 1590 solum
721 1552 935 1601 obligantur
960 1552 1008 1589 ad
1028 1552 1263 1601 implendam
1291 1552 1414 1599 legem

351 1607 401 1646 illi
443 1619 573 1644 coram
609 1606 748 1654 quibus
783 1606 1046 1654 promulgatur
1082 1606 1160 1652 lex,
1199 1605 1267 1642 sed
1301 1604 1414 1642 etiam

353 1661 424 1698 alii.
455 1661 557 1707 Ergo
586 1657 839 1708 promulgatio
869 1670 948 1696 non
977 1667 1032 1696 est
1060 1658 1107 1695 de
1136 1658 1281 1694 ratione
1310 1658 1412 1706 legis.

408 1715 442 1751 3.
471 1714 704 1759 PRAETEREA‚
735 1711 914 1760 obligatio
942 1711 1034 1759 legis
1062 1711 1273 1748 extenditur
1303 1711 1415 1748 etiam

351 1768 391 1805 in
410 1767 600 1804 futurum:
631 1765 732 1814 quia·
747 1765 849 1815 leges
863 1764 1012 1813 suturis
1040 1765 1198 1815 negotiis
1221 1765 1416 1801 necessita-

113 1830 193 1879 2523.
205 1830 325 1879 1113er
352 1827 424 1858 tem
445 1821 650 1868 imponunt,
679 1826 721 1855 ut
744 1819 826 1855 iura
854 1818 983 1855 dicunt
1002 1817 1033 1855 *.
1065 1818 1140 1854 Sed
1159 1817 1415 1866 promulgatio

112 1884 170 1911 stit„
194 1889 230 1911 eg.
243 1889 283 1906 vn.

352 1875 395 1911 fit
423 1874 470 1911 ad
498 1879 729 1921 praesentes.
760 1873 862 1920 Ergo
891 1871 1146 1920 promulgatio
1175 1879 1338 1922 nonest
1366 1871 1413 1908 de

352 1926 574 1966 necessitate
602 1925 704 1973 legis.
1051 1934 1056 1943 ’

407 1980 482 2017 SED
498 1990 642 2016 CONTRA
658 1990 723 2015 EST
738 1979 844 2026 quod
859 1977 993 2016 dicitur
1013 1977 1052 2014 in
1069 1977 1248 2023 Decretis,
1260 1989 1286 2024 4
1297 1977 1414 2025 dist.*‚

355 2033 458 2082 quod
487 2033 586 2082 leges
616 2032 856 2069 instituuntur
884 2043 969 2068 cum
993 2029 1302 2080 promulgantur.

406 2087 631 2123 ResPONDEo
660 2097 844 2123 manDUM
873 2085 994 2134 quod,
1024 2084 1118 2121 sicut
1137 2084 1280 2121 dictum
1309 2090 1365 2120 est
1383 2082 1414 2131 ’ξ

352 2141 412 2178 lex
439 2139 648 2188 imponitur
675 2138 754 2175 aliis
782 2150 851 2187 per
879 2137 1040 2175 modurn
1066 2138 1217 2185 regulae
1246 2144 1282 2173 et
1309 2148 1416 2173 men-

353 2205 473 2230 surae.
504 2192 650 2240 Regula
678 2199 806 2228 autem
836 2199 872 2228 et
900 2202 1080 2228 mensura
1108 2190 1317 2239 imponitur
1347 2201 1415 2239 per

352 2247 427 2283 hoc
455 2246 560 2294 quod
588 2245 798 2294 applicatur
816 2245 874 2282 his
894 2257 992 2293 quae
1019 2244 1234 2292 regulantur
1254 2250 1290 2280 et
1309 2254 1415 2280 men·-

353 2306 538 2336 surantur.
577 2298 688 2346 Unde
717 2298 766 2335 ad
795 2299 869 2335 hoc
898 2298 1002 2347 quod
1030 2298 1089 2334 lex
1116 2297 1294 2335 virtutem
1322 2295 1415 2333 obli-

406 2439 433 2486 ᾇ)
448 2453 642 2486 promulgatio.
660 2466 679 2472 -
698 2453 756 2485 ipsa
775 2453 871 2477 addunt
889 2453 935 2477 Pa.

1469 1127 1580 1175 gandi
1611 1127 1790 1174 obtineat,
1819 1126 1926 1175 quod
1954 1133 2019 1179 est·
2036 1127 2235 1176 proprium
2258 1129 2360 1177 legis,
2381 1137 2532 1179 oportet

1469 1180 1575 1228 quod
1604 1180 1812 1229 applicetur
1842 1179 2064 1216 hominibus
2096 1180 2161 1228 qui
2194 1182 2406 1219 secundum
2444 1194 2529 1220 eam

1469 1233 1628 1281 regulari
1649 1234 1799 1270 debent.
1820 1233 1925 1270 Talis
1945 1240 2072 1269 autem
2093 1233 2294 1282 applicatio
2313 1235 2356 1272 fit
2374 1245 2443 1284 per
2455 1236 2533 1281 hoc

1469 1285 1574 1335 quod
1602 1286 1640 1323 in
1668 1286 1840 1324 notitiam
1871 1297 2005 1322 eorum
2033 1286 2234 1324 deducitur
2261 1298 2308 1324 ex
2335 1287 2419 1337 ipsa
2443 1300 2530 1345 pro-

1469 1339 1712 1388 mulgatione.
1733 1339 1845 1376 Unde
1863 1339 2118 1388 promulgatio
2140 1345 2157 1361 ²
2175 1339 2389 1377 necessaria
2408 1348 2464 1377 est
2480 1340 2533 1378 ad
2571 1343 2574 1346 ’
2608 1364 2613 1371 ·

1468 1393 1543 1429 hoe
1571 1392 1675 1441 quod
1703 1393 1761 1429 lex
1789 1392 1928 1429 habeat
1961 1403 2070 1429 suam
2098 1393 2288 1430 virtutem.

1521 1445 1570 1482 Et
1593 1444 1647 1482 'sic
1672 1457 1716 1482 ex
1743 1452 1907 1493 quatuor
1931 1445 2132 1494 praedictis
2159 1453 2285 1494 potest
2305 1445 2437 1494 colligi
2465 1445 2535 1483 de·-

1467 1498 1589 1535 finitio
1618 1498 1720 1546 legis,
1750 1511 1848 1547 quae
1872 1498 1964 1535 nihil
1989 1507 2044 1536 est
2067 1497 2168 1536 aliud
2193 1510 2310 1548 quam
2339 1499 2535 1548 quaedam·

1468 1551 1622 1588 rationis
1655 1551 1842 1588 ordinatio
1875 1551 1924 1588 ad
1959 1552 2104 1589 bonum
2138 1563 2367 1601 commune,
2402 1552 2451 1589 ab
2483 1564 2529 1588 eo

1469 1604 1533 1653 qui
1562 1615 1692 1641 curam
1722 1604 2005 1642 communitatis
2032 1605 2168 1652 habet,
2192 1606 2432 1654 promulgata
2450 1603 2477 1642 β.

1521 1659 1580 1694 An
1609 1669 1745 1694 ptumum
1780 1669 1878 1694 ERGO
1913 1668 2098 1695 mci-:unum
2134 1658 2240 1707 quod
2275 1657 2534 1707 promulgatio¹

1467 1709 1559 1758 legis
1595 1717 1750 1747 naturae
1784 1718 1845 1747 est
1879 1723 1923 1747 ex
1951 1711 2026 1747 hoc
2053 1710 2136 1760 ipso
2170 1711 2283 1760 quod*
2311 1711 2416 1749 Deus
2446 1720 2533 1748 eam*

1469 1763 1660 1800 mentibus
1697 1764 1899 1800 hominurn
1941 1763 2096 1800 inseruit
2138 1763 2356 1801 naturaliter
2391 1774 2535 1811 cognm‘

1468 1816 1661 1853 scendam.
2196 1824 2202 1837 ¹

1522 1871 1581 1906 An
1601 1881 1789 1906 SECUNDUM
1809 1880 1994 1907 memnon
2021 1870 2127 1918 quod
2155 1869 2206 1906 illi
2235 1880 2365 1907 coram
2386 1868 2537 1918 vquum*
2622 1887 2681 1903 ,
2711 1874 2713 1877 -

1468 1923 1527 1959 lex
1555 1935 1634 1959 non
1661 1923 1945 1971 promulgatur,
1961 1922 2187 1971 *obligantur
2223 1922 2273 1960 ad
2305 1923 2430 1970 legem
2449 1918 2535 1958 'sets

1468 1976 1658 2026 vandam,
1688 1975 1914 2024 inquantum
1942 1975 1981 2013 in
2010 1974 2145 2013 eorum
2175 1975 2348 2013 notitiam
2377 1974 2534 2012 devenit

1467 2041 1537 2078 per
1556 2029 1660 2075 alios,
1677 2029 1737 2065 vel
1754 2028 1934 2066 devenire
1948 2036 2083 2078 potest,
2099 2028 2405 2078 promulgatione
2421 2028 2533 2064 factm

1522 2079 1580 2119 An
1613 2093 1772 2119 TERTmM
1800 2091 1984 2119 DiCENDuM
2009 2082 2113 2131 quod
2140 2081 2395 2131 promulgatio
2423 2090 2532 2130 prae-

1469 2147 1556 2172 sens
1589 2135 1626 2172 in
1658 2135 1828 2172 futurum
1862 2135 2074 2172 extenditur
2100 2147 2171 2184 per
2197 2134 2417 2172 firmitatem
2446 2133 2535 2171 seris

1468 2196 1613 2238 ptume,
1643 2200 1742 2236 quae
1765 2188 2056 2237 quodammodo
2085 2199 2239 2237 semper
2258 2198 2344 2225 eam
2363 2186 2534 2236 promat-1

1468 2249 1541 2290 gat.
1571 2239 1686 2280 Unde
1716 2242 1883 2278 Isidorus
1912 2240 2016 2287 dicit,
2039 2242 2084 2278 >in
2114 2241 2342 2290 11·rfflymol.
2361 2240 2398 2288 ³¹²,
2427 2239 2534 2289 quud

1468 2295 1533 2332 lex
1559 2306 1583 2332 a
1612 2294 1769 2345 legendo
1797 2301 1930 2332 vocata
1959 2300 2022 2341 est,
2051 2295 2313 2343 quiasscripta·
2330 2289 2398 2331 est.
2446 2295 2455 2312 ³
2471 2306 2534 2328 woz-

2192 2365 2194 2370 ·
2286 2359 2291 2362 ”
2363 2360 2365 2362 “
2416 2359 2448 2381 Γπ
2470 2362 2533 2380 νς».

1408 2467 1411 2476 1
1442 2445 1448 2485 Ι
1526 2450 1552 2485 β)
1568 2452 1752 2485 promulgata.
1770 2465 1788 2470 -
1802 2451 2004 2485 promulgatam
2024 2450 2220 2483 ACDGHpBE.

1029 2530 1360 2564 Commentaria
1383 2530 1634 2564 Garamans
1658 2530 1856 2563 Caietam

382 2631 402 2652 N
415 2620 547 2652 articulo
561 2627 684 2661 quarto,
702 2620 733 2650 in
751 2619 957 2659 responsione
972 2620 1011 2649 ad
1026 2620 1212 2656 secundum,
1229 2625 1305 2658 nota
1317 2619 1414 2660 quod,

356 2634 424 2696 Iob
447 2665 501 2695 illa
523 2665 618 2695 verba
635 2665 684 2695 vel
704 2664 853 2695 devenire
870 2669 986 2704 potest,
1005 2674 1070 2694 non
1090 2663 1274 2704 intelligitur
1297 2663 1335 2694 'de'
1357 2671 1416 2703 po*

351 2709 449 2740 tentia
471 2709 593 2748 logica,
617 2709 692 2750 quia
716 2709 832 2739 scilicet
855 2718 921 2739 non
950 2708 1092 2748 implicat
1116 2707 1413 2739 contradictionem:

351 2754 406 2784 sed
430 2754 468 2783 de
487 2753 630 2793 potentia
653 2753 791 2793 politica,
807 2753 888 2783 idest
911 2753 1087 2783 secundum
1104 2752 1250 2783 ordinem
1265 2762 1321 2783 seu
1345 2761 1415 2782 cur-

352 2808 424 2828 sum
447 2797 627 2838 politicum.
654 2797 747 2828 Unde
766 2797 915 2828 devenire
932 2803 1039 2837 potest
1059 2797 1262 2837 coniungitur
1285 2805 1359 2827 cum
1381 2796 1414 2837 ly

345 2852 409 2883 per
431 2843 522 2873 alios.
547 2842 588 2872 Et
611 2841 745 2873 intendit
767 2844 890 2872 Auctor
911 2842 999 2882 quod
1023 2842 1166 2872 absentes
1191 2852 1208 2871 a
1231 2840 1413 2882 promulga-

352 2886 438 2917 tione
467 2886 648 2926 obligantur
677 2886 728 2917 vel
759 2886 834 2926 quia
858 2895 913 2926 per
944 2885 1023 2916 alios
1047 2885 1263 2927 promulgatio
1295 2885 1335 2915 ad
1358 2894 1412 2915 eos

353 2930 490 2967 devenit3
507 2930 557 2960 vel
576 2940 632 2971 per
651 2929 729 2961 alios
754 2930 898 2961 devenire
916 2929 1030 2970 potuit,
1055 2930 1110 2960 sed
1133 2940 1169 2960 ex
1193 2936 1280 2970 parte
1304 2929 1413 2960 absen-

1471 2619 1552 2649 tium
1576 2626 1783 2649 consecutum
1809 2625 1854 2648 est
1878 2624 1913 2649 ut
1932 2617 2095 2654 nescirent,
2111 2617 2161 2648 vel
2185 2617 2260 2658 quia
2284 2617 2464 2652 noluerunt,
2481 2616 2532 2646 vel

1470 2663 1545 2704 quia
1561 2663 1765 2703 neglexerunt
1780 2662 1880 2694 facere
1899 2662 1988 2703 quod
2002 2661 2036 2692 in
2052 2662 2095 2692 eis
2112 2668 2177 2692 erat
2192 2662 2232 2691 ad
2251 2661 2425 2692 sciendum.
2442 2659 2531 2690 Alio-

1470 2707 1548 2748 quin
1568 2708 1710 2738 absentes
1733 2707 1829 2738 nescii
1852 2707 2071 2747 promulgatae
2091 2706 2178 2746 legis,
2195 2715 2262 2736 non
2284 2705 2431 2745 ligantur.
2453 2703 2531 2734 Pro-

1469 2758 1538 2791 pter
1553 2753 1651 2792 quod,
1661 2752 1686 2782 si
1702 2752 1824 2782 Romae
1839 2761 1923 2782 nova
1938 2751 1988 2782 lex
1999 2750 2230 2791 promulgatur,
2244 2756 2275 2780 et
2289 2759 2348 2780 nec
2363 2747 2449 2780 curia
2463 2747 2532 2799 ipsa

1468 2803 1618 2836 procurat
1640 2803 1677 2827 ut
1699 2795 1914 2836 promulgatio
1938 2795 1978 2826 ad
1995 2795 2138 2826 ecclesias
2163 2793 2353 2825 cathedrales
2376 2793 2530 2828 deveniat,

1469 2849 1526 2870 nec
1549 2840 1678 2880 praelati
1703 2840 1758 2881 qui
1781 2840 1824 2871 ibi
1841 2846 1924 2876 sunt,
1940 2839 2103 2870 insinuant
2125 2839 2190 2869 suis
2215 2837 2367 2874 ecclesiis;
2392 2835 2530 2868 accusari

1468 2893 1525 2914 nec
1556 2884 1641 2924 apud
1669 2884 1775 2915 Deum
1803 2894 1861 2915 nec
1884 2884 1970 2924 apud
1994 2883 2140 2914 homines
2171 2882 2366 2923 ignorantiae
2395 2885 2532 2922 possunt

1468 2928 1611 2959 absentes
1635 2928 1741 2959 nescii.
1974 2933 1976 2935 '
2496 2937 2500 2940 ·

1181 3191 2024 3243 *ψῃ*-

2561 2243 2772 2272 mnam-caus.
2790 2232 2801 2253 s
2823 2218 2840 2238 ⁰⁴

2560 2270 2590 2299 V,
2604 2276 2655 2299 etp.
2671 2276 2708 2293 ru.
