2840 4010
317 195 392 232 190

937 183 1201 231 QUAESTlo
1231 156 1390 228 xcvii,
1418 181 1714 218 ARTICULUS
1744 182 1873 228 11,*111

1083 298 1399 341 ARTICULUS
1429 298 1728 341 SECUNDUS
1974 355 1977 358 y

485 396 639 427 UTRUM
663 395 747 425 LEX
771 393 958 424 HUMANA
982 391 1149 422 sEMPER
1172 390 1238 422 sn·
1262 391 1492 427 MUTANDA,
1517 391 1701 428 QUANDO
1726 389 1950 422 OCCURRlT
1974 390 2152 429 ALlQUID
2175 393 2334 424 Munus

1267 468 1287 493 11
1306 467 1394 498 Polit.,
1416 468 1474 494 lect.
1494 476 1537 493 x1i.

368 595 377 602 ,
401 570 408 583 ι
434 579 475 601 a:
507 572 511 573 ν
528 563 551 588 D
571 561 760 587 SECUNDUM
775 561 828 586 Slc
844 560 1083 586 PRocnmrun.
1099 548 1258 586 Videtur
1272 539 1376 597 quod

366 602 391 623 ’·”
702 603 805 638 “lex
818 603 1021 661 humana,
1052 601 1207 650 quando
1236 601 1378 661 aliquid

317 724 540 808 humanam,
561 761 657 798 sicut
685 760 799 797 etiam
823 759 918 797 aliae
938 767 1047 797 artes.
1070 760 1174 797 Sed'
1165 772 1203 796 in
1223 759 1302 796 aliis
1323 771 1379 795 ar-

317 814 416 851 tibus
440 821 607 850 mutatur
634 813 672 850 id
685 813 798 861 quod
825 813 929 862 prius
947 813 1158 859 tenebatur,
1180 811 1210 848 si
1238 811 1378 860 aliquid

317 867 452 903 melius
481 874 664 903 occurrat.
685 867 787 914 Ergo
817 866 920 903 idem
950 874 1005 903 est
1025 866 1136 902 etiam
1162 864 1378 902 faciendum

317 919 355 956 in
383 919 744 967 legibushumanis.

372 984 406 1008 2.
429 973 660 1020 PRAETEREA,
682 984 727 1009 ex
746 972 803 1009 his
832 984 929 1020 quae
944 970 1149 1020 ‘praeterita
1173 978 1270 1018 sunt,
1290 982 1379 1019 pro-

316 1025 448 1063 videre
476 1037 681 1074 possumus
719 1026 766 1062 de
795 1025 938 1062 futuris.
968 1024 1045 1061 Sed
1073 1023 1143 1060 nisi
1181 1024 1282 1071 leges
1310 1023 1380 1060 hu-

318 1090 456 1115 manae
485 1085 652 1115 mutatae
681 1077 836 1114 fuissent
864 1076 1218 1126 supervenientibus
1247 1075 1378 1112 melio-

318 1131 422 1167 ribus
451 1130 804 1177 adinventionibus,
832 1131 951 1166 multa
986 1128 1293 1167 inconvenientia
1321 1141 1379 1165 se-

318 1191 542 1232 querentur:
573 1195 619 1219 eo
649 1183 754 1230 quod
788 1184 890 1230 leges
928 1182 1102 1230 antiquae
1138 1181 1380 1218 inveniuntur

318 1237 456 1272 multas
485 1235 663 1272 ruditates
693 1235 884 1272 continere
909 1234 934 1272 β.
961 1235 1062 1282 Ergo
1092 1234 1244 1271 videtur
1273 1234 1379 1282 quod

317 1289 417 1336 leges
446 1288 518 1325 sint
545 1288 763 1347 mutandae,
784 1288 1098 1337 quotiescumque
1132 1287 1272 1336 aliquid
1300 1299 1379 1324 rne-

317 1341 387 1377 lius
417 1341 578 1378 occurrit
606 1342 861 1378 statuendum.

373 1395 407 1431 3.
428 1393 665 1442 PRAETEREA,
694 1394 795 1442 leges
824 1395 1016 1431 humanae
1046 1393 1146 1430 circa
1173 1393 1379 1441 singulares

318 1454 422 1484 actus
440 1447 643 1484 hominum
663 1455 887 1484 statuuntur.
909 1448 951 1484 In
980 1445 1230 1494 singularibus
1250 1453 1378 1484 autern

317 1500 523 1548 perfectam
563 1500 819 1560 cognitionem
863 1499 1019 1549 adipisci
1058 1511 1136 1536 non
1172 1511 1379 1548 possumus

317 1551 388 1589 nisi
416 1564 485 1601 per
519 1553 804 1601 experientiam,
829 1565 928 1601 quae
957 1558 1123 1600 tempore
1154 1552 1310 1602 indiget,
1338 1560 1380 1589 ut

104 1609 136 1631 0³
176 1616 193 1657 τε
210 1615 264 1657 ¹¹¹¹·
279 1621 289 1625 -
318 1605 452 1642 dicitur
479 1605 516 1641 in
537 1607 568 1641 II
588 1606 708 1643 Ethic.
729 1605 749 1627 '¹‘
772 1606 874 1665 Ergo
903 1605 1053 1643 videtur
1076 1605 1182 1654 quod
1209 1617 1278 1654 per
1297 1618 1379 1642 suc-

85 3121 94 3129 ·
111 3119 158 3146 Qu.
173 3124 239 3144 xcnr.
253 3123 294 3140 art.

83 3152 106 3175 3;
115 3151 153 3174 qu.
164 3151 216 3172 xcv,
225 3149 265 3167 art.
274 3151 293 3167 2.

319 1658 531 1695 cessionem
560 1658 743 1708 temporis
771 1658 891 1708 possit
911 1658 1054 1706 aliquid
1082 1658 1218 1695 melius
1247 1671 1378 1696 occur-

318 1723 398 1747 rere
428 1712 670 1749 statuendum
698 1717 725 1748 Υ.
801 1757 807 1764 ⁴

371 1764 446 1800 SED
458 1776 604 1801 CONTRA
613 1777 679 1801 EST
690 1765 795 1812 quod
809 1765 942 1802 dicitur
953 1764 990 1800 in
1001 1764 1181 1810 Decretis,
1195 1763 1276 1801 dist.
1284 1776 1333 1802 xu
1343 1764 1378 1801 *t

317 1815 532 1854 Ridiculum
565 1823 620 1854 est
650 1823 684 1854 et
719 1818 807 1855 satis
844 1817 1097 1854 abominabile
1134 1817 1313 1863 dedecus,
1342 1824 1382 1855 ut

318 1868 533 1907 traditiones
556 1882 649 1918 quas
673 1871 874 1919 antiquitus
898 1883 922 1907 a
943 1870 1114 1919 patribus
1138 1870 1380 1919 suscepimus,

319 1923 480 1972 infringi
498 1923 706 1971 patiamur.

372 1976 597 2012 RESPONDEO
626 1988 810 2013 DICENDUM
835 1975 952 2025 quod,
975 1975 1069 2013 sicut
1098 1975 1240 2025 dictum
1270 1983 1326 2013 est
1347 1976 1380 2024 ⁹⁸,

318 2029 376 2067 lex
405 2029 575 2066 humana
603 2029 790 2066 intantum
820 2036 919 2066 recte
948 2036 1126 2076 mutatur,
1154 2029 1380 2078 inquantum

318 2093 386 2129 per
415 2081 495 2118 eius
525 2082 775 2120 mutationem
806 2081 1004 2119 communi
1031 2081 1175 2119 utilitati
1203 2082 1381 2131 provide-

372 2193 399 2227 α)
419 2201 530 2226 semper.
548 2209 566 2213 -
585 2195 645 2220 Om.
665 2196 745 2226 EFK;
765 2203 812 2228 pro
831 2196 947 2229 quando,
968 2197 1187 2229 quandocumque
1206 2197 1257 2222 EF.

319 2228 405 2293 finxi),
415 2230 587 2290 igni-enitentur
604 2231 702 2256 multas
716 2231 849 2256 ruditates
866 2231 1010 2257 continere.
1029 2245 1046 2251 -
1066 2232 1162 2256 multas
1176 2232 1308 2257 ruditates
1321 2238 1383 2257 con-

995 2336 1328 2370 commentaria
1351 2336 1600 2372 Cardinalis
1623 2338 1824 2371 Caietam

322 2424 370 2486 ‚IN
394 2414 531 2445 articulis
554 2415 659 2454 primo
677 2422 707 2445 et
723 2416 863 2446 secundo
888 2426 954 2446 non
977 2417 1114 2448 occurrit
1136 2416 1224 2447 aliud
1245 2417 1382 2448 scriben—

351 2457 429 2488 dum
453 2469 551 2499 quam
571 2459 660 2499 quod
684 2460 804 2498 optime
827 2466 977 2491 notentur
1001 2471 1113 2491 causae
1131 2460 1316 2492 mutationis
1338 2461 1382 2492 le—

319 2511 413 2542 gum,
444 2509 479 2532 ut
507 2510 536 2533 et
564 2503 694 2544 quando
726 2509 868 2543 oportet,
899 2510 1076 2542 mutentur;
1102 2512 1132 2535 et
1158 2505 1288 2546 quando
1316 2515 1382 2536 non

1432 556 1502 585 tur.
1525 549 1650 585 Habet
1677 556 1805 586 autem
1834 549 1916 598 ipsa
1939 549 2030 599 legis
2059 549 2230 596 mutatio,
2252 558 2438 598 quantum
2457 551 2496 589 in

1433 614 1473 638 se
1503 609 1568 648 est,
1590 601 1860 639 detrimentum
1889 602 2088 650 quoddam
2109 602 2325 639 communis
2354 604 2493 641 salutis.

1434 653 1534 700 Quia
1575 654 1623 690 ad
1666 655 1948 692 observantiam
1982 656 2110 703 legum
2147 654 2353 704 plurimum
2391 656 2496 693 valet

1434 706 1690 743 consuetudo·
1715 707 1903 744 intantum
1922 710 2027 757 quod
2047 720 2091 744 ea
2119 720 2218 757 quae
2239 715 2371 745 contra
2391 720 2496 749 com·-
2526 734 2531 737 -

1434 771 1593 795 munem
1614 759 1930 798 consuetudinem
1948 761 2056 807 fiunt,
2075 761 2190 798 etiam
2209 761 2241 798 si
2259 761 2334 798 sint
2351 755 2496 799 leviora

1435 811 1481 849 de
1510 824 1562 858 se,
1583 812 1758 859 graviora
1780 812 1992 851 videantur.
2012 814 2123 851 Unde
2144 813 2300 862 quando
2329 815 2497 852 mutatur

1433 865 1503 912 lex,
1526 841 1747 902 diminuitur
1773 865 1831 902 vis
1861 866 2100 904 constrictiva
2126 866 2238 915 legis,
2267 867 2494 914 inquantum

1433 918 1572 954 tollitur
1597 919 1848 955 consuetudo.
1867 919 1917 955 Et
1942 919 2031 956 ideo
2054 931 2252 968 nunquam
2279 920 2394 957 debet
2412 932 2495 957 mu-

1433 971 1502 1007 tari
1529 971 1588 1007 lex
1616 971 1795 1018 humana,
1817 971 1887 1007 nisi
1917 983 1960 1008 ex
1981 971 2107 1021 aliqua
2133 980 2240 1022 parte
2269 980 2415 1010 tantum
2438 985 2496 1010 re-

1433 1031 1703 1073 compensetur
1738 1024 1935 1060 communi
1972 1024 2100 1072 saluti,
2131 1032 2314 1074 quantum
2348 1038 2394 1062 ex
2425 1025 2495 1063 ista

1432 1084 1537 1125 parte
1567 1077 1779 1124 derogatur.
1811 1076 1928 1122 Quod
1957 1076 2113 1125 quidem
2150 1078 2329 1126 contingit
2356 1079 2418 1116 vel
2448 1091 2494 1115 ex

1432 1130 1508 1166 hoc
1536 1130 1639 1178 quod
1669 1129 1794 1178 aliqua
1826 1129 1994 1166 maxima
2023 1136 2059 1166 et
2087 1129 2371 1169 evidentissima
2398 1131 2494 1168 utili-

1432 1190 1489 1220 tas
1519 1195 1563 1219 ex
1583 1195 1687 1220 novo
1710 1189 1847 1219 statuto
1866 1182 2060 1231 provenit:
2090 1183 2152 1219 vel
2174 1195 2219 1219 ex
2247 1195 2293 1220 eo
2314 1184 2420 1232 quod
2439 1192 2495 1221 est

1433 1235 1600 1273 maxima
1630 1235 1843 1294 necessitas,
1866 1247 1910 1272 ex
1940 1247 1986 1272 eo
2015 1235 2120 1283 quod
2143 1236 2202 1272 lex
2231 1243 2412 1274 consueta
2431 1245 2495 1274 aut

1433 1289 1673 1326 manifestam
1702 1288 1937 1337 iniquitatem
1966 1288 2144 1335 continet,
2166 1296 2231 1326 aut
2258 1289 2338 1327 eius
2364 1290 2495 1330 ohser-

1432 1341 1534 1378 vatio
1565 1349 1619 1378 est
1637 1341 1846 1401 plurimum
1875 1340 2025 1379 nociva.
2046 1341 2158 1380 Unde
2178 1341 2313 1380 dicitur
2339 1353 2363 1379 a
2382 1336 2495 1393 'Iulisr

1431 1394 1600 1443 perito*
1628 1394 1732 1443 quod
1761 1394 1797 1432 in
1827 1395 1937 1431 rebus
1968 1394 2075 1431 novis
2109 1395 2402 1442 constituendis,
2417 1403 2494 1435 em—
2521 1409 2608 1432 ·ub.
2622 1409 2634 1432 1
2705 1409 2739 1432 ae

1431 1447 1522 1484 dens
1541 1446 1554 1469 δ
1582 1448 1688 1484 debet
1709 1459 1787 1483 esse
1815 1447 1963 1494 utilitas,
1984 1453 2023 1484 ut
2049 1447 2247 1485 recedatur
2269 1447 2319 1485 ab
2344 1459 2390 1486 eo
2414 1448 2497 1486 iure
2522 1435 2607 1498 Εῗξ

1432 1501 1533 1549 quod
1559 1501 1622 1537 diu
1650 1512 1812 1548 aequum
1839 1501 1962 1537 visum
1990 1506 2053 1538 est.
2624 1522 2642 1539 ι»
2694 1496 2703 1505 ”’

1486 1555 1544 1590 AD
1574 1565 1710 1590 pthJM
1738 1564 1837 1590 ERGO
1865 1565 2050 1591 menunuu
2078 1553 2184 1610 quod
2213 1565 2259 1591 ea
2282 1565 2380 1603 quae
2408 1540 2497 1593 sunt

1433 1606 1533 1653 artis,
1553 1607 1694 1642 habent
1723 1606 1934 1644 efficaciam
1963 1618 2008 1643 ex
2036 1607 2117 1643 sola
2150 1604 2314 1644 ratione:
2345 1613 2381 1644 et
2408 1601 2494 1644 ideo

1433 1659 1665 1718 ubicumque
1685 1658 1822 1695 melior
1840 1659 1966 1696 ratio
1986 1667 2170 1707 occurrat,
2192 1667 2248 1696 est
2269 1660 2496 1709 mutandum
2558 1688 2577 1698 -7
2608 1665 2693 1692 ⁸-
2730 1681 2735 1687 ·

1434 1712 1553 1760 quod·
1547 1712 1661 1760 prius
1680 1712 1889 1749 tenebatur.
1912 1712 1989 1749 Sed
2008 1712 2109 1763 leges
2126 1713 2265 1750 hahent
2285 1713 2496 1758 maximam
2539 1722 2541 1724 ·
2626 1713 2635 1722 ’“
2686 1718 2689 1725 “

1433 1765 1605 1802 virtutem
1630 1777 1680 1801 ex
1702 1765 1977 1811 consuetudine,
1998 1773 2040 1802 ut
2059 1765 2315 1815 Philosophus
2335 1765 2435 1814 dicit,
2457 1765 2497 1806 in
2535 1796 2539 1809 η

1435 1819 1466 1854 II
1495 1818 1602 1854 Polit.
1625 1819 1643 1838 ²³⁶
1673 1819 1722 1854 Et
1749 1818 1836 1854 ideo
1866 1830 1944 1855 non
1969 1826 2056 1855 sunt
2080 1818 2127 1856 de
2152 1817 2250 1855 facili
2277 1818 2495 1859 mutandae.
2522 1830 2534 1842 ⁸

1487 1873 1546 1908 AD
1566 1872 1756 1908 sacunouM
1775 1883 1960 1908 DICENDUM
1984 1872 2089 1921 quod
2107 1871 2202 1909 ratio
2222 1871 2284 1909 illa
2307 1862 2499 1919 concludit

1436 1923 1540 1972 quod
1568 1924 1669 1972 leges
1689 1931 1776 1960 sunt
1804 1923 2030 1963 mutandae:
2053 1937 2132 1961 non
2158 1932 2289 1964 tamen
2306 1937 2377 1974 pro
2406 1937 2497 1974 qua—
2526 1964 2528 1967 ,

1436 1989 1599 2025 cumque
1620 1976 1896 2024 melioratione,
1913 1977 1980 2014 sed
1997 1989 2068 2026 pro
2094 1989 2234 2027 magna
2260 1977 2417 2025 utilitate
2436 1978 2498 2026 vel

1436 2029 1669 2076 necessitate,
1689 2036 1730 2066 ut
1750 2029 1893 2068 dictum
1923 2038 1979 2069 est
1996 2030 2026 2067 ²⁸.
2491 2067 2493 2072 ,
2526 2043 2535 2053 ·
2551 2042 2577 2063 in
2592 2046 2700 2069 corpore.

1490 2083 1538 2119 Et
1562 2082 1734 2120 similiter
1758 2082 1964 2120 dicendum
1994 2091 2050 2120 est
2077 2085 2126 2121 ad
2154 2083 2318 2122 tertium.

1489 2196 1516 2230 γ)
1536 2198 1716 2222 statuendum.
1734 2211 1751 2216 -
1763 2197 1921 2231 jaciendum
1939 2197 2169 2223 ABCDEFGHIL.
2439 2221 2442 2223 r
2482 2217 2493 2228 η,

1489 2231 1514 2265 δ)
1534 2233 1650 2257 evidens.
1667 2246 1686 2251 -
1704 2233 1764 2257 Om.
1784 2233 1839 2264 EF3
1859 2241 1908 2266 pro
1927 2233 2076 2263 recedatur,
2097 2236 2167 2259 recte
2184 2233 2327 2258 recedatur
2339 2233 2386 2258 Pa.
2627 2266 2632 2269 ,
2727 2263 2733 2269 η

1489 2267 1512 2302 ε)
1528 2268 1621 2293 melior
1635 2268 1714 2292 ratio.
1725 2281 1744 2287 —
1757 2268 1906 2294 melioratio
1921 2269 1996 2295 Pa.—
2010 2268 2061 2293 Pro
2073 2269 2335 2302 occurratfflcourrn't
2346 2267 2464 2293 PKsAet
2476 2275 2502 2292 a.
2526 2268 2537 2280 -“
2584 2272 2586 2276 ’
2621 2267 2654 2279 ²¹¹
2676 2268 2685 2279 '³
2709 2271 2711 2274 '

2476 2324 2494 2343 ἱ)

1435 2423 1578 2457 oportet,
1607 2418 1782 2449 resistentia
1810 2418 1864 2450 fiat
1892 2418 2071 2450 mutationi.
2101 2418 2277 2451 Necessitas
2306 2418 2356 2448 vel
2371 2418 2501 2451 ‘utilitas

1435 2462 1597 2502 pensanda
1620 2469 1666 2492 est
1688 2473 1754 2493 non
1778 2463 1818 2493 ad
1841 2472 1988 2503 praesens
2013 2469 2138 2494 tantum
2161 2469 2298 2503 tempus,
2316 2462 2372 2494 sed
2390 2472 2501 2504 perper

1436 2511 1539 2542 tuum,
1564 2515 1619 2536 seu
1645 2506 1847 2547 diuturnum,
1873 2516 1932 2548 pro
1957 2516 2022 2548 quo
2046 2506 2095 2537 lex
2118 2505 2163 2537 fit.

1124 2649 1440 2691 ARTICULUS
1469 2650 1697 2692 TERTIUS

844 2740 999 2771 UTRUM
1024 2741 1320 2773 CONSUETUDO
1342 2741 1490 2773 POSSIT
1514 2741 1732 2774 OBTINERE
1757 2744 1834 2775 vm
1858 2743 1979 2775 LEG1s

498 2817 532 2841 11⁸
551 2817 608 2848 11⁵⁹,
628 2825 673 2849 qu.
692 2824 773 2848 Lxxxx,
793 2823 838 2843 art.
861 2825 883 2849 2,
904 2819 936 2843 ad
957 2826 986 2849 2;
1005 2819 1038 2843 lV
1059 2820 1142 2849 Sent„

356 2943 361 2950 Δ
404 2915 411 2929 ι
438 2923 480 2952 Α
532 2910 555 2934 D
583 2909 741 2935 TERTluM
763 2910 816 2935 Slc
835 2910 1074 2936 Pnocnm‘rmz.
1100 2899 1257 2937 Videtur
1275 2900 1380 2949 quod

386 2948 394 2956 '
459 2949 489 2970 ””·“
534 2951 771 3009 consuetudo
792 2963 870 2988 non
898 2951 1017 3000 possit
1036 2952 1206 2989 obtinere
1231 2952 1311 2990 vim
1331 2953 1382 2989 le-

323 3049 465 3155 divina,
482 3116 523 3145 ut
552 3121 596 3147 ex
615 3110 836 3157 supradictis
861 3111 882 3132 *
907 3117 1020 3159 patet.
1043 3111 1119 3148 Sed
1144 3111 1380 3148 consuetudo

323 3160 523 3198 hominum
552 3174 631 3199 non
659 3170 784 3210 potest
811 3163 1011 3200 immutare
1045 3164 1167 3212 legem
1202 3171 1379 3212 naturae,

324 3225 393 3248 nec
422 3214 544 3260 legem
574 3215 755 3253 divinam.
784 3217 885 3264 Ergo
916 3216 1029 3253 etiam
1063 3230 1133 3254 nec
1162 3218 1284 3265 legem
1312 3218 1382 3254 hu-

323 3277 477 3301 manam
506 3267 707 3304 immutare
735 3276 869 3317 potest.

377 3329 413 3355 2.
434 3318 664 3366 PRAETEREA,
687 3333 731 3357 ex
759 3322 886 3358 multis
907 3322 1015 3359 malis
1044 3335 1123 3360 non
1145 3331 1270 3372 potest
1298 3324 1378 3361 fieri

322 3382 442 3406 unum
470 3371 627 3408 bonum.
649 3373 726 3410 Sed
754 3374 812 3411 ille
842 3375 908 3423 qui
936 3375 1065 3424 incipit
1090 3376 1217 3425 primo
1252 3384 1383 3414 contra

322 3423 446 3470 legem
475 3436 598 3473 agere,
619 3426 718 3461 male
742 3426 838 3463 facit.
865 3428 978 3475 Ergo,
998 3428 1252 3477 multiplicatis
1281 3429 1382 3467 simi-

322 3475 419 3512 libus
448 3476 603 3524 actibus,
628 3489 707 3514 non
735 3479 918 3516 efficietur
944 3480 1098 3528 aliquod
1127 3482 1285 3519 bonum.
1303 3484 1382 3520 Lex

1163 2820 1220 2845 dist.
1235 2827 1324 2852 xxxm,
1343 2827 1386 2853 qu.
1405 2827 1423 2851 1,
1443 2825 1489 2845 art.
1513 2828 1538 2851 1,
1558 2821 1589 2845 ad
1612 2829 1637 2852 ¹3
1659 2821 1755 2851 Quodl.
1771 2822 1798 2851 11,
1819 2830 1863 2856 qu.
1883 2830 1917 2852 ιν,
1937 2827 1984 2848 art.
2005 2822 2034 2854 3;
2054 2823 2096 2854 IX,
2116 2831 2160 2856 qu.
2179 2831 2212 2854 iv,
2232 2828 2278 2848 art.
2299 2830 2322 2847 2.

1436 2876 1563 2937 autem
1593 2909 1649 2937 est
1676 2901 1872 2950 quoddam
1903 2903 2071 2940 bonum:
2093 2915 2182 2941 curn
2211 2903 2256 2941 sit
2284 2904 2413 2952 regula
2431 2905 2502 2960 huf
2566 2915 2573 2918 ·

1437 2965 1642 2990 manorum
1666 2962 1832 2991 actuum.
1854 2955 1957 3015 Ergo
1983 2968 2052 3004 per
2077 2957 2393 2995 consuetudinem
2422 2953 2501 3002 non
2528 2972 2531 2973 ⁷

1436 3013 1559 3054 potest
1579 3007 1768 3044 removeri
1798 3008 1868 3055 lex,
1888 3015 1930 3045 ut
1949 3008 2029 3058 ipsa
2051 3010 2291 3047 consuetudo
2308 3009 2389 3047 vim
2409 3010 2500 3085 legis

1436 3059 1614 3096 obtineat.

1492 3114 1526 3149 3.
1548 3113 1780 3158 PRAETEREA,
1801 3114 1896 3150 ferre
1926 3114 2049 3162 legem
2070 3115 2232 3164 pertinet
2259 3117 2306 3153 ad
2329 3105 2500 3165 publicas

1435 3177 1632 3214 personas,
1654 3166 1702 3203 ad
1721 3178 1816 3215 quas
1835 3166 1996 3215 pertinet
2015 3179 2146 3216 regere
2166 3167 2498 3206 communitatem!

1435 3219 1538 3256 unde
1557 3219 1724 3267 privatae
1740 3232 1930 3268 personae
1950 3221 2074 3269 legem
2094 3221 2219 3258 facere
2232 3233 2311 3259 non
2324 3222 2498 3270 posst‘fnt'i

1438 3272 1514 3308 Sed
1552 3274 1788 3310 consuetudo
1816 3272 2012 3310 invalescit
2038 3286 2108 3322 per
2135 3282 2240 3312 actus
2267 3274 2500 3323 privatarum

1435 3337 1698 3373 personarum.
1715 3326 1816 3373 Ergo
1837 3327 2075 3364 consuetudo
2095 3339 2173 3365 non
2183 3333 2311 3388 potest
2329 3326 2500 3369 obtinere

1435 3377 1516 3415 vim
1545 3378 1646 3426 legis,
1667 3390 1736 3426 per
1764 3391 1880 3426 quam
1908 3380 1967 3417 lex
1996 3370 2251 3418 removeatur.
2526 3397 2621 3426 ·.Epist
2630 3396 2738 3426 xxxvi,

1492 3431 1565 3468 SED
1587 3443 1731 3468 CONTRA
1751 3443 1817 3468 EST
1836 3432 1940 3480 quod
1959 3431 2191 3479 Augustinus
2211 3431 2309 3479 dicit,
2325 3431 2364 3468 in
2379 3431 2497 3480 Epist.
2526 3424 2563 3472 gf.
2571 3423 2741 3479 fflwdin.

2526 3467 2740 3504 n,C.hmw

1437 3484 1488 3520 ad
1509 3484 1685 3521 Casulan.
1706 3483 1745 3520 *ε
1774 3484 1865 3521 Mos
1878 3484 2012 3533 populi
2035 3484 2111 3520 Dei
2131 3490 2167 3521 et
2192 3484 2355 3522 instituta
2381 3485 2498 3522 maio-
2527 3493 2576 3526 naz.
