2840 4010
0 2428 8 2496 --V—⁴
0 2226 22 2420 „vv-e*
0 2186 5 2215 a

84 692 92 700 ”
108 690 174 713 νοτε.
190 697 226 713 πο.

70 1223 92 1237 ·‘
107 1222 173 1246 Ven-
187 1229 221 1246 ³2.

626 234 645 244 κ

609 204 625 234 χ
1021 191 1286 237 QUAEsrio
1317 192 1399 239 CII,

1429 193 1724 231 ARTICULUS
1755 195 1803 231 Ill
2419 198 2487 234 231

323 267 521 306 creationis
540 279 667 305 rerum
689 276 725 305 et
743 268 896 306 ultimus
916 269 1014 316 finis,
1044 271 1092 307 ad
1112 282 1228 318 quern
1256 277 1381 306 essent
1435 271 1504 308 diis
1533 272 1621 319 suis,
1640 274 1703 309 vel
1723 273 1775 310 eis
1804 274 1853 311 ad
1881 274 2070 311 maleficia
2091 275 2310 311 utebantur:
2340 274 2409 311 ista
2429 288 2493 311 au-

322 320 452 358 omnia
479 321 689 359 referenda.

374 373 424 410 Et
441 373 531 422 quia
557 374 718 423 pertinet
741 375 788 412 ad
809 382 952 411 rectam
973 373 1252 411 ordinationem
1272 385 1378 410 men—

321 425 366 462 tis
393 425 434 463 in
460 427 588 464 Deum
620 435 662 464 ut
690 439 799 464 mens
831 429 1002 464 humana
1029 438 1108 463 non
1133 434 1380 473 recognoscat

321 478 437 516 alium
456 480 624 528 primum
644 488 839 518 auctorem
859 491 987 517 rerum
1007 478 1077 515 nisi
1092 479 1216 514 solum
1237 479 1377 526 Deum,

1434 331 1510 360 tem
1536 325 1714 363 animalia
1742 327 1845 374 apud
1872 327 2092 376 Aegyptios,
2123 339 2211 364 cum
2238 327 2375 376 quibus
2405 340 2494 364 con—

1432 377 1572 413 versati
1593 386 1710 425 erant,
1735 379 2005 417 abominabilia
2025 388 2130 417 erant
2153 381 2202 417 ad
2225 380 2491 427 occidendum,

1433 429 1535 465 unde
1565 442 1609 466 ea
1633 443 1710 468 non
1739 432 1951 470 offerebant
1978 433 2015 470 in
2035 433 2264 470 sacrificium
2293 433 2364 470 diis
2393 433 2490 479 suis;

1432 482 1534 517 unde
1573 483 1706 520 dicitur
1731 486 1856 522 Exod.
1876 498 1936 522 vm
1960 485 1997 523 *z
2026 487 2334 523 Abominationes
2360 487 2491 536 Aegr-

321 543 448 580 neque
467 533 506 569 in
534 533 660 582 aliquo
681 534 752 570 alio
772 534 891 570 finem
911 543 1025 568 suum
1045 530 1266 576 constituat3
1289 543 1376 579 pro·
1426 533 1593 579 ptiorum
1622 536 1898 575 immolabimus
1925 540 2091 576 Domino
2111 541 2194 576 Deo
2222 545 2361 576 nostro.
2383 540 2489 576 Oves

321 592 405 633 pter
433 591 450 613 η
477 587 552 623 hoc
578 586 850 636 prohibebatur
882 584 921 620 in
951 584 1032 631 lege
1062 582 1199 619 offerre
1236 583 1377 620 sacrifi-

323 638 423 675 cium
443 638 555 676 alicui
573 639 678 676 alteri
703 638 775 675 nisi
792 638 890 684 Deo,
912 636 1125 673 secundum
1143 636 1235 674 illud
1251 637 1376 673 Exod.

321 703 393 728 xxn
416 691 454 728 *z
489 692 564 734 Qui
586 691 760 728 immolat
778 690 865 735 diis,
890 690 1093 735 occidetur,
1118 695 1272 738 praeter
1299 690 1377 726 Do-

322 744 424 781 mino
442 744 522 782 soli.
544 746 592 782 Et
609 744 696 782 ideo
716 743 764 780 de
791 754 904 779 causa
933 742 1261 779 caeremoniarum
1281 741 1376 778 circa

322 797 505 834 sacrificia
530 803 656 846 potest
678 795 859 844 assignari
877 795 971 832 ratio
991 795 1064 832 alio
1085 795 1218 843 modo,
1238 807 1283 832 ex
1301 795 1377 831 hoc

321 851 426 898 quod
439 862 510 899 per
525 848 744 887 huiusmodi
763 848 940 885 homines
963 849 1249 886 retrahebantur
1267 860 1290 885 a
1318 860 1375 884 sa-

321 903 470 947 crificiis
494 902 700 940 idolorum.
727 901 838 939 Unde
873 902 984 938 etiam
1012 909 1214 950 praecepta
1242 901 1289 938 de
1318 913 1375 938 sa-

321 954 468 993 crificiis
484 967 566 993 non
593 955 744 992 fuerunt
767 955 853 992 data
875 955 1020 1003 populo
1049 955 1277 992 Iudaeorum
1306 954 1377 990 nisi

319 1011 524 1057 postquam
558 1008 760 1046 declinavit
793 1008 842 1045 ad
875 1008 1148 1055 idololatriam,
1178 1007 1374 1044 adorando

319 1061 480 1099 vitulum
513 1061 764 1099 conflatilem:
795 1061 903 1110 quasi
939 1060 1158 1098 huiusmodi
1193 1060 1375 1097 sacrificia

318 1114 394 1152 sint
419 1114 586 1152 instituta
604 1123 645 1151 ut
663 1115 829 1163 populus
857 1114 906 1151 ad
927 1113 1217 1151 sacrificandum
1245 1126 1375 1162 prom-

318 1175 416 1217 ptus,
435 1167 656 1205 huiusmodi
676 1168 860 1204 sacrificia
886 1167 1006 1215 magis
1024 1168 1108 1203 Deo
1127 1178 1245 1216 quam
1265 1166 1375 1204 idolis

319 1220 626 1269 offerret.-Unde
645 1220 780 1258 dicitur
799 1222 932 1257 Ierem.
951 1232 999 1257 vn
1018 1219 1056 1256 *ε
1083 1220 1175 1258 Νοη
1205 1231 1290 1256 sum
1321 1220 1374 1257 lo·

249 1287 261 1290 ·
317 1269 424 1311 ‘cutus
457 1286 544 1311 cum
572 1274 743 1322 patribus
772 1274 915 1319 vestris,
943 1279 980 1310 et
1007 1284 1082 1310 non
1103 1273 1285 1322 praecepi
1310 1274 1373 1320 eis,

250 1335 260 1354 ³
318 1327 356 1364 in
384 1328 444 1364 die
466 1339 540 1376 qua
560 1327 676 1364 eduxi
698 1338 761 1364 eos
787 1327 833 1363 de
854 1333 956 1363 terra
973 1326 1159 1376 Aegypti,
1187 1326 1234 1364 de
1260 1327 1374 1364 verbo

76 1602 88 1611 ⁰
102 1598 170 1623 Ver:
185 1588 217 1622 16.
243 1586 246 1588 ¹

75 1854 202 1878 ·vm.2.

71 2073 85 2085 ⁴
100 2071 168 2095 Vm.
182 2077 200 2094 u
214 2078 251 2100 sq.

75 2605 87 2614 ·
102 2603 168 2626 Vm.
183 2610 209 2626 u.

76 2761 129 2783 ⁴111
144 2766 249 2789 corpore.

77 3079 87 3087 ·
103 3078 139 3101 Cf.
154 3085 215 3107 resp.
230 3080 258 3101 ad
274 3086 290 3102 1.

316 1380 659 1417 holocautomatum
688 1385 724 1416 et
747 1380 997 1416 victimarum.

371 1434 472 1470 Inter
497 1433 628 1470 omnia
655 1440 784 1469 autem
813 1433 915 1469 dona
949 1443 1048 1480 quae
1071 1433 1177 1469 Deus
1202 1432 1373 1469 humano

316 1486 450 1534 generi.
462 1485 540 1523 iam
559 1497 629 1534 per
645 1493 845 1534 peccatum
865 1486 972 1535 lapso
992 1485 1106 1534 dedit,
1124 1485 1373 1534 praecipuum

316 1546 373 1576 est
399 1538 506 1588 quod
529 1538 632 1575 dedit
653 1538 949 1576 Filium-suum:
977 1538 1080 1576 unde
1109 1537 1242 1576 dicitur
1269 1539 1374 1576 loan.

315 1603 353 1629 m
369 1590 406 1628 *ε
434 1592 497 1628 Sic
523 1592 628 1628 Deus
654 1591 783 1628 dilexit
818 1593 1000 1629 mundum
1029 1598 1070 1628 ut
1093 1591 1232 1628 Filium
1261 1603 1372 1629 suum

315 1644 550 1694 urzigenitum
575 1645 702 1691 daret,
732 1651 772 1681 ut
797 1646 918 1681 omnis
955 1645 1021 1693 qui
1045 1645 1162 1682 credit
1186 1645 1224 1681 in
1252 1645 1372 1693 ipsum

314 1709 389 1734 non
411 1703 556 1746 pereat,
583 1698 650 1734 sed
673 1699 810 1735 habeat
834 1699 950 1735 vitam
977 1703 1181 1735 aeternam.
1209 1698 1260 1735 Et
1286 1698 1372 1735 ideo

313 1750 554 1799 potissimum
585 1751 812 1789 sacrificium
843 1758 898 1788 est
924 1763 1001 1800 quo
1026 1750 1108 1800 ipse
1131 1751 1301 1788 Christus
1319 1764 1374 1788 se-

315 1804 436 1852 ipsum
463 1804 592 1841 obtulit
618 1805 700 1841 Deo
728 1804 766 1840 in
786 1805 939 1841 odorem
957 1803 1160 1850 suavitatis,
1179 1811 1222 1841 ut
1240 1804 1374 1842 dicitur

314 1858 367 1894 ad
382 1858 517 1906 Ephes.
537 1869 562 1894 v
578 1855 610 1894 ²⁸².
641 1858 690 1894 Et
715 1865 871 1906 propter
889 1858 964 1894 hoc
984 1857 1112 1895 omnia
1131 1857 1202 1900 alia
1220 1855 1233 1878 θ
1261 1858 1373 1895 sacri-

313 1910 401 1947 ficia
438 1910 695 1948 offerebantur
727 1910 765 1947 in
800 1911 919 1947 veteri
952 1912 1033 1958 lege
1070 1918 1112 1948 ut
1147 1911 1222 1947 hoc
1253 1923 1373 1948 unum

314 1963 500 2011 singulare
530 1971 566 2000 et
593 1963 840 2013 praecipuum
874 1963 1102 2000 sacrificium
1130 1964 1373 2012 figuraretur,

312 2024 496 2065 tanquam
514 2017 724 2065 perfectum
743 2028 812 2066 per
829 2017 1062 2066 imperfecta.
1082 2017 1192 2055 Unde
1211 2019 1375 2067 Aposto—

313 2071 371 2106 lus
401 2070 500 2117 dicit,
520 2070 572 2107 ad
587 2071 687 2107 Heb.
706 2082 730 2107 x
749 2069 780 2116 ²¹¹,
802 2071 906 2118 quod
926 2071 1104 2107 sacerdos
1121 2070 1260 2108 veteris
1283 2071 1375 2119 legis

313 2123 462 2160 easdem
495 2135 607 2171 saepe
641 2123 825 2173 offerebat
857 2124 1015 2169 hostias,
1049 2135 1146 2172 quae
1181 2135 1374 2172 nunquam

306 2182 467 2225 possunt
491 2177 646 2225 auferre
663 2182 842 2225 peccata:
875 2177 1042 2213 Christus
1059 2182 1184 2214 autem
1197 2188 1272 2225 pro
1285 2189 1374 2226 pec-

314 2230 406 2266 catis
425 2230 555 2266 obtulit
577 2241 692 2266 unam
720 2230 758 2266 in
785 2230 1062 2277 sempiternum.
1093 2230 1142 2266 Et
1160 2230 1247 2279 quia
1267 2243 1311 2267 ex
1331 2231 1375 2268 fi-

314 2290 448 2330 gurato
477 2283 638 2319 sumitur
665 2282 758 2319 ratio
783 2283 944 2330 figurae,
974 2282 1061 2320 ideo
1082 2282 1246 2320 rationes
1264 2284 1376 2321 sacri-

314 2336 493 2372 ficiorum
521 2336 736 2384 figuralium
756 2335 895 2372 veteris
923 2335 1013 2383 legis
1036 2343 1124 2372 sunt
1141 2338 1375 2375 sumendae‘

316 2401 361 2437 ex
387 2399 482 2426 vero
511 2389 695 2426 sacrificio
724 2388 871 2425 Christi.

367 2443 428 2479 An
447 2454 584 2479 PRlMUM
602 2453 700 2479 ERGO
725 2453 908 2479 mOENDUM
937 2441 1042 2489 quod
1069 2444 1174 2480 Deus
1202 2455 1279 2481 non
1307 2456 1375 2480 vo-

315 2495 415 2532 lebat
428 2495 649 2532 huiusmodi
664 2495 847 2531 sacrificia
867 2495 935 2531 sibi
955 2494 1083 2532 offerri
1102 2504 1256 2545 propter
1274 2496 1375 2546 ipsas

316 2560 375 2585 res
404 2560 501 2597 quae
530 2548 798 2594 offerebantur,
826 2549 933 2596 quasi
964 2549 1017 2585 eis
1045 2548 1244 2597 indigeret:
1271 2550 1375 2588 unde

315 2601 448 2638 dicitur
476 2601 593 2638 Isaiae
614 2613 623 2638 1
642 2601 679 2638 *t
708 2601 943 2638 Holocausta
970 2602 1142 2648 arietum,
1171 2609 1206 2640 et
1226 2604 1374 2652 adipem

310 2654 526 2704 pinguium,
546 2660 583 2691 et
597 2655 821 2704 sanguinem
841 2655 1043 2691 vitulorum
1068 2661 1104 2691 et
1127 2656 1319 2693 hircorum
1342 2662 1378 2693 et

315 2717 526 2756 agnorum,
562 2707 675 2744 nolui.
706 2708 782 2744 Sed
810 2709 964 2745 volebat
993 2720 1036 2744 ea
1064 2708 1134 2745 sibi
1163 2709 1308 2756 offerri,
1338 2717 1378 2746 ut

317 2770 431 2808 supra
448 2758 470 2781 ²¹¹
497 2759 639 2796 dictum
659 2767 726 2806 est,
746 2768 825 2797 tum
848 2762 897 2798 ad
925 2760 1200 2799 excludendam
1219 2762 1376 2800 idolola-

316 2812 448 2858 triam;
476 2818 558 2848 tum
589 2813 638 2849 ad
671 2812 960 2861 significandum
996 2813 1164 2851 debitum
1201 2815 1375 2853 ordinem

317 2865 456 2901 mentis
488 2865 679 2901 humanae
707 2866 746 2903 in
774 2867 923 2913 Deum;
953 2875 1033 2904 turn
1064 2867 1176 2904 etiam
1205 2868 1254 2905 ad
1282 2869 1377 2916 figu-

317 2917 481 2955 randum
497 2917 720 2966 mysterium
735 2920 1006 2969 redemptionis
1021 2921 1213 2958 humanae
1227 2922 1348 2959 factae
1362 2929 1378 2944 ¹

316 2983 386 3019 per
414 2970 618 3008 Christum.

370 3025 429 3060 An
445 3035 634 3061 SECUNDUM
648 3035 831 3062 memnon
847 3026 952 3074 quod
971 3034 1157 3074 quantum
1177 3027 1225 3063 ad
1246 3027 1377 3064 omnia

317 3076 510 3125 praedicta
528 3076 560 3123 ²¹⁸,
583 3077 816 3120 conveniens
844 3078 938 3115 ratio
964 3079 1032 3116 fuit
1060 3091 1177 3128 quare
1202 3079 1272 3116 ista
1299 3080 1378 3117 ani-

318 3129 432 3167 malia
452 3130 710 3167 offerebantur
723 3131 808 3167 Deo
828 3131 866 3167 in
885 3131 1124 3178 sacrificium,
1142 3139 1179 3168 et
1192 3145 1270 3169 non
1290 3133 1374 3170 alia.

318 3183 449 3220 Primo
487 3182 669 3232 quidem,
707 3183 756 3220 ad
795 3183 1074 3221 excludendum
1109 3184 1375 3223 idololatriam.

318 3235 418 3283 Quia
446 3235 576 3273 omnia
604 3236 675 3273 alia
703 3236 880 3273 animalia
915 3236 1127 3274 offerebant
1154 3237 1375 3275 idololatrae

371 3350 398 3381 η)
413 3353 534 3381 propter.
553 3363 570 3367 —-
588 3353 615 3374 et
629 3353 742 3381 propter
760 3350 870 3374 codices.
887 3364 906 3368 -
924 3350 974 3374 Pro
993 3351 1097 3384 offerre,
1117 3351 1211 3384 offerri
1227 3352 1257 3377 Ρ.

371 3383 395 3416 θ)
414 3385 478 3409 alia.
495 3398 515 3404 -
533 3385 594 3410 Om.
613 3385 687 3410 EFL.

373 3419 390 3451 ι)
409 3420 561 3445 sumendae.
580 3434 598 3438 -
610 3420 754 3454 jaciendae
773 3421 955 3451 ABCDGHIL,
974 3421 1144 3453 accipiendae
1163 3421 1215 3447 EF.

371 3455 397 3486 κ)
410 3455 512 3487 factae.
530 3469 549 3474 -
569 3455 629 3480 Om.
650 3456 678 3480 Ρ.

1433 586 1534 622 enim
1556 588 1752 634 colebant;
1782 590 1907 627 hircos
1929 593 2222 639 venerabantur,
2244 592 2333 641 quia
2360 592 2399 629 in
2428 605 2491 629 eo-

1433 650 1516 674 rum
1537 639 1657 686 figura
1677 641 1886 679 daemones
1906 646 2158 693 apparebant;
2179 646 2304 682 bobus
2322 644 2336 667 λ
2360 652 2489 682 autem

1429 691 1632 728 utebantur
1650 694 1699 730 ad
1719 695 1995 744 agriculturam,
2017 710 2133 746 quam
2162 698 2258 735 inter
2282 711 2341 735 res
2365 710 2491 735 sacras

1429 743 1632 782 habebant.

1484 797 1680 845 Secundo,
1709 799 1785 836 hoc
1813 802 2047 839 conveniens
2076 811 2154 839 erat
2181 803 2230 840 ad
2258 804 2490 852 praedictam

1429 849 1708 888 ordinationem
1739 853 1875 890 mentis
1897 853 1933 890 in
1953 856 2093 892 Deum.
2114 857 2163 892 Et
2188 857 2262 892 hoc
2283 857 2489 905 dupliciter.

1429 902 1559 939 Primo
1589 904 1756 953 quidem,
1787 906 1874 954 quia
1892 907 2112 944 huiusmodi
2130 908 2306 945 animalia
2325 910 2489 946 maxime

1429 963 1516 991 sunt
1538 968 1607 1004 per
1630 969 1729 1004 quae
1762 966 1992 996 sustentatur
2018 961 2190 998 humana
2208 962 2305 998 vita:
2337 971 2373 999 et
2401 975 2490 1000 cum

1428 1008 1502 1044 hoc
1538 1010 1788 1048 mundissima
1825 1020 1931 1059 sunt,
1962 1020 1997 1060 et
2028 1014 2321 1051 mundissimum
2350 1015 2491 1052 habent

1429 1061 1713 1100 nutrimentum.
1742 1064 1827 1101 Alia
1850 1077 1944 1102 vero
1973 1066 2151 1103 animalia
2178 1068 2239 1103 vel
2268 1075 2355 1104 sunt
2382 1069 2491 1105 silve-

1428 1114 1528 1161 stria,
1558 1123 1595 1152 et
1622 1128 1700 1153 non
1719 1125 1806 1154 sunt
1825 1119 2080 1156 communiter
2099 1120 2301 1157 hominum
2320 1121 2406 1157 usui
2426 1121 2491 1158 de-

1428 1175 1574 1214 putata:
1594 1170 1668 1216 vel,
1689 1169 1719 1206 si
1739 1178 1826 1207 sunt
1844 1171 2064 1219 domestica,
2085 1172 2331 1210 immundum
2350 1174 2492 1211 habent

1428 1221 1714 1269 nutrimentum,
1743 1231 1786 1260 ut
1810 1236 1951 1272 porcus
1980 1232 2016 1261 et
2032 1225 2188 1272 gallina3
2213 1227 2338 1263 solum
2361 1235 2490 1264 autern

1428 1273 1467 1309 id
1495 1275 1599 1322 quod
1629 1283 1684 1312 est
1710 1288 1862 1324 purum,
1892 1278 1976 1314 Deo
2006 1286 2062 1315 est
2093 1279 2389 1317 attribuendum.
2411 1281 2491 1317 Hu-

1429 1326 1594 1364 iusmodi
1623 1336 1752 1366 autem
1771 1342 1862 1367 aves
1882 1330 2092 1379 specialiter
2112 1332 2381 1380 offerebantur,
2402 1334 2491 1382 quia

1427 1380 1616 1417 habentur
1652 1381 1689 1418 in
1723 1383 1833 1431 copia
1869 1383 1907 1420 in
1941 1391 2039 1420 terra
2065 1385 2340 1433 promissionis.
2370 1408 2392 1414 -
2423 1387 2490 1423 Se-

1427 1433 1574 1480 cundo,
1605 1434 1693 1482 quia
1720 1447 1790 1483 per
1822 1436 2126 1474 immolationem
2159 1438 2380 1475 huiusmodi
2413 1439 2490 1476 ani-

2520 500 2528 508 ·
2544 498 2610 520 Vers.
2625 499 2660 520 26.

1427 1486 1585 1523 malium
1617 1487 1758 1535 puritas
1793 1489 1929 1526 mentis
1962 1490 2190 1537 designatur.
2220 1492 2332 1539 Quia,
2362 1500 2403 1528 ut
2435 1493 2489 1529 di·
2520 1498 2525 1500 ‘

1427 1538 1521 1575 citur
1548 1539 1587 1576 in
1606 1541 1742 1578 Glossa
1760 1543 1879 1579 Levit.
1902 1543 1961 1589 1²¹²,
1986 1543 2143 1579 vitulum
2167 1544 2380 1593 offerimus,
2403 1557 2488 1582 cum

1426 1593 1552 1628 carnis
1577 1595 1792 1641 superbiam
1811 1596 2016 1640 vincimus,·
2043 1608 2206 1645 agnum,
2232 1609 2318 1634 cum
2341 1598 2490 1635 irratio-

1426 1645 1529 1681 nales
1561 1652 1683 1683 motus
1714 1649 1961 1698 corrigimus;
1986 1650 2160 1696 haedum,
2182 1662 2268 1687 cum
2294 1651 2489 1688 lasciviam

1425 1709 1667 1746 superamus‚·
1694 1706 1893 1748 turturem,
1923 1703 2012 1739 dum
2041 1703 2245 1740 castitatem
2272 1716 2468 1742 servamus
2477 1719 2491 1749 ,-

1420 1762 1542 1798 panes
1569 1764 1736 1800 azymos,
1765 1766 1851 1791 cum
1881 1755 1917 1791 in
1946 1756 2091 1804 azymis
2117 1757 2337 1794 sinceritatis
2364 1758 2489 1806 epula-

1428 1816 1526 1840 mur.
1557 1806 1598 1841 In
1628 1806 1807 1844 columba
1833 1820 1928 1844 vero
1955 1808 2199 1846 manifestum
2230 1818 2285 1847 est
2312 1812 2416 1859 quod
2444 1811 2490 1848 si-

1428 1857 1629 1904 gnificatur
1656 1859 1789 1896 caritas
1809 1866 1826 1888 ¹¹·
1854 1868 1890 1897 et
1917 1861 2135 1910 simplicitas
2164 1863 2312 1900 mentis.

1483 1911 1613 1948 Tertio
1642 1924 1748 1959 vero,
1770 1914 2003 1951 conveniens
2027 1914 2094 1951 fuit
2113 1915 2209 1952 haec
2236 1916 2414 1953 animalia
2437 1917 2491 1954 of-

1429 1963 1515 1999 ferri
1536 1963 1573 2000 in
1592 1965 1753 2012 figuram
1776 1966 1924 2004 Christi.
1941 1967 2052 2014 Quia,
2068 1976 2110 2004 ut
2133 1968 2171 2004 in
2196 1970 2331 2006 eadem
2354 1970 2491 2007 Glossa

1431 2016 1576 2063 dicitur,
1599 2019 1765 2055 Christus
1779 2019 1816 2056 in
1831 2020 1946 2057 vitulo
1966 2021 2136 2070 offertur,
2147 2028 2304 2070 propter
2317 2023 2491 2060 virtutem

1430 2070 1574 2114 crucis,·
1602 2070 1639 2107 in
1667 2083 1789 2120 agno,
1809 2079 1969 2121 propter
1995 2074 2246 2111 innocentiam
2255 2089 2270 2119 ,·
2297 2076 2334 2112 in
2362 2077 2490 2122 ariete,

1424 2129 1581 2171 propter
1589 2124 1844 2173 principatum
1849 2139 1863 2170 ;
1878 2127 1915 2163 in
1926 2127 2042 2172 hirco,
2048 2133 2206 2175 propter
2213 2129 2490 2166 similitudinem

1430 2177 1556 2212 carnis
1567 2178 1725 2224 peccati.
1754 2179 1800 2215 In
1824 2184 1970 2216 turture
1987 2186 2023 2216 et
2041 2181 2214 2217 columba
2241 2182 2405 2218 duarum
2425 2194 2492 2219 na-

1430 2234 1603 2266 turarum
1632 2231 1842 2268 coniunctio
1870 2234 2173 2270 monstrabatur.-
2200 2235 2263 2270 vel
2287 2234 2325 2271 in
2349 2242 2490 2272 turture

1431 2282 1590 2329 castitas,
1620 2283 1658 2319 in
1686 2285 1867 2321 columba
1894 2285 2027 2322 caritas
2055 2286 2296 2334 significatur.
2316 2289 2362 2324 In
2391 2289 2492 2325 simi-

1429 2334 1557 2384 lagine
1592 2338 1757 2384 aspersio
1795 2338 2022 2376 credentium
2048 2351 2122 2390 per
2151 2352 2292 2388 aquam
2320 2342 2495 2390 baptismi

1419 2389 1670 2437 figurabatur
1686 2396 1710 2426 V.

1484 2442 1544 2478 Ad
1558 2453 1718 2480 TERTlUM
1733 2455 1918 2482 chENDUM
1932 2445 2039 2492 quod
2053 2445 2188 2494 pisces,
2205 2446 2295 2494 quia
2310 2446 2348 2483 in
2364 2445 2493 2495 aquisE

1430 2494 1578 2540 vivunt,
1609 2496 1729 2543 magis
1762 2505 1850 2534 sunt
1877 2497 1988 2535 alieni
2017 2499 2065 2535 ab
2094 2499 2248 2536 homine
2278 2511 2393 2548 quam
2422 2500 2494 2537 alia

1431 2547 1621 2591 animalia,
1649 2561 1748 2597 quae
1775 2550 1912 2588 vivunt
1938 2551 1976 2588 in
2001 2564 2099 2598 aere,
2121 2552 2215 2588 sicut
2234 2560 2270 2589 et
2287 2554 2420 2590 homo.
2446 2554 2494 2589 Et

1426 2601 1566 2645 iterum
1586 2601 1721 2650 pisces,
1743 2615 1788 2639 ex
1807 2615 1907 2652 aqua
1928 2605 2091 2651 extracti,
2113 2605 2237 2641 statim
2259 2606 2491 2642 moriuntur:

1430 2655 1532 2699 unde
1561 2667 1639 2691 non
1667 2663 1843 2703 poterant
1881 2657 1919 2694 in
1947 2658 2090 2706 templo
2121 2657 2268 2704 offerri,
2298 2658 2393 2695 sicut
2421 2659 2492 2696 alia

1431 2707 1620 2744 animalia.

1484 2763 1542 2797 AD
1563 2773 1735 2803 QUARTUM
1753 2773 1938 2799 mmmmm
1957 2764 2063 2811 quod
2082 2763 2121 2800 in
2140 2763 2343 2800 turturibus
2362 2763 2493 2800 melio-

1432 2827 1491 2851 res
1515 2822 1602 2851 sunt
1620 2814 1785 2851 maiores
1804 2827 1921 2863 quam
1937 2816 2043 2864 pulli;
2063 2816 2099 2852 in
2117 2816 2303 2853 columbis
2323 2824 2451 2853 autem
2473 2829 2492 2853 e

1432 2879 1641 2904 converso..
1654 2868 1702 2904 Et
1729 2867 1829 2915 ideo,
1849 2876 1891 2905 ut
1909 2869 2034 2906 Rabbi
2053 2870 2209 2917 Moyses
2230 2869 2318 2906 dicit
2335 2869 2366 2916 *,
2387 2882 2494 2906 man-

1433 2921 1570 2957 dantur
1589 2920 1718 2957 offerri
1746 2929 1908 2958 turtures
1929 2930 1964 2958 et
1990 2922 2080 2970 pulli
2101 2923 2384 2959 columbarum:
2404 2922 2494 2971 quia

1431 2987 1548 3011 omne
1573 2975 1679 3023 quod
1699 2981 1755 3011 est
1773 2974 1973 3023 optimum,
1995 2976 2080 3011 Deo
2100 2982 2156 3011 est
2173 2975 2466 3012 attribuendum.

1485 3029 1544 3063 An
1564 3039 1727 3070 QuiNTUM
1745 3039 1929 3064 monimum
1948 3028 2053 3075 quod
2083 3028 2259 3064 animalia
2287 3028 2326 3065 in
2354 3028 2495 3065 sacrifi-

1432 3080 1534 3116 cium
1563 3081 1690 3117 oblata
1718 3080 1999 3127 occidebantur,
2030 3080 2117 3128 quia
2143 3080 2301 3117 veniunt
2323 3081 2362 3118 in
2379 3093 2494 3119 usum

1430 3133 1598 3169 hominis
1631 3132 1777 3179 occisa,
1806 3133 2017 3169 secundum
2052 3133 2156 3180 quod
2186 3145 2207 3170 a
2239 3134 2325 3170 Deo
2359 3134 2496 3172 dantur

1429 3186 1576 3222 homini
1595 3186 1643 3222 ad
1664 3197 1785 3222 esum.
1803 3186 1852 3221 Et
1869 3185 1956 3222 ideo
1978 3185 2092 3222 etiam
2112 3186 2188 3234 igni
2209 3187 2493 3225 cremabantur:

1430 3239 1517 3286 quia
1537 3250 1605 3286 per
1624 3238 1752 3285 ignem
1773 3239 1930 3275 decocta
1948 3238 2044 3275 fiunt
2063 3248 2150 3287 apta
2169 3239 2339 3277 humano
2359 3241 2456 3278 usui.

1433 3353 1584 3380 utebantur,
1603 3352 1801 3376 ancillabantur
1812 3351 1887 3381 AEF,
1906 3352 2066 3377 ancillebant
2081 3353 2109 3383 C,
2128 3353 2324 3378 ancillebantur
2335 3354 2411 3384 BDL,
2428 3361 2494 3388 spat.

1431 3395 1487 3412 vac.
1506 3387 1544 3417 ῦς
1564 3387 1644 3412 bobus
1662 3390 1751 3411 autem
1772 3388 1915 3412 utebantur
1932 3395 1986 3412 om.
2005 3388 2055 3420 pH.

1487 3422 1515 3456 μ)
1535 3422 1645 3447 caritas.
1662 3436 1681 3441 —
1698 3422 1808 3447 castitas
1827 3423 1928 3447 caritas
1947 3423 1993 3455 pC,
2012 3424 2124 3448 castitas
2143 3424 2189 3449 Pa.

1486 3459 1510 3488 ν)
1529 3457 1656 3489 aspersio.
1667 3474 1674 3482 .
1685 3475 1692 3482 .
1701 3458 1885 3490 figurabatur.
1903 3472 1922 3476 —
1939 3459 2162 3490 conspersionem.
2173 3477 2180 3485 .
2190 3478 2197 3485 .
2210 3460 2372 3493 figurabant
2385 3461 2494 3490 codices,

370 3488 400 3522 λ)
419 3491 506 3516 bobus.
524 3505 543 3510 -
561 3491 709 3516 hominibus
734 3492 786 3517 DF.
804 3505 823 3510 —
841 3492 890 3516 Pro
913 3496 1001 3517 autem
1015 3510 1021 3520 ,
1041 3492 1120 3516 etiam
1146 3492 1203 3516 PsH
1229 3498 1254 3517 et
1278 3499 1308 3522 a;
1334 3500 1380 3525 pro
1433 3494 1638 3524 aspersionem..
1650 3493 1835 3526 figurabatur
1854 3494 1894 3518 ed.
1912 3501 1939 3518 a.

1488 3526 1511 3560 ξ)
1531 3528 1593 3560 quia
1613 3528 1639 3552 in
1658 3529 1743 3560 aquis.
1760 3542 1780 3547 —
1798 3529 1843 3560 qui
1862 3529 1888 3553 in
1907 3536 1978 3562 aqua
1996 3530 2042 3554 Pa.
2058 3543 2077 3549 —
2096 3530 2208 3555 Eaedem
2227 3539 2275 3563 pro
2293 3531 2355 3559 alia,
2374 3535 2470 3556 cetera.

2517 1556 2524 1564 ·
2535 1554 2627 1580 Isidori,
2636 1554 2658 1575 in
2670 1554 2732 1581 prin-

2516 1581 2561 1608 cip.
2577 1581 2638 1602 libri.

2521 2877 2529 2886 ·
2535 2876 2603 2898 Doct.
2614 2876 2730 2904 Perplex„

2521 2906 2580 2930 part.
2589 2903 2628 2929 111,
2640 2909 2660 2924 c.
2671 2909 2732 2924 xcvi.
