2840 4010
115 362 124 370 '¹
140 360 167 382 D.
183 359 233 386 679.

117 468 126 477 ·
140 467 190 488 Art.
205 472 220 487 ι.

116 834 124 842 ·
140 832 206 853 Vcrs.
222 838 253 859 25.

116 984 124 992 ·
139 982 205 1003 Vers.
221 981 256 1003 26.

115 1196 123 1205 ·
140 1195 204 1216 Vers.
220 1201 251 1221 ¹4·

116 2092 123 2099 ·
147 2090 197 2111 Art.
220 2095 239 2111 2.
259 2101 269 2106 -
288 2090 322 2112 Cf.

101 2117 247 2144 ‚Commenn
260 2122 323 2137 num.

358 169 430 204 308

355 245 492 282 auxilio
508 246 658 293 gratiae,
671 245 778 293 quasi
794 245 920 293 aliquo
936 243 1008 280 alio
1024 242 1155 279 habitu
1170 243 1306 279 infuso.
1319 241 1416 278 Indi-

354 305 415 346 get
429 306 556 334 tamen
572 298 710 335 auxilio
726 297 865 346 gratiae
883 296 1092 333 secundum
1110 295 1223 331 alium
1239 294 1415 342 modum,

355 358 395 387 ut
423 350 601 387 sciliceta
625 351 710 386 Deo
738 357 939 386 moveatur
967 348 1016 384 ad
1044 354 1143 384 recte
1172 347 1363 394 agendum
1382 346 1413 383 ²¹⁸.

408 403 456 439 Et
492 403 567 439 hoc
594 409 749 450 propter
778 402 866 438 duo.
897 400 1025 437 Primo
1055 399 1234 447 quidem,
1272 398 1415 436 ratione

355 455 539 503 generali:
570 462 723 503 propter
746 455 819 490 hoc
839 453 954 501 quod,
976 452 1071 489 sicut
1098 464 1211 500 supra
1229 451 1249 473 ’¹‘
1272 451 1415 502 dictum

356 515 421 553 est,
442 508 542 543 nulla
563 519 620 542 res
641 513 764 542 creata
786 513 912 553 potest
930 505 967 541 in
988 516 1272 553 quemcumque
1287 512 1414 542 actum

353 559 504 608 prodire
527 559 597 594 nisi
615 559 752 595 virtute
778 558 956 594 motionis
977 557 1138 594 divinae.
1169 578 1192 584 —
1222 557 1414 604 Secundo,

355 612 499 648 ratione
528 611 691 659 speciali,
720 617 875 659 propter
912 609 1169 648 conditionem
1198 617 1316 647 status
1347 610 1416 647 hu-

354 675 491 700 manae
519 671 687 700 naturae.
718 663 828 709 Quae
857 663 1014 711 quidem
1047 662 1132 700 licet
1162 675 1231 711 per
1259 662 1415 710 gratiam

353 723 505 752 sanetur
524 723 709 763 quantum
738 716 786 752 ad
815 723 996 763 mentem,
1026 722 1195 753 remanet
1221 723 1350 752 tamen
1377 715 1414 752 in

354 780 398 804 ea
424 769 615 816 corruptio
635 776 672 805 et
699 768 849 805 infectio
870 776 1056 817 quantum
1077 769 1125 805 ad
1155 779 1319 815 carnem,
1348 780 1417 817 per

353 833 468 868 quam
497 821 611 858 servit
629 821 706 871 legi
717 822 875 869 peccati,
905 829 946 858 ut
966 821 1099 858 dicitur
1117 821 1169 858 ad
1185 821 1297 858 Rom.
1319 832 1366 858 vn
1383 821 1412 858 ⁸.

353 874 542 910 Remanet
579 873 692 910 etiam
711 874 902 923 quaedam
935 874 1168 922 ignorantiae
1207 874 1416 911 obscuritas

353 925 391 962 in
424 926 627 972 intellectu,
662 927 874 964 secundum
907 939 1038 975 quam,
1067 935 1108 964 ut
1134 926 1246 964 etiam
1281 925 1416 964 dicitur

352 980 464 1015 Rom.
485 979 597 1026 Vl11*,
627 980 717 1027 quid
742 991 892 1016 oremus
918 980 1014 1016 sicut
1040 985 1193 1028 oportet,
1219 980 1414 1016 nescimus.

353 1032 515 1080 Propter
527 1032 653 1069 varios
674 1032 773 1069 enim
795 1044 921 1069 rerum
943 1041 1114 1079 eventus,
1127 1040 1172 1069 ⁴et
1190 1032 1279 1080 quia
1303 1032 1414 1069 etiarn

354 1084 529 1133 nosipsos
545 1097 623 1122 non
638 1085 804 1134 perfecte
820 1085 1098 1133 cognoscimus,
1115 1097 1194 1122 non
1209 1096 1415 1133 possumus

354 1137 401 1174 ad
429 1137 585 1185 plenum
613 1138 705 1174 scire
732 1138 823 1185 quid
851 1138 961 1175 nobis
987 1138 1175 1186 expediat;
1202 1137 1414 1174 secundum

355 1189 445 1226 illud
476 1190 562 1238 Sap.
593 1202 628 1226 ix
646 1189 681 1226 *τ
717 1191 968 1239 Cogitationes
1000 1190 1217 1227 mortalium
1246 1189 1415 1236 timidae,

353 1247 390 1278 et
416 1243 579 1279 incertae
603 1243 864 1290 providentiae
891 1249 1051 1279 nostrae.
1082 1243 1130 1279 Et
1150 1242 1237 1279 ideo
1258 1254 1414 1279 necesse

353 1302 409 1330 est
437 1295 546 1331 nobis
575 1303 616 1331 ut
635 1307 657 1331 a
676 1295 762 1332 Deo
789 1295 992 1343 dirigamur
1017 1303 1054 1332 et
1077 1303 1331 1344 protegamur,
1352 1295 1416 1343 qui

353 1348 483 1384 omnia
499 1347 610 1395 ¹novit
626 1355 662 1384 et
676 1347 806 1384 omnia
825 1355 961 1397 potest.
974 1348 1023 1384 Et
1041 1355 1199 1397 propter
1211 1347 1286 1384 hoc
1302 1347 1414 1384 etiam

353 1400 488 1436 renatis
507 1400 544 1437 in
569 1400 668 1438 filios
688 1400 760 1438 Dei
785 1413 854 1450 per
877 1400 1049 1449 gratiam,
1076 1400 1255 1438 convenit
1279 1400 1415 1448 dicere,

405 1517 430 1550 β)
450 1526 570 1544 vacuum.
589 1533 607 1538 -
626 1527 724 1544 vanum
743 1520 789 1544 Pa.

1045 164 1311 211 QUAESTIO
1341 164 1443 210 CIX,
1473 164 1768 201 ARTICULUS
1797 165 1850 201 IX

1469 243 1521 278 Et
1549 253 1597 279 ne
1628 254 1694 279 nos
1722 243 1877 279 inducas
1905 244 1942 280 in
1975 246 2229 292 tentationem,
2259 252 2307 294 et,
2344 246 2432 283 Fiat
2465 257 2530 282 vo-

1470 294 1593 331 luntas
1612 301 1675 332 tua
1694 295 1789 332 sicut
1806 295 1843 332 in
1865 296 1968 332 caelo
1988 301 2024 333 et
2046 297 2083 333 in
2103 302 2216 344 terra,
2238 306 2274 335 et
2288 306 2412 336 cetera
2431 310 2528 347 quae

1469 347 1508 384 in
1541 348 1709 385 oratione
1738 347 1943 386 Dominica
1976 348 2214 387 continentur
2241 348 2290 388 ad
2316 351 2392 388 hoc
2417 351 2528 400 perti·
2556 351 2567 361 '

1469 399 1607 437 nentia.

1522 455 1582 489 AD
1611 465 1747 490 PtuMUM
1777 464 1874 490 ERGO
1903 465 2087 490 mesanum
2114 454 2219 502 quod
2246 454 2394 492 donum
2422 455 2529 544 habei-

1470 506 1578 542 tualis
1615 506 1754 553 gratiae
1792 517 1870 542 non
1903 507 1950 543 ad
1987 507 2062 543 hoc
2099 506 2210 543 datur
2244 506 2354 543 nobis
2382 505 2429 558 'ut

1469 558 1595 608 ipsum
1633 570 1711 595 non
1748 558 1986 607 indigeamus
2020 558 2175 596 ulterius
2209 557 2339 596 divino
2369 571 2392 596 a
2482 571 2527 611 o:

1469 610 1610 658 indiget
1637 611 1739 648 enim
1763 610 1954 659 quaelibet
1978 619 2148 649 creatura
2172 619 2213 648 ut
2231 624 2253 648 a
2272 610 2357 648 Deo
2379 606 2529 650 conser-

1469 671 1580 700 vetur
1607 662 1646 700 in
1675 664 1778 700 bono
1807 663 1913 723 quod
1940 665 1989 701 ab
2017 664 2102 713 ipso
2130 664 2285 712 accepit.
2314 665 2364 702 Et
2391 664 2480 702 ideo
2498 665 2529 703 si

1470 723 1557 764 post
1585 723 1780 764 acceptam
1809 716 1966 763 gratiam
1994 717 2115 754 homo
2144 718 2270 754 adhuc
2298 716 2439 764 indiget
2475 717 2529 754 di-

1470 769 1561 805 vino
1591 768 1739 814 auxilio,
1770 780 1848 804 non
1876 777 2000 817 potest
2027 770 2201 807 concludi
2222 770 2326 818 quod
2347 770 2465 818 gratia
2483 768 2529 807 sit

1470 821 1507 858 in
1533 833 1701 859 vacuum
1722 819 1737 849 β
1763 821 1860 868 data,
1880 821 1943 858 vel
1972 823 2076 870 quod
2101 822 2147 860 sit
2166 822 2398 871 imperfecta.
2421 821 2529 870 ¹Quia

1471 874 1584 911 etiam
1605 874 1643 910 in
1662 881 1758 910 statu
1786 873 1939 921 gloriae,
1969 873 2124 924 quando
2146 876 2265 922 gratia
2285 874 2351 912 erit
2370 875 2528 919 omnino

1470 927 1646 975 perfecta,
1675 927 1795 962 homo
1825 925 1955 963 divino
1983 927 2121 965 auxilio
2149 928 2339 976 indigebit.
2371 928 2444 965 Hic
2460 939 2530 973 au-

1470 987 1548 1016 tem
1577 979 1784 1027 aliqualiter
1810 979 1927 1026 gratia
1954 979 2176 1028 imperfecta
2203 987 2270 1027 est,
2300 981 2528 1028 inquantum

1470 1032 1668 1069 hominem
1698 1043 1776 1068 non
1804 1031 1965 1068 totaliter
1991 1039 2110 1078 sanat,
2138 1039 2180 1069 ut
2198 1033 2341 1070 dictum
2371 1042 2427 1070 est
2443 1033 2474 1070 *.

1524 1087 1582 1121 AD
1611 1096 1799 1122 SECUNDUM
1829 1095 2013 1122 DICENDUM
2042 1085 2147 1134 quod
2175 1086 2346 1145 operatio
2366 1076 2529 1145 Spiritus

1472 1137 1599 1175 Sancti
1633 1149 1708 1187 qua
1727 1142 1742 1164 Ὺ
1770 1149 1840 1174 nos
1867 1145 2000 1175 movet
2020 1145 2056 1175 et
2074 1145 2248 1186 protegit,
2269 1151 2352 1177 non
2360 1139 2529 1185 circum-

1470 1189 1644 1227 scribitur
1671 1202 1739 1238 per
1774 1189 1952 1229 effectum
1990 1190 2192 1229 habitualis
2228 1191 2319 1229 doni
2353 1192 2459 1240 quod
2489 1192 2530 1230 in

1471 1243 1581 1280 nobis
1602 1250 1746 1287 causat3
1775 1242 1843 1279 sed
1862 1249 2011 1291 praeter
2025 1243 2135 1280 hunc
2154 1243 2335 1280 effectum
2353 1251 2427 1281 nos
2443 1255 2530 1282 tuo-'-

1470 1303 1533 1332 vet
1561 1303 1597 1332 et
1623 1295 1799 1344 protegit,
1830 1295 1941 1332 simul
1971 1307 2059 1332 cum
2088 1296 2212 1332 Patre
2229 1300 2265 1332 'et
2289 1291 2423 1333 Fttidt
2515 1300 2523 1305 ’

1523 1350 1582 1385 An
1602 1360 1760 1385 TEanJM
1789 1359 1972 1386 memnon
2001 1347 2107 1398 quod
2135 1348 2228 1386 ratio
2258 1347 2318 1386 illa
2342 1335 2533 1409 conciudst

1471 1401 1577 1449 quod
1604 1402 1723 1438 homo
1753 1413 1832 1438 non
1858 1401 2023 1449 indigeat
2049 1401 2123 1443 alia
2149 1401 2329 1439 habituali
2348 1398 2502 1450 gratia

2473 1476 2524 1494 ww

1521 1519 1550 1554 γ)
1569 1527 1630 1552 qua.
1647 1533 1666 1539 —
1684 1520 1747 1552 quia
1765 1520 1794 1549 Β,
1813 1526 1880 1552 quae
1897 1519 1927 1544 Ρ.

1033 1599 1366 1631 Commentarios
1386 1599 1636 1632 cardinalis
1659 1599 1858 1632 Caietani

382 1699 402 1718 N
415 1688 545 1718 articulo
563 1697 650 1718 nono
667 1687 808 1718 eiusdem
826 1687 1019 1728 quaestionis
1035 1687 1336 1723 centesimaenonae,
1353 1687 1413 1718 due

355 1701 471 1762 Ibium
496 1731 631 1762 occurrit
654 1732 691 1762 de
716 1731 798 1761 tituli
820 1738 850 1762 et
870 1731 1084 1762 conclusionis
1107 1731 1288 1772 principalis
1309 1741 1414 1761 sensu.

352 1777 458 1806 Potest
482 1775 638 1816 siquidem
662 1775 822 1815 tripliciter
845 1776 985 1815 intelligi.
1010 1775 1127 1808 Primo.
1146 1782 1181 1806 ut
1199 1775 1239 1806 sit
1254 1784 1358 1805 sermo
1375 1775 1414 1806 de

352 1821 438 1850 bono
470 1819 582 1849 morali
613 1829 667 1849 seu
691 1819 853 1850 meritorio
872 1819 1042 1850 indefinite.
1064 1820 1104 1850 Et
1123 1827 1199 1850 tunc
1219 1826 1299 1850 esset
1319 1829 1414 1860 quae-

352 1864 412 1894 stio
437 1870 544 1894 utrum
573 1863 672 1903 possit
695 1864 825 1904 aliquod
854 1864 976 1894 bonum
1001 1863 1161 1894 moraliter
1182 1863 1232 1894 vel
1256 1862 1414 1894 meritorie

353 1908 492 1948 operari:
518 1914 548 1937 et
577 1907 740 1938 conclusio
765 1915 810 1938 est
833 1908 922 1948 quod
950 1918 1027 1938 non.
1051 1908 1091 1938 Et
1115 1907 1166 1938 hic
1189 1917 1316 1944 sensus,
1344 1907 1417 1939 licet

352 1951 528 1982 Thomistis
552 1951 744 1991 quibusdam
767 1952 955 1991 apparuerit,
981 1951 1206 1991 accipientibus
1230 1951 1303 1982 hiric
1326 1951 1417 1991 quod

352 1996 442 2035 apud
450 1998 623 2026 Auctorem
634 1995 734 2026 homo
751 1996 817 2026 sine
833 1996 959 2036 speciali
975 1995 1092 2026 auxilio
1110 2005 1176 2026 non
1193 2002 1298 2035 potest
1312 1995 1415 2036 quod-

353 2050 491 2080 cumque
515 2049 597 2079 opus
621 2040 782 2070 moraliter
810 2040 934 2070 bonum
958 2039 1073 2077 facere,
1099 2039 1196 2070 falsus
1220 2047 1325 2071 tamen
1351 2045 1414 2071 est:

353 2084 426 2124 quia
449 2083 549 2113 homo
567 2090 596 2113 et
613 2083 678 2113 sine
702 2084 808 2123 gratia,
834 2090 869 2114 ut
886 2084 1001 2124 prius*
1017 2085 1188 2124 probatum
1212 2083 1286 2120 fuit,
1311 2090 1415 2123 potest

353 2128 481 2168 aliquod
505 2137 587 2167 opus
612 2128 772 2158 moraliter
795 2129 919 2158 bonum
938 2127 1053 2164 facere;
1077 2135 1108 2158 et
1131 2128 1163 2158 in
1182 2127 1280 2167 gratia
1299 2127 1415 2158 consti-

352 2179 438 2202 tutus
463 2171 556 2202 habet
585 2172 687 2211 ipsam
715 2172 847 2211 gratiam
875 2179 1039 2203 sanantem
1063 2179 1093 2202 et
1116 2173 1308 2208 elevantem,
1333 2181 1415 2212 quae

353 2222 398 2246 est
421 2222 534 2255 potens
558 2215 680 2255 operari
711 2226 807 2256 opera
834 2217 920 2247 bona
943 2216 1038 2247 etiam
1061 2216 1231 2247 meritorie.
1263 2215 1304 2246 Et
1326 2216 1416 2256 quod

353 2260 429 2290 haec
452 2259 491 2290 sit
514 2269 603 2290 mens
625 2260 774 2290 Auctoris
798 2269 834 2290 ex
857 2260 919 2291 hoc
943 2267 1037 2300 patet,
1062 2261 1152 2301 quod
1176 2259 1255 2290 ratio
1273 2260 1414 2300 indigen-

354 2304 413 2334 tiae
426 2303 567 2343 specialis
582 2303 688 2334 auxilii
701 2304 780 2334 ultra
793 2303 933 2343 gratiam,
950 2304 1080 2344 ponitur
1094 2303 1258 2335 infirmitas
1270 2303 1303 2334 in
1314 2314 1415 2341 carne,

354 2347 527 2378 obscuritas
549 2348 581 2378 in
603 2347 780 2378 intellectu:
806 2355 928 2379 constat
947 2354 1053 2379 autem
1070 2348 1159 2389 quod
1178 2358 1235 2379 nec
1251 2347 1416 2379 infirmitas
1437 2383 1439 2386 .

354 2391 453 2421 carnis
477 2401 534 2421 nec
557 2391 730 2422 obscuritas
750 2392 782 2422 in
807 2392 967 2423 intellectu
996 2398 1082 2422 tanta
1102 2399 1157 2428 est,
1179 2399 1234 2422 aut
1257 2392 1416 2423 intantum

353 2435 437 2475 viget
460 2442 490 2465 et
513 2435 697 2472 extenditur,
722 2443 759 2466 ut
781 2436 932 2476 impediat
955 2436 1120 2466 hominem
1139 2436 1171 2466 in
1186 2436 1285 2476 gratia
1300 2436 1415 2468 consti·

354 2486 459 2510 tutum
474 2489 492 2510 a
508 2479 651 2520 quolibet
670 2480 757 2510 bono
781 2489 893 2520 opere;
918 2491 992 2511 cum
1016 2480 1180 2511 manifeste
1201 2487 1306 2520 pateat
1327 2481 1416 2521 quod

355 2533 411 2554 nec
434 2523 599 2554 existentes
622 2523 655 2554 in
678 2531 807 2564 peccato
837 2525 963 2555 mortali
991 2524 1209 2565 impediuntur
1231 2535 1249 2555 a
1272 2524 1416 2565 quolibet

355 2567 441 2598 bono
466 2577 570 2607 opere.

410 2611 446 2643 Il.
471 2611 628 2647 Secundo,
653 2618 688 2642 ut
704 2612 743 2642 sit
758 2622 862 2642 sermo
879 2612 917 2642 de
933 2612 1020 2642 bono
1037 2619 1067 2643 et
1088 2613 1173 2642 malo
1191 2611 1414 2644 universaliter.

355 2655 395 2685 Et
417 2662 493 2686 runc
518 2662 598 2686 esset
621 2656 765 2696 quaestio
789 2662 898 2687 utrum
921 2655 1021 2686 homo
1041 2656 1073 2686 in
1090 2656 1188 2696 gratia
1204 2657 1305 2696 possit
1319 2665 1416 2687 omne

355 2708 450 2730 suum
473 2709 555 2739 opus
580 2699 680 2730 facere
703 2700 825 2730 bonum
850 2707 880 2730 et
903 2710 999 2730 omne
1018 2701 1140 2730 malurn
1154 2700 1268 2731 vitare:
1292 2707 1323 2731 et
1340 2709 1417 2731 con-

356 2743 455 2774 clusio
480 2750 560 2774 esset
583 2744 736 2784 negativa.
761 2744 803 2775 Et
821 2744 872 2775 hic
888 2754 1008 2780 sensus,
1025 2745 1097 2775 licet
1112 2745 1276 2776 claudatur
1292 2744 1324 2777 in
1341 2754 1415 2776 con-

357 2787 496 2818 clusione
520 2787 614 2819 huius
635 2787 766 2824 articuli,
784 2798 849 2818 non
873 2795 978 2819 tamen
994 2789 1117 2820 videtur
1134 2788 1248 2820 directe
1267 2788 1414 2820 intentus.

356 2831 442 2860 Tum
464 2831 538 2871 quia
554 2831 689 2862 rationes
713 2832 832 2862 litterae
848 2842 913 2862 non
930 2833 1064 2864 tendunt
1079 2833 1118 2863 ad
1133 2833 1195 2865 hoc
1211 2833 1299 2873 quod
1315 2833 1416 2865 homo

358 2884 421 2904 non
446 2882 549 2914 potest
573 2885 638 2906 esse
663 2876 729 2906 sine
753 2876 867 2906 veniali
892 2876 999 2917 aliquo
1024 2883 1097 2917 post
1123 2883 1327 2907 consecutam
1349 2884 1417 2917 gra-

357 2917 442 2948 tiam.
458 2919 546 2949 Tum
570 2919 645 2960 quia
663 2920 695 2950 in
719 2919 863 2960 sequenti
886 2920 1017 2951 articulo
1039 2931 1075 2951 ex
1092 2920 1250 2951 decisione
1266 2920 1356 2952 istius
1371 2931 1418 2951 ar-

357 2962 444 2992 ticuli
469 2963 668 2994 concluditur
685 2964 774 3004 quod
797 2964 898 2994 homo
915 2964 982 2995 sine
998 2964 1125 3004 speciali
1142 2965 1259 2995 auxilio
1275 2965 1334 2995 Dei
1351 2974 1417 2996 non

358 3012 461 3044 potest
484 3006 580 3037 vitare
604 3008 735 3038 mortale
758 3015 832 3048 post
856 3015 1060 3039 consecutam
1083 3008 1234 3048 gratiam,
1258 3009 1334 3049 quia
1349 3015 1420 3049 ega

359 3049 414 3079 illo
438 3050 478 3080 ad
501 3053 764 3090 perseverandum
794 3052 827 3082 in
855 3052 967 3092 gratia,
992 3063 1073 3094 quae
1097 3063 1164 3083 non
1195 3053 1337 3103 perditur
1358 3052 1420 3085 nisi

359 3103 414 3132 per
436 3094 577 3125 mortale.
603 3095 676 3126 Non
694 3095 788 3135 igitur
805 3103 864 3127 stat
879 3096 926 3127 vis
941 3097 1063 3128 articuli
1082 3097 1201 3128 huius'
1193 3107 1226 3128 in
1242 3107 1420 3138 praeserva-

360 3135 445 3167 tione
469 3148 486 3167 a
509 3139 594 3168 malo
622 3139 753 3175 veniali,
767 3141 832 3174 sed
856 3141 895 3170 ad
920 3141 991 3182 plus
1022 3140 1194 3181 indigentia
1221 3141 1290 3172 talis
1314 3140 1420 3172 auxilii

361 3181 482 3211 extendi
506 3181 629 3213 dicitur.

416 3224 466 3254 111.
491 3225 611 3261 Tertio,
637 3233 740 3266 potest
758 3227 888 3267 intelligi
912 3228 1022 3259 titulus
1038 3236 1068 3259 et
1089 3229 1252 3260 conclusio
1272 3228 1419 3269 simplici-

361 3273 415 3302 ter,
439 3267 518 3299 idest
541 3270 659 3310 absque
682 3271 942 3302 determinatione
970 3272 1091 3312 aliqua:
1117 3280 1153 3304 ut
1180 3273 1220 3304 sit
1248 3282 1352 3304 sermo
1379 3273 1418 3304 de

1468 1688 1556 1718 bono
1580 1697 1723 1718 consono
1747 1687 1861 1727 gratiae
1885 1694 1916 1718 et
1943 1688 2028 1718 malo
2053 1687 2227 1718 dissonanti
2249 1686 2328 1730 (hoc
2348 1689 2435 1719 enim
2457 1686 2530 1720 sub-

1468 1731 1599 1772 intelligi
1622 1738 1707 1772 patet
1729 1732 1852 1762 ratione
1875 1731 2034 1762 subiectae
2056 1731 2204 1763 materiae
2221 1732 2260 1762 de
2274 1731 2530 1777 qunti-actum}

1470 1782 1500 1806 et
1523 1776 1562 1806 de
1586 1775 1768 1816 operatione
1792 1776 1868 1806 boni
1893 1782 1924 1806 et
1942 1775 2093 1806 vitatione
2108 1774 2183 1806 mali
2200 1785 2266 1806 non
2282 1776 2325 1806 ad
2341 1776 2467 1807 horam
2475 1781 2532 1808 uin

1469 1827 1612 1859 respectu
1628 1820 1732 1850 huius.
1750 1820 1823 1850 Hoc
1840 1820 1934 1850 etiam
1951 1819 2142 1859 subintelligi
2157 1826 2244 1860 patet
2257 1830 2294 1850 ex
2310 1829 2349 1850 eo
2362 1821 2450 1861 quod
2465 1830 2548 1852 non·

1470 1862 1584 1894 dicitur
1607 1863 1789 1904 simpliciter
1811 1863 1925 1904 aliquis
1948 1871 2062 1903 potens
2086 1864 2259 1901 ambulare,
2283 1864 2340 1905 qui
2362 1871 2468 1904 potest
2489 1865 2530 1896 ad

1469 1908 1597 1944 horam,
1622 1915 1677 1938 aut
1699 1908 1731 1937 in
1755 1908 1871 1938 solario
1895 1908 1992 1948 plano
2016 1908 2187 1938 ambulare.
2217 1908 2258 1938 Et
2279 1915 2355 1939 tunc
2378 1908 2411 1938 in
2434 1919 2531 1950 quae-

1469 1949 1571 1982 stione
1593 1958 1733 1982 versatur
1757 1962 1796 1981 an
1820 1952 1919 1982 horno
1945 1958 2134 1982 consecutus
2157 1951 2298 1991 gratiam,
2323 1953 2407 1983 bona
2435 1962 2531 1994 opera

1469 2006 1552 2037 quae
1577 1996 1730 2026 continuo
1754 1995 1827 2026 facit
1850 2003 1881 2027 et
1903 1996 1987 2026 mala
2002 2005 2084 2036 quae
2099 1996 2186 2032 vitat,
2207 2005 2273 2027 non
2289 1996 2345 2027 hic
2364 2003 2419 2028 aut
2432 2006 2529 2033 nunc,

1468 2040 1524 2070 sed
1548 2040 1700 2075 absolute,
1724 2046 1873 2080 operetur
1896 2046 1927 2070 et
1949 2039 2026 2070 vitet
2048 2049 2085 2070 ex
2109 2040 2176 2070 sola
2199 2040 2297 2080 gratia
2310 2039 2475 2078 habituali,
2491 2051 2532 2072 an

1470 2094 1507 2114 ex
1526 2083 1651 2123 speciali
1675 2083 1769 2114 etiarn
1793 2083 1910 2114 auxilio
1934 2084 2003 2114 Dei.
2028 2083 2069 2114 Et
2084 2084 2134 2114 hic
2151 2093 2262 2114 sensus
2276 2090 2324 2115 est
2337 2084 2476 2115 intentus
2492 2085 2533 2115 ab*

1470 2130 1618 2163 Auctore,
1637 2134 1666 2158 et
1681 2128 1851 2167 respondet
1865 2129 1962 2168 plano
1978 2127 2085 2159 sensui
2099 2128 2229 2159 litterae.
2249 2128 2292 2159 Et
2305 2135 2352 2159 est
2367 2128 2532 2160 conclusio

1470 2172 1613 2212 negativa
1637 2172 1669 2201 in
1686 2172 1803 2202 littera:
1828 2173 1917 2212 quod
1941 2172 2058 2203 scilicet
2079 2172 2180 2203 homo
2204 2182 2260 2212 per
2282 2172 2390 2203 solum
2408 2173 2533 2204 donum

1469 2216 1585 2256 gratiae
1609 2225 1675 2246 non
1698 2222 1817 2255 potest
1825 2216 1948 2256 operari
1973 2217 2059 2247 bona
2081 2217 2242 2256 operanda
2271 2222 2313 2247 et:
2322 2216 2449 2249 vnn&
2464 2256 2466 2258 v

1469 2260 1614 2295 vitanda,
1638 2260 1693 2290 sed
1716 2260 1756 2290 ad
1774 2260 1837 2290 hoc
1854 2267 1924 2300 eget
1937 2260 2064 2300 speciah
2081 2260 2201 2293 auxilio
2214 2260 2286 2293 Dei
2295 2253 2382 2294 ultra
2448 2259 2451 2261 Δ
2482 2259 2484 2265 ’

1471 2303 1511 2335 Et
1533 2303 1612 2335 ratio
1636 2304 1754 2335 litterae
1778 2311 1824 2334 est
1847 2304 1922 2345 quia
1939 2304 2039 2344 gratia
2053 2314 2119 2335 non
2136 2304 2189 2336 dat
2203 2298 2380 2353 quidquid

1470 2348 1509 2378 ad
1525 2347 1602 2378 haec
1615 2347 1695 2378 duo:
1713 2358 1786 2378 narn
1803 2348 1954 2389 relinquit
1971 2357 2098 2379 carnem
2113 2347 2272 2379 infirmam
2291 2355 2322 2379 et
2388 2350 2391 2353 “

1470 2392 1653 2427 obscurum,
1667 2391 1782 2432 quibus
1800 2391 1859 2422 nisi
1875 2392 2002 2432 speciali
2017 2390 2076 2423 Dei
2091 2391 2209 2423 auxilio
2221 2391 2434 2429 subveniatur,
2440 2392 2463 2423 Ἰ

1468 2442 1518 2467 tot
1541 2436 1753 2471 occurrentia,
1778 2435 1943 2467 infirmitas
1974 2436 2074 2466 carnis
2103 2442 2135 2467 et
2157 2436 2332 2467 obscuritas
2356 2436 2515 2468 intonata

1470 2479 1605 2513 abducet
1626 2479 1761 2510 liberum
1785 2480 1949 2511 arbitrium
1964 2490 1986 2511 ι·
1997 2480 2106 2520 grstia,
2129 2480 2274 2512 tonando
2289 2489 2385 2511 usum
2404 2481 2530 2521 gratiae,

1470 2531 1502 2556 et
1519 2524 1672 2555 trahendo
1696 2524 1734 2553 ad
1757 2523 1882 2555 infirma
1898 2524 1999 2556 carnis
2021 2531 2052 2556 et
2069 2523 2264 2564 expedientia
2285 2525 2463 2557 secundum
2477 2534 2532 2566 ap·

1470 2568 1643 2610 parentiam
1667 2567 1783 2598 infirmi
1805 2568 1902 2599 visus.
1926 2568 2013 2600 Cum
2035 2578 2102 2610 quo
2118 2575 2226 2599 tamen
2244 2574 2307 2599 stat
2327 2569 2414 2609 quod
2430 2566 2532 2606 homo

1471 2622 1507 2643 ex
1531 2612 1598 2642 sola
1620 2612 1717 2652 gratia
1741 2618 1845 2652 potest
1868 2613 1936 2653 ipsa
1958 2612 2056 2653 gratia
2072 2611 2128 2648 uti,
2145 2612 2225 2642 bene
2241 2611 2385 2643 faciendo
2402 2619 2433 2643 et
2448 2611 2532 2644 mala

1469 2656 1609 2692 vitando,
1634 2666 1718 2686 nunc
1743 2663 1773 2687 et
1796 2656 1836 2686 ad
1859 2657 1930 2687 hoc.

1530 2700 1581 2730 1V.
1603 2700 1642 2730 Et
1665 2701 1759 2730 debes
1783 2701 1860 2731 scire
1883 2701 1982 2741 quod,
2007 2700 2080 2730 licet
2103 2700 2236 2730 minima
2259 2700 2356 2740 gratia
2375 2699 2533 2731 sufficiens

1470 2744 1520 2780 sit,
1539 2750 1695 2784 quantum
1719 2751 1765 2775 est
1783 2754 1820 2775 ex
1835 2754 1877 2780 se,
1894 2744 2036 2776 resistere
2052 2744 2204 2776 omnibus
2219 2744 2451 2784 emergentibus
2463 2751 2533 2776 tam

1472 2798 1508 2819 ex
1531 2787 1712 2819 infirmitate
1736 2789 1836 2819 carnis
1851 2798 1950 2829 quam
1973 2798 2010 2820 ex
2029 2788 2219 2820 obscuritate
2242 2788 2434 2826 imeuecnm
2453 2797 2534 2829 quc

1471 2839 1588 2868 tamen,
1613 2833 1716 2872 posita
1731 2833 1763 2862 in
1783 2832 1837 2863 tali
1856 2832 2007 2873 subiecto,
2032 2842 2097 2864 non
2121 2832 2205 2864 tollit
2225 2832 2302 2864 haec
2324 2833 2390 2870 duo
2405 2831 2464 2876 sibi
2478 2832 2533 2881 ὲῤ-

1471 2876 1639 2911 versantia;
1662 2875 1736 2906 ideo
1761 2883 1830 2917 eget
1858 2876 1953 2907 etiam
1981 2876 2155 2908 extrinseco
2185 2873 2303 2908 auxilio
2328 2875 2445 2918 homo
2454 2875 2535 2916 intei-

1472 2919 1549 2951 haec
1572 2920 1727 2950 contraria
1751 2920 1951 2957 constitutus,
1977 2927 2012 2951 ut
2031 2927 2183 2961 sequatur
2197 2919 2415 2961 operationem
2431 2912 2534 2950 Βὸπὺὶ

1473 2973 1545 2995 rum
1569 2971 1600 2995 et
1621 2964 1807 2994 vitationem
1827 2965 1996 3000 malorum,
2021 2972 2059 2996 ut
2079 2973 2145 2995 non
2169 2964 2303 2996 declinet
2324 2965 2393 3004 ipse
2403 2964 2445 2995 iri·
2452 2964 2535 2995 Bate

1474 3008 1638 3040 contraria.
1661 3008 1703 3039 Et
1725 3008 1751 3038 si
1774 3009 2007 3048 contemplatus
2029 3008 2125 3039 fueris
2145 3009 2234 3059 quod
2254 3008 2432 3040 0bscuritu
2441 3007 2534 3040 inoeb

1471 3053 1572 3085 lectus
1596 3059 1642 3083 est
1665 3052 1853 3092 ignorantia
1865 3053 2099 3093 expedientium
2122 3053 2163 3084 ad
2184 3052 2284 3084 vitam
2302 3059 2474 3092 aeternam„
2483 3051 2535 3086 vv·

1474 3096 1561 3127 debis
1590 3097 1678 3136 quod
1706 3106 1772 3127 non
1799 3096 1907 3127 solum
1935 3096 1969 3127 in
1995 3103 2079 3128 statu
2109 3103 2238 3130 naturae
2268 3101 2453 3137 corruptae,

1473 3140 1620 3180 integrae,
1644 3141 1744 3170 homo
1769 3141 1878 3181 egebat
1906 3139 1967 3171 hoc
1991 3140 2108 3171 auxilio
2132 3150 2169 3171 ex
2197 3149 2261 3171 una
2282 3146 2370 3182 parte
2393 3131 2533 3176 tuntum

1439 3208 1441 3211 .
1474 3184 1590 3215 'scilicet
1611 3184 1787 3224 ignorantia
1811 3183 2102 3224 supervenientium
2119 3191 2188 3221 etc„
2212 3190 2249 3215 ut
2262 3183 2385 3215 habes
2374 3194 2407 3214 m
2412 3184 2534 3215 littera.

1473 3229 1610 3303 Eiltlpecta
1633 3228 1764 3259 dicenda
1791 3229 1823 3258 in
1847 3226 1991 3269 sequenti
2013 3228 2158 3265 articulo,
2182 3235 2221 3259 ut
2241 3228 2353 3259 darius
2380 3228 2475 3259 hunc'
2484 3216 2534 3257 ἴηῖ

1473 3278 1503 3303 te
1528 3282 1592 3312 ngas

2556 1037 2568 1048 ⁶
2581 1037 2607 1059 ¹³
2621 1033 2761 1078 “⁹⁸²¹
