2840 4010
93 710 101 718 ·
117 708 152 729 Cf.
168 714 206 735 qu.
221 713 251 734 cr,
265 707 302 728 In-

93 734 153 756 trod.

92 1321 100 1330 ·
115 1319 182 1341 Vers.
198 1325 225 1346 ¹5·

90 1426 98 1435 ·
113 1424 213 1447 Interlin.

337 114 410 149 228

1050 110 1316 156 QUAESTIO
1346 110 1428 155 CII,
1458 110 1755 148 ARTICULUS
1783 113 1797 148 1

766 240 1175 360 oUAESTIO
1216 272 2077 340 CENTESIMASECUNDA'
2115 259 2225 323 ss‘f'
2385 329 2420 335 ,⁴

601 411 689 450 DE
730 408 1352 450 CAEREMONIALIUM
1395 410 1951 452 PRAECEPTORUM
1996 412 2238 454 CAUSIS
2347 418 2350 419 ⁷

1168 532 1203 557 ΙΝ
1231 532 1297 558 SEX
1323 532 1526 559 ARTICULOS
1553 533 1671 559 DIVISA

332 647 519 728 DEiNDE
548 633 868 671 considerandum
890 641 945 670 est
964 634 1011 671 de
1038 634 1161 671 causis
1191 646 1388 672 caeremo—

413 702 568 739 nialium
596 707 890 750 praeceptorum
918 699 950 736 ²⁸.

330 770 377 805 Et
406 769 503 805 circa
530 768 605 803 hoc
633 773 866 815 quaeruntur
894 778 970 803 sex.

383 834 530 870 Primo:
551 841 677 869 utrum
697 840 900 881 praecepta
921 831 1210 869 caeremonialia
1223 833 1390 869 habeant

437 912 601 937 causam.

1498 634 1698 672 Secundo:
1727 642 1855 672 utrum
1889 637 2056 675 habeant
2094 650 2249 675 eausam
2287 638 2506 690 litteralem,

1549 688 1611 725 vel
1639 688 1764 725 solum
1792 689 2002 736 figuralem.

1497 740 1650 777 Tertio:
1681 740 1728 778 de
1758 741 1881 778 causis
1910 742 2196 781 sacrificiorum.

1499 795 1645 840 Quarto
1674 793 1712 830 *ε
1743 794 1791 830 de
1820 794 1941 832 causis
1970 806 2308 840 sacramentorum.
2373 811 2380 826 s

1498 846 1660 893 Quinto:
1691 847 1739 884 de
1767 847 1890 884 causis
1918 860 2126 887 sacrorum.
2191 854 2193 859 '

1498 900 1634 936 Sexto:
1665 899 1712 936 de
1742 899 1864 936 causis
1893 898 2236 940 observantiarum.

1139 1006 1455 1049 ARTICULUS
1487 1008 1692 1050 PRIMUS

791 1109 947 1139 UTRUM
971 1107 1329 1139 CAEREMONIALIA
1351 1109 1609 1140 PRAECEPTA
1632 1110 1839 1140 HABEANT
1864 1109 2040 1141 CAUSAM

392 1236 405 1243 -
519 1219 560 1244 D
581 1219 718 1244 PRlMUM
747 1218 800 1243 sm
829 1218 1068 1243 PROCEDlTUR.
1098 1205 1257 1243 Videtur
1282 1206 1387 1254 quod

400 1232 516 1329 QZ}
540 1259 830 1297 caeremonialia
870 1267 1075 1308 praecepta
1111 1271 1189 1296 non
1222 1259 1389 1297 habeant

343 1316 347 1323 '
403 1330 456 1348 ν.»
510 1326 707 1350 causam.
776 1313 839 1349 uia
867 1325 911 1349 su
942 1325 981 1349 er
1012 1312 1105 1350 illud
1131 1313 1171 1350 E
1192 1313 1268 1350 hes.
1296 1324 1319 1349 11
1346 1313 1367 1334 *

359 1348 367 1363 ³
383 1320 527 1403 ὲῖἒῦἧᾪ
539 1368 682 1416 Legem
710 1313 974 1403 mgndatorfim
1004 1324 1387 1413 decretispevacuans}

328 1420 414 1457 dicit
429 1421 565 1457 Glossa
579 1419 618 1456 *τ
639 1420 740 1466 idest,
752 1431 941 1456 evacuans
955 1419 1078 1468 legem
1091 1424 1254 1456 veterem
1270 1430 1387 1467 quan-

326 1479 404 1510 tum
424 1474 474 1510 ad
496 1473 668 1510 carnales
687 1473 954 1518 observantias,
975 1473 1141 1518 decretis,
1162 1472 1255 1508 idest
1273 1484 1387 1520 prae-

326 1527 437 1576 ceptis
470 1526 714 1576 evangelicis,
741 1537 838 1574 quae
866 1537 916 1562 ex
953 1526 1098 1562 ratione
1123 1530 1219 1561 sunt.
1251 1525 1328 1562 Sed
1356 1525 1387 1562 si

326 1579 592 1616 observantiae
619 1579 757 1615 veteris
788 1579 879 1627 legis
908 1591 954 1614 ex
982 1578 1128 1615 ratione
1157 1585 1282 1625 erant,
1311 1579 1386 1615 fru-

326 1640 400 1669 stra
429 1639 704 1669 evacuarentur
721 1644 790 1680 per
817 1631 1053 1668 rationabilia
1081 1631 1234 1668 decreta
1261 1643 1386 1668 novae

324 1686 424 1733 legis.
454 1686 545 1722 Non
574 1697 663 1733 ergo
697 1685 992 1722 caeremoniales
1026 1684 1293 1722 observantiae
1320 1696 1386 1722 ve-

325 1739 412 1776 teris
439 1739 531 1786 legis
559 1739 751 1775 habebant
779 1738 946 1787 aliquam
975 1737 1175 1774 rationem.

379 1804 414 1828 2.
435 1793 668 1839 PRAETEREA,
687 1799 798 1828 vetus
827 1793 885 1828 lex
909 1790 1088 1828 successit
1116 1791 1188 1838 legi
1215 1798 1383 1828 naturae.

326 1845 400 1882 Sed
421 1845 459 1881 in
478 1846 559 1893 lege
579 1853 737 1881 naturae
757 1844 823 1881 fuit
839 1844 993 1893 aliquod
1013 1852 1260 1893 praeceptum
1280 1845 1386 1892 quod

412 1227 420 1241 )
443 1232 505 1262 N113(

325 1899 467 1935 nullam
497 1898 681 1934 rationem
716 1898 883 1934 habebat
918 1897 988 1934 nisi
1016 1905 1056 1934 ut
1091 1897 1258 1934 hominis
1295 1897 1405 1944 obe-¹

325 1951 463 1988 dientia
503 1952 745 2000 probaretur;
783 1951 878 1987 sicut
909 1950 1144 1998 Augustinus
1177 1950 1276 1998 dicit,
1297 1951 1384 1988 VIII

183 2013 214 2033 Ἧι
231 2013 282 2028 ¹¹¹¹·
323 2016 436 2053 super
467 2005 558 2041 Gen.
580 2004 631 2040 ad
656 2004 721 2040 litt.
742 2003 773 2051 ²¹⁶,
796 2004 842 2041 de
871 2004 1126 2053 prohibitione
1154 2003 1243 2053 ligni
1269 2000 1401 2042 vitae:

324 2059 425 2106 Ergo
448 2057 559 2094 etiam
579 2057 618 2094 in
645 2057 764 2094 veteri
783 2058 864 2104 lege
885 2057 1008 2106 aliqua
1036 2064 1239 2106 praecepta
1258 2057 1385 2107 danda
1418 2080 1420 2082 -

325 2119 430 2148 erant
456 2111 495 2147 in
523 2110 662 2159 quibus
690 2110 855 2147 hominis
894 2110 1110 2147 obedientia
1136 2111 1383 2161 probaretur,

325 2177 423 2213 quae
452 2164 499 2201 de
528 2176 568 2200 se
597 2164 740 2200 nullam
769 2164 954 2200 rationem
982 2164 1178 2201 haberent.

380 2218 413 2254 3.
436 2218 668 2263 PRAETEREA,
690 2229 808 2265 opera
835 2217 1001 2254 hominis
1031 2217 1206 2254 dicuntur
1225 2216 1384 2257 moralia

325 2270 537 2307 secundum
566 2270 670 2319 quod
704 2278 791 2306 sunt
818 2282 840 2306 a
868 2270 1023 2307 ratione.
1053 2270 1091 2307 Si
1119 2270 1230 2318 igitur
1258 2269 1390 2308 caere->

323 2323 549 2360 monialium
586 2330 879 2372 praeceptorum
919 2324 965 2360 sit
1002 2323 1128 2371 aliqua
1163 2323 1276 2371 ratio,
1304 2335 1383 2361 non

324 2376 499 2414 different
518 2381 535 2397 α
563 2389 585 2412 a
613 2376 821 2413 moralibus
854 2377 1078 2425 praeceptis.
1099 2376 1258 2414 Videtur
1293 2389 1382 2425 ergo

325 2430 430 2478 quod
463 2429 754 2466 caeremonialia
780 2438 983 2479 praecepta
1020 2442 1098 2466 non
1126 2431 1293 2466 habeant
1320 2430 1384 2467 ali-

324 2495 440 2531 quam
479 2495 654 2519 causam:
684 2482 778 2519 ratio
809 2483 910 2520 enim
947 2483 1140 2532 praecepti
1176 2496 1221 2519 ex
1259 2482 1383 2532 aliqua

324 2548 438 2573 causa
466 2535 637 2572 sumitur.

377 2591 451 2626 SED
471 2601 618 2626 CONTRA
637 2600 702 2625 EST
722 2588 827 2637 quod
856 2588 990 2625 dicitur
1010 2588 1045 2625 in
1066 2589 1220 2626 Psalmo
1240 2600 1324 2626 xvm
1343 2588 1381 2626 *z

322 2644 567 2691 Praeceptum
601 2642 759 2678 Domini
785 2642 969 2687 lucidum,
999 2642 1215 2679 illuminans
1243 2641 1381 2679 oculos.

324 2696 401 2733 Sed
421 2695 710 2732 caeremonialia
738 2703 825 2732 sunt
843 2702 1047 2743 praecepta
1070 2695 1152 2732 Dei.
1175 2696 1276 2743 Ergo
1294 2703 1383 2732 sunt

322 2749 457 2786 lucida.
485 2748 600 2795 Quod
629 2761 709 2784 non
738 2756 835 2785 esset
865 2748 935 2785 nisi
963 2749 1148 2785 haberent
1181 2748 1382 2785 rationabi-

322 2803 397 2838 lem
427 2814 594 2838 causam.
625 2803 727 2849 Ergo
760 2808 964 2850 praecepta
994 2801 1288 2838 caeremonialia
1315 2802 1382 2838 ha-

323 2856 412 2892 bent
441 2855 703 2892 rationabilem
734 2867 890 2891 causam
920 2853 945 2891 β.

375 2909 599 2945 RESPONDEO
619 2919 803 2945 meizNDUM
824 2907 941 2955 quod,
960 2919 1047 2944 curn
1067 2908 1243 2955 sapientis
1256 2907 1303 2944 sit
1321 2919 1381 2944 or-

191 2970 213 3012 ¹vc
240 2975 294 3012 311--
322 2962 464 3007 dinare,
481 2961 693 2998 secundum
717 2961 1008 3009 Philosophum,
1025 2960 1064 2997 in
1083 2961 1329 3009 lMetaphys.
1348 2961 1380 3008 *,

323 3026 368 3050 ea
395 3027 493 3063 quae
523 3027 567 3051 ex
601 3014 730 3051 divina
765 3013 947 3063 sapientia
975 3014 1203 3062 procedunt,
1233 3021 1383 3062 oportet

323 3079 405 3103 esse
433 3067 616 3114 ordinata,
637 3075 678 3104 ut
701 3068 909 3116 Apostolus
937 3067 1036 3114 dicit,
1056 3068 1108 3103 ad
1132 3068 1245 3104 Rom.
1265 3079 1326 3104 xm
1349 3066 1380 3104 ³¹⁸.

323 3120 383 3156 Ad
415 3121 489 3156 hoc
527 3128 654 3157 autem
683 3121 788 3168 quod
817 3120 943 3169 aliqua
978 3120 1051 3157 sint
1085 3120 1278 3167 ordinata,
1304 3121 1380 3157 duo

323 3173 573 3221 requiruntur.
594 3174 723 3210 Primo
745 3174 912 3222 quidem,
935 3174 1041 3222 quod
1060 3173 1186 3222 aliqua
1206 3173 1382 3210 ordinen-

376 3303 402 3335 α)
423 3303 554 3336 different.
574 3318 593 3323 -
612 3304 738 3337 differant
756 3305 783 3333 F,
804 3305 931 3338 differunt
950 3305 981 3335 G,
1002 3305 1142 3338 differrent
1160 3306 1230 3330 PKa.

376 3340 401 3371 β)
422 3339 495 3372 Ergo
506 3357 512 3363 .
524 3357 530 3363 .
542 3357 549 3364 .
567 3347 683 3364 causam.
701 3353 719 3358 —
734 3340 794 3364 Om.
814 3340 917 3364 PDEla.

1442 1214 1502 1244 tur
1530 1208 1577 1244 ad
1607 1207 1776 1244 debitum
1805 1207 1936 1254 finem,
1958 1207 2021 1256 qui
2050 1215 2106 1244 est
2133 1208 2360 1258 principium
2388 1212 2502 1251 totius

1442 1260 1584 1297 ordinis
1604 1261 1642 1297 in
1663 1261 1775 1297 rebus
1795 1260 1972 1308 agendis:
1999 1273 2043 1298 ea
2064 1260 2164 1297 enim
2186 1274 2284 1310 quae
2304 1275 2394 1300 casu
2413 1276 2500 1302 eve-

1442 1313 1549 1350 niunt
1562 1321 1712 1362 praeter
1730 1313 1979 1350 intentionem
1993 1313 2092 1361 finis,
2107 1315 2171 1351 vel
2190 1327 2290 1363 quae
2305 1328 2384 1353 non
2403 1316 2501 1354 serio

1441 1366 1538 1403 fiunt
1556 1367 1623 1403 sed
1647 1367 1751 1413 ludo,
1772 1365 1934 1403 dicimus
1966 1379 2048 1404 esse
2077 1366 2301 1405 inordinata.
2323 1368 2502 1407 Secundo

1441 1427 1591 1468 oportet
1618 1420 1724 1468 quod
1752 1419 1790 1456 id
1819 1419 1925 1468 quod
1954 1427 2010 1456 est
2037 1420 2086 1457 ad
2114 1420 2246 1468 finem,
2267 1421 2314 1458 sit
2339 1434 2504 1471 propor-

1440 1472 1626 1512 tionatum
1655 1472 1733 1509 fini.
1754 1473 1804 1509 Et
1824 1485 1868 1509 ex
1896 1473 1971 1509 hoc
1991 1473 2158 1521 sequitur
2186 1474 2292 1522 quod
2319 1475 2413 1512 ratio
2439 1487 2502 1512 eo-

1439 1538 1525 1562 rum
1555 1538 1651 1574 quae
1681 1533 1767 1562 sunt
1795 1525 1844 1562 ad
1871 1525 2004 1572 finem,
2025 1526 2187 1563 sumitur
2206 1539 2252 1564 ex
2278 1527 2378 1565 fine:
2407 1528 2503 1566 sicut

1439 1579 1534 1616 ratio
1554 1578 1808 1627 dispositionis
1828 1591 1952 1615 serrae
1968 1579 2129 1616 sumitur
2148 1592 2193 1616 ex
2208 1580 2387 1628 sectione,
2403 1593 2502 1630 quae

1440 1639 1496 1669 est
1522 1632 1609 1669 finis
1638 1631 1738 1678 eius,
1764 1639 1805 1668 ut
1833 1631 1968 1669 dicitur
1995 1631 2033 1668 in
2063 1633 2094 1669 ΙΙ
2122 1633 2273 1681 Physic.
2297 1633 2318 1655 *
2341 1633 2503 1673 Manife-

1439 1692 1540 1722 stum
1571 1693 1625 1722 est
1653 1692 1782 1721 autern
1819 1685 1924 1733 quodl
1951 1692 2156 1734 praecepta
2189 1686 2500 1737 caeremonialia,

1439 1738 1535 1775 sicut
1554 1746 1590 1775 et
1610 1738 1739 1774 omnia
1759 1737 1830 1774 alia
1849 1746 2052 1787 praecepta
2069 1738 2173 1786 legis,
2195 1746 2282 1776 sunt
2302 1750 2347 1776 ex
2372 1739 2503 1778 divina

1439 1791 1623 1840 sapientia
1641 1791 1827 1827 instituta:
1855 1791 1958 1828 unde
1979 1790 2113 1828 dicitur
2131 1792 2242 1829 Deut.
2265 1794 2304 1828 ‘1v
2324 1792 2362 1830 *τ
2389 1794 2504 1831 Haec

1439 1850 1494 1881 est
1521 1844 1703 1892 sapientia
1731 1849 1855 1880 vestra
1886 1850 1923 1880 et
1948 1844 2150 1882 intellectus
2182 1856 2313 1882 coram
2341 1846 2501 1895 populis.

1438 1897 1551 1936 Unde
1579 1909 1734 1934 necesse
1768 1904 1823 1934 est
1852 1896 1977 1934 dicere
2006 1895 2112 1946 quod
2145 1905 2349 1947 praecepta
2377 1910 2503 1937 caere-

1438 1950 1620 1988 monialia
1639 1950 1712 1987 sint
1740 1950 1913 1987 ordinata
1932 1950 1980 1987 ad
2009 1951 2176 2000 aliquem
2205 1951 2336 1999 finem,
2358 1964 2404 1989 ex
2423 1965 2501 2002 quo

1439 2015 1573 2044 eorum
1603 2003 1844 2040 rationabiles
1874 2016 2011 2040 causae
2039 2003 2221 2052 assignari
2247 2012 2408 2053 possunt
2426 2010 2454 2043 Υ.

1492 2059 1551 2094 AD
1579 2068 1716 2094 PRIMUM
1745 2068 1843 2094 ERGO
1881 2068 2064 2094 DlCENDUM
2093 2057 2198 2106 quod
2234 2057 2501 2099 observantiae

1437 2110 1576 2149 veteris
1604 2109 1694 2158 legis
1722 2117 1883 2158 possunt
1922 2109 1994 2147 dici
2024 2111 2105 2147 sine
2135 2110 2279 2148 ratione
2315 2119 2502 2159 quantum

1438 2164 1488 2202 ad
1514 2164 1601 2210 hoc,
1623 2164 1728 2212 quod
1755 2162 1837 2212 ipsa
1865 2163 1963 2200 facta
1998 2163 2037 2200 in
2066 2163 2124 2200 sui
2152 2171 2286 2201 natura
2313 2164 2501 2203 rationem

1438 2229 1517 2256 non
1535 2217 1749 2254 habebant:
1773 2223 1864 2264 puta
1884 2215 1991 2266 quod
2018 2215 2134 2254 vestis
2153 2229 2232 2254 non
2253 2217 2504 2257 conficeretur

1439 2283 1484 2308 ex
1512 2271 1598 2307 lana
1618 2277 1654 2306 et
1680 2269 1770 2306 lino.
1792 2270 1973 2306 Poterant
1999 2276 2129 2307 tamen
2147 2270 2290 2307 habere
2317 2270 2502 2309 rationem

1439 2336 1484 2361 ex
1503 2323 1636 2360 ordine
1655 2323 1704 2359 ad
1724 2322 1843 2360 aliud:
1869 2322 2095 2371 inquantum
2115 2322 2256 2360 scilicet
2277 2324 2340 2360 vel
2361 2323 2503 2372 aliquid

1437 2389 1507 2426 per
1525 2377 1599 2413 hoc
1618 2376 1863 2424 figurabatur,
1880 2377 1941 2413 vel
1961 2375 2102 2424 aliquid
2122 2376 2402 2414 excludebatur.
2424 2376 2502 2414 Sed

1438 2431 1589 2467 decreta
1609 2442 1734 2467 novae
1754 2429 1859 2477 legis,
1879 2441 1979 2478 quae
2007 2429 2210 2478 praecipue
2234 2429 2444 2466 consistunt
2460 2429 2500 2467 in

1437 2483 1514 2520 fide
1544 2490 1580 2519 et
1608 2482 1808 2519 dilectione
1837 2482 1927 2530 Dei,
1958 2494 2004 2519 ex
2032 2481 2115 2531 ipsa
2149 2489 2283 2519 natura
2309 2490 2415 2520 actus
2443 2495 2501 2520 ra-

1437 2535 1631 2573 tionabilia
1659 2543 1756 2572 sunt.

1490 2591 1548 2626 An
1577 2600 1767 2626 SECUNDUM
1800 2600 1984 2625 DICENDUM
2026 2587 2132 2637 quod
2169 2587 2373 2637 prohibitio
2411 2588 2500 2636 ligni

1437 2642 1613 2678 scientiae
1634 2642 1724 2678 boni
1750 2649 1786 2678 et
1808 2641 1898 2678 mali
1922 2653 2001 2678 non
2026 2641 2093 2678 fuit
2112 2649 2268 2690 propter
2291 2642 2366 2678 hoc
2396 2641 2501 2690 quod

1435 2695 1527 2732 illud
1555 2694 1698 2742 lignum
1720 2701 1818 2731 esset
1837 2693 2053 2731 naturaliter
2081 2695 2245 2731 malurn:
2276 2694 2344 2732 sed
2372 2701 2502 2732 tamen

1435 2748 1516 2797 ipsa
1535 2747 1738 2797 prohibitio
1759 2747 1891 2784 habuit
1910 2747 2077 2795 aliquam
2098 2747 2283 2784 rationem
2303 2759 2348 2784 ex
2368 2746 2501 2786 ordine

1437 2801 1485 2838 ad
1514 2801 1632 2847 aliud,
1663 2801 1889 2849 inquantum
1919 2800 2059 2838 scilicet
2086 2813 2156 2849 per
2182 2801 2257 2838 hoc
2285 2800 2427 2849 aliquid
2454 2800 2502 2838 fi-

1436 2855 1650 2902 gurabatur.
1674 2855 1723 2890 Et
1751 2853 1804 2890 sic
1833 2853 1948 2890 etiam
1978 2853 2269 2891 caeremonialia
2297 2860 2501 2902 praecepta

1435 2907 1573 2944 veteris
1593 2907 1683 2954 legis
1713 2907 1855 2943 habent
1874 2906 2061 2943 rationem
2085 2907 2124 2944 in
2153 2906 2286 2944 ordine
2316 2907 2364 2943 ad
2384 2906 2498 2944 aliud.

1479 2962 1547 2997 'AD
1575 2971 1735 2997 TERTuJM
1764 2971 1948 2997 meENDUM
1977 2959 2082 3009 quod
2109 2967 2313 3008 praecepta
2341 2958 2501 2997 moralia

1437 3013 1648 3050 secundum
1669 3025 1777 3050 suam
1799 3020 1974 3050 naturam
1989 3013 2132 3050 habent
2151 3012 2393 3050 rationabiles
2414 3024 2501 3050 cau-

1437 3079 1514 3103 sas:
1545 3067 1651 3114 sicut,
1675 3066 1767 3103 Non
1797 3066 1953 3112 occideS,
1977 3066 2068 3103 Non
2095 3067 2244 3114 furtum
2261 3066 2400 3114 facies.
2423 3065 2500 3103 Sed

1436 3127 1638 3169 praecepta
1667 3119 1960 3156 caeremonialia
1978 3119 2121 3156 habent
2149 3118 2390 3156 rationabiles
2414 3129 2499 3156 cau-

1437 3185 1497 3210 sas
1527 3186 1570 3209 ex
1600 3172 1734 3210 ordine
1763 3173 1811 3209 ad
1840 3172 1953 3220 aliud,
1974 3179 2016 3209 ut
2044 3171 2185 3210 dictum
2216 3179 2282 3209 est.

1489 3305 1516 3337 γ)
1532 3307 1654 3336 possunt.
1672 3317 1691 3323 -
1705 3303 1811 3336 possint
1830 3303 1877 3328 Pa.

2532 814 2543 826 ⁸*
2557 813 2593 836 Cf.
2605 817 2649 836 art.
2659 820 2683 842 4,
2697 821 2717 844 5.

2528 1643 2583 1666 ’Ca
2601 1649 2651 1670 .1x.
2667 1639 2742 1666 mi.-

2529 1670 2585 1692 S.T
2602 1686 2609 1692 .
2626 1670 2678 1693 lect.
2688 1677 2726 1693 xv.

2527 1809 2539 1821 ⁸
2555 1809 2621 1832 Vm.
2635 1809 2659 1832 6.
