2840 4010
112 250 121 258 ·
139 251 191 271 Art.
203 255 219 277 r,
234 249 262 271 ad
277 255 294 270 i.

113 503 122 512 '
136 503 165 524 D.
181 509 244 532 1009.

104 1137 115 1148 *
129 1138 181 1159 Art.
195 1143 217 1159 2.

96 1887 107 1898 ⁴*
119 1887 166 1914 Qu.
177 1893 249 1915 mxxii,
265 1891 307 1910 art.

95 1919 115 1941 5,
131 1914 159 1935 ad
173 1919 188 1935 1.

355 160 430 205 340

353 251 443 275 nere
462 239 619 287 peccati,
640 246 680 275 ut
701 239 842 275 dictum
864 245 919 274 est
940 238 971 274 ²3.
998 237 1266 284 Imperfectum
1287 243 1414 272 autem

974 158 1240 205 QUAESTIO
1270 158 1516 206 LXXXVIII,
1546 160 1841 198 ARTICULUS
1869 163 1919 200 VI

1522 239 1581 274 AD
1611 249 1748 275 PRIMUM
1776 251 1874 276 ERoo
1903 253 2086 280 DICENDUM
2113 245 2217 292 quod
2236 246 2385 282 veniale
2407 246 2531 284 differt

352 303 421 340 per
450 291 616 340 aliquam
646 291 880 328 additionem
899 297 1023 338 potest
1043 289 1092 325 ad
1111 288 1384 337 perfectionem
1400 287 1415 318 β
1470 302 1492 326 a
1519 291 1670 327 mortali
1697 291 1790 328 sicut
1817 292 2080 341 imperfectum
2111 308 2133 332 a
2161 298 2340 346 perfecto,
2369 307 2411 336 ut
2434 311 2530 348 puer

351 344 493 381 venire.
525 345 634 381 Unde
660 353 696 380 et
714 344 875 389 veniale,
906 354 972 390 per
991 343 1065 378 hoc
1085 341 1191 389 quod
1211 341 1361 378 additur
1381 341 1414 378 ei

353 397 571 433 deformitas
599 396 790 445 pertinens
820 395 868 432 ad
896 407 1015 442 genus
1043 394 1189 442 peccati
1222 394 1412 442 mortalis,

352 449 511 486 efficitur
548 449 727 485 mortale:
762 448 855 483 sicut
890 460 978 483 cum
1015 447 1098 495 quis
1137 447 1224 484 dicit
1250 448 1413 484 verbum

352 502 516 538 otiosum
545 509 586 537 ut
614 500 818 537 fornicetur
836 500 866 537 ⁹⁸.
898 500 975 537 Sed
1004 500 1043 537 id
1072 501 1177 548 quod
1203 508 1259 537 est
1289 501 1411 549 perfe-

350 562 466 601 ctum,
497 567 574 590 non
603 561 727 601 potest
754 553 836 589 fieri
864 553 1126 602 imperfectum
1154 566 1223 602 per
1252 554 1411 591 additio-

349 619 450 643 nem.
480 607 529 642 Et
556 606 643 643 ideo
671 613 872 654 peccatum
902 607 1062 643 mortale
1093 619 1171 644 non
1199 607 1242 644 fit
1260 607 1409 644 veniale

346 671 416 707 per
442 660 517 695 hoc
545 658 651 708 quod
679 658 829 695 additur
857 659 891 695 ei
925 659 1052 709 aliqua
1081 654 1300 697 deformitas
1325 672 1410 708 per-

346 712 469 748 tinens
504 712 553 748 ad
580 724 699 759 genus
726 712 872 760 peccati
899 713 1080 749 venialis:
1109 725 1187 749 non
1221 713 1322 749 enim
1357 712 1410 748 di-

347 764 528 801 minuitur
558 772 760 813 peccatum
794 765 874 802 eius
907 766 971 814 qui
1000 766 1206 803 fornicatur
1236 773 1278 801 ut
1310 765 1410 802 dicat

344 818 506 854 verbum
538 817 725 865 otiosum,
756 818 823 855 sed
850 819 972 867 magis
1001 826 1227 867 aggravatur
1252 825 1409 866 propter

346 869 626 908 deformitatem
657 871 887 909 adiunctam.

398 924 527 960 Potest
553 932 684 961 tamen
712 924 750 962 id
778 925 884 974 quod
913 932 968 961 est
995 937 1040 961 ex
1068 936 1206 971 genere
1234 924 1406 972 mortale,

344 989 426 1013 esse
454 977 603 1014 veniale
632 985 788 1027 propter
812 977 1139 1030 imperfectionem
1168 984 1288 1023 actus,
1318 977 1407 1025 quia

343 1042 422 1067 non
441 1031 606 1079 perfecte
625 1031 800 1079 pertingit
820 1031 868 1067 ad
889 1031 1075 1067 rationem
1105 1037 1209 1066 actus
1238 1030 1405 1077 moralis,

345 1095 432 1119 curn
462 1095 540 1120 non
564 1084 610 1121 sit
629 1084 856 1121 deliberatus
877 1083 944 1120 sed
964 1083 1120 1130 subitus,
1141 1090 1183 1119 ut
1202 1095 1247 1119 ex
1267 1083 1372 1120 dictis
1387 1083 1407 1105 ²¹⁶

342 1144 456 1184 patet.
492 1138 541 1173 Et
574 1138 648 1173 hoc
683 1138 726 1174 fit
758 1149 828 1186 per
859 1136 1155 1173 subtractionem
1190 1136 1404 1184 quandam,

343 1189 482 1226 scilicet
510 1189 738 1226 deliberatae
768 1190 934 1226 rationis.
957 1190 1005 1226 Et
1024 1189 1114 1236 quia
1134 1201 1156 1225 a
1176 1189 1321 1226 ratione
1342 1190 1406 1226 de-

341 1242 496 1278 liberata
528 1243 644 1279 habet
676 1242 843 1291 speciem
878 1242 1033 1279 moralis
1066 1249 1189 1288 actus,
1225 1242 1312 1280 inde
1351 1251 1406 1280 est

341 1296 446 1343 quod
474 1307 543 1344 per
570 1296 684 1332 talem
715 1295 1012 1332 subtractionem
1036 1295 1193 1332 solvitur
1220 1295 1375 1344 species.

394 1442 419 1476 β)
434 1443 634 1477 perfectionem.
652 1456 670 1462 -
685 1444 833 1476 perfectum
853 1443 904 1467 EF.

1469 355 1491 378 a
1519 343 1615 380 viro.
1647 344 1706 381 Fit
1733 352 1861 381 autem
1891 358 1936 382 ex
1954 358 2074 394 puero
2093 346 2164 396 'vir,
2186 351 2253 387 sed
2271 363 2350 388 non
2370 364 2529 389 conver-

1467 396 1565 433 titur.
1597 397 1707 434 Unde
1736 398 1830 434 ratio
1860 410 1938 435 non
1967 399 2076 447 cogit.

1520 449 1579 486 AD
1613 462 1802 488 SECUNDUM
1831 463 2014 489 DICENDUM
2035 454 2152 501 quod,
2182 454 2213 490 si
2240 455 2286 491 sit
2313 456 2395 493 talis
2423 457 2527 505 igno-

1466 503 1587 539 rantia
1616 516 1714 552 quae
1743 511 1942 552 peccatum
1973 505 2131 542 omnino
2161 515 2324 555 excuset,
2358 509 2452 546 sicut
2472 518 2527 548 est

1465 556 1595 592 furiosi
1623 557 1685 593 vel
1714 557 1886 605 amentis,
1915 565 2004 598 tunc
2025 570 2070 595 ex
2089 559 2152 595 tali
2180 559 2390 607 ignorantia
2413 562 2527 600 forni-

1465 608 1654 645 cationem
1672 610 1913 647 committens
1933 623 2003 647 nec
2018 611 2227 649 mortaliter
2241 625 2312 649 nec
2330 613 2527 653 venialiter

1463 669 1607 709 peccat.
1638 661 1678 698 Si
1696 674 1791 699 vero
1811 663 1857 700 sit
1873 663 2084 711 ignorantia
2107 677 2186 702 non
2205 666 2416 714 invicibilis,
2437 674 2526 705 tunc

1463 714 1673 761 ignorantia
1706 714 1789 762 ipsa
1822 723 1877 752 est
1907 726 2130 765 peccatum,
2161 726 2197 755 et
2225 719 2391 756 continet
2418 719 2456 756 in
2483 732 2523 758 se

1463 767 1652 803 defectum
1674 766 1791 803 divini
1816 769 1969 817 amoris,
1989 770 2215 819 inquantum
2235 771 2387 820 negligit
2403 772 2523 810 homo

1462 819 1657 856 addiscere
1686 831 1732 856 ea
1759 831 1828 869 per
1856 833 1952 870 quae
1976 831 2101 872 potest
2123 837 2163 861 se
2183 825 2221 862 in
2241 825 2371 863 divino
2391 836 2523 864 amore

1462 885 1701 910 conservare.

1513 927 1573 962 AD
1605 938 1764 963 TERTmM
1797 938 1980 965 D1OEN1>1JM
2013 930 2135 978 quod,
2164 931 2259 968 sicut
2290 931 2522 979 Augustinus

1462 978 1559 1025 dicit,
1588 979 1626 1015 in
1650 979 1746 1015 libro
1772 980 1912 1017 Contra
1932 981 2179 1020 Mendacium
2197 984 2229 1032 ²¹²,
2259 996 2304 1021 ea
2323 996 2420 1033 quae
2436 990 2523 1022 sunt

1459 1032 1662 1068 secundum
1691 1044 1730 1068 se
1756 1032 1871 1078 mala,
1902 1033 2003 1070 nullo
2019 1036 2106 1083 fine
2133 1037 2226 1074 bene
2236 1038 2333 1084 fieri
2349 1044 2519 1087 possunt.

1461 1084 1722 1122 Homicidium
1752 1093 1880 1122 autern
1911 1094 1966 1123 est
1984 1087 2123 1125 occisio
2143 1088 2369 1128 innocentis:
2391 1098 2428 1128 et
2446 1091 2520 1135 hoc

1459 1138 1562 1175 nullo
1592 1138 1710 1175 modo
1740 1139 1838 1175 bene
1863 1139 1946 1175 fieri
1965 1147 2100 1188 potest.
2131 1141 2208 1179 Sed
2226 1142 2341 1180 iudex
2373 1143 2437 1192 qui
2457 1157 2520 1181 oc-

1459 1191 1548 1228 cidit
1575 1192 1774 1239 latronem,
1804 1192 1866 1228 vel
1894 1192 2002 1230 miles
2030 1193 2094 1241 qui
2122 1194 2259 1232 occidit
2280 1196 2431 1234 hostem
2451 1197 2519 1234 rei-

1457 1244 1644 1293 publicae,
1672 1257 1750 1281 non
1779 1245 2016 1293 appellantur
2033 1247 2263 1294 homicidae,
2282 1255 2325 1285 ut
2344 1250 2519 1297 Augusti-

1459 1309 1529 1334 nus
1559 1297 1657 1344 dicit,
1687 1297 1725 1334 in
1754 1297 1849 1334 libro
1878 1298 1924 1335 de
1951 1299 2088 1336 Libero
2107 1300 2275 1338 Arbitrio
2295 1301 2327 1338 *.
2447 1298 2455 1311 ‘

1015 1531 1347 1564 Commentaria
1370 1532 1622 1566 Cardjnalis
1643 1533 1844 1566 Caietam

369 1631 389 1651 N
412 1620 544 1651 articulo
568 1626 654 1650 sexto
675 1620 816 1650 eiusdem
837 1620 1178 1660 octogesimaeoctavae
1198 1620 1401 1660 quaestionis,

342 1632 504 1695 Idubium
528 1664 663 1695 occurrit
686 1664 766 1694 circa
789 1664 901 1694 ultima
920 1665 1013 1694 verba
1033 1665 1174 1704 corporis
1190 1665 1322 1702 articuli,
1343 1665 1401 1695 sci-

336 1709 408 1740 licet
432 1709 520 1749 quod
544 1719 599 1749 per
618 1708 865 1739 subtractionem
882 1709 1115 1739 deliberationis
1132 1709 1265 1739 solvitur
1284 1709 1402 1749 species

337 1760 424 1783 actus
448 1753 586 1784 moralis
612 1752 643 1783 Si
668 1753 753 1783 enirn
776 1753 838 1783 hoc
862 1759 909 1783 est
930 1763 1053 1792 verum,
1078 1753 1221 1794 sequitur
1243 1754 1332 1794 quod
1355 1754 1401 1784 in-

337 1797 497 1828 deliberati
521 1804 629 1828 motus
652 1796 853 1834 infidelitatis,
879 1797 1033 1834 adulterii,
1058 1797 1142 1834 furti,
1161 1804 1191 1828 et
1205 1797 1400 1835 huiusmodi,

336 1852 402 1872 non
419 1842 480 1872 sint
496 1842 638 1872 eiusdem
655 1841 768 1882 speciei
789 1851 863 1872 cum
878 1841 954 1881 ipsis
973 1842 1107 1882 peccatis
1123 1841 1277 1883 perfectis.
1300 1842 1400 1873 Cuius

335 1886 523 1926 oppositum
554 1886 674 1916 dictum
697 1892 744 1916 est
758 1883 788 1922 ³¹¹,
814 1892 844 1916 et
872 1893 995 1917 constat
1022 1896 1088 1916 esse
1111 1895 1238 1917 verum:
1263 1886 1338 1927 quia
1361 1886 1400 1917 ad

335 1930 496 1961 obiectum
519 1930 604 1960 idem
628 1930 772 1961 tendunt.
797 1930 838 1961 Et
856 1930 881 1960 si
900 1930 1095 1961 indeliberati
1119 1937 1227 1961 motus
1251 1930 1400 1971 praedicti

335 1981 410 2005 sunt
433 1974 574 2005 eiusdem
598 1974 712 2015 speciei
729 1985 803 2005 cum
819 1975 974 2015 perfectis,
999 1985 1073 2015 ergo
1094 1985 1159 2005 non
1175 1975 1308 2006 solvitur
1331 1985 1399 2016 spe-

335 2019 397 2049 cies
421 2019 591 2049 moralium
615 2025 746 2049 actuum
769 2029 805 2049 ex
829 2020 1040 2050 subtractione
1058 2019 1299 2056 deliberationis,
1316 2026 1352 2050 ut
1367 2019 1399 2050 in

333 2063 435 2094 littera
459 2073 544 2094 nunc
567 2063 689 2094 dicitur.

379 2107 415 2138 11.
425 2108 475 2138 Ad
486 2107 547 2138 hoc
558 2107 672 2138 dicitur
681 2108 780 2148 quod,
789 2107 864 2148 quia
874 2107 960 2139 iuxta
971 2107 1212 2149 quadruplicem
1223 2108 1398 2139 bonitatem

334 2158 422 2182 actus
432 2152 570 2188 moralis,
583 2152 778 2192 quadruplex
789 2152 908 2192 species
921 2152 1003 2183 sumi
1017 2159 1130 2193 potest,
1144 2159 1180 2183 ut
1190 2152 1224 2182 in
1236 2152 1397 2193 qu.xvm*

334 2196 478 2236 superius
501 2203 599 2236 patet;
625 2196 697 2226 ideo
721 2197 760 2226 de
784 2197 911 2227 entitate
936 2204 1022 2227 actus
1046 2196 1184 2233 moralis,
1205 2196 1396 2237 inquantum

334 2247 420 2271 actus
444 2240 573 2270 moralis
597 2248 651 2277 est,
676 2251 747 2271 vere
772 2241 832 2271 dici
856 2248 961 2281 potest
984 2242 1074 2282 quod
1097 2241 1225 2282 species,
1244 2251 1299 2272 seu
1315 2241 1394 2272 ratio

1455 1621 1605 1658 formalis,
1623 1622 1758 1657 sumitur
1772 1632 1790 1652 a
1804 1621 1925 1653 ratione
1946 1622 2129 1654 deliberata:
2151 1623 2305 1664 quoniam
2324 1634 2361 1655 ex
2380 1624 2442 1656 hoc
2462 1624 2517 1656 ha-

1454 1666 1506 1696 bet
1521 1673 1608 1697 actus
1631 1666 1770 1696 hominis
1791 1667 1878 1707 quod
1902 1666 1942 1697 sit
1965 1667 2103 1699 moralis.
2128 1666 2221 1698 Unde
2236 1668 2294 1699 ista
2310 1669 2428 1710 species
2444 1669 2517 1701 sub-

1454 1710 1586 1747 alterna,
1610 1718 1687 1751 puta
1711 1717 1798 1741 actus
1822 1711 1961 1747 moralis,
1986 1711 2044 1741 sub
2067 1721 2181 1752 genere
2204 1719 2292 1743 actus
2316 1712 2518 1745 constituitur

1453 1764 1509 1795 per
1524 1765 1590 1785 esse
1605 1765 1623 1785 a
1639 1755 1759 1785 ratione
1779 1755 1956 1786 deliberata.
1976 1755 2018 1786 Et
2030 1762 2197 1797 propterea
2212 1763 2300 1788 actus
2314 1755 2517 1797 imperfectus

1454 1808 1490 1829 ex
1506 1799 1629 1830 defectu
1652 1799 1894 1836 deliberationis,
1911 1809 1978 1830 non
1993 1807 2039 1831 est
2058 1800 2201 1831 eiusdem
2217 1799 2332 1841 speciei
2347 1808 2387 1832 ut
2398 1800 2517 1833 habens

1453 1849 1599 1873 naturam
1621 1843 1705 1874 illius
1725 1843 1853 1884 speciei:
1878 1844 2023 1885 quamvis
2042 1843 2081 1875 sit
2096 1844 2239 1876 eiusdem
2254 1844 2370 1885 speciei
2393 1851 2429 1877 ut
2449 1852 2516 1878 ten—

1453 1887 1530 1918 dens
1553 1888 1592 1918 ad
1616 1887 1720 1924 illam,
1746 1887 1826 1918 sicut
1854 1889 1985 1929 embryo
2009 1895 2055 1919 est
2077 1888 2110 1919 in
2133 1889 2236 1930 specie
2262 1889 2402 1920 hominis
2422 1892 2517 1930 gene-

1452 1931 1551 1962 randi.
1581 1932 1622 1963 Et
1649 1932 1780 1962 solvitur
1811 1942 1885 1972 ergo
1914 1932 2032 1973 species
2061 1940 2149 1964 actus
2179 1933 2307 1965 moralis
2330 1940 2367 1965 ut
2394 1933 2454 1971 sic,
2479 1940 2516 1965 ex

1452 1976 1664 2007 subtractione
1694 1976 1941 2007 deliberationis:
1975 1983 2005 2008 et
2032 1977 2174 2008 eiusdem
2196 1984 2302 2009 tamen
2326 1977 2441 2018 speciei
2469 1985 2516 2010 est

1452 2026 1540 2050 actus
1562 2020 1785 2052 indeliberatus
1810 2031 1884 2051 curn
1907 2021 2078 2053 deliberato
2103 2021 2271 2059 reductive,
2296 2021 2377 2053 sicut
2398 2022 2514 2063 imper-

1451 2063 1523 2095 fecti
1547 2065 1586 2094 ad
1609 2065 1795 2105 perfectum,
1820 2072 1851 2096 et
1873 2065 1923 2096 via
1946 2066 1986 2096 ad
2008 2066 2134 2096 termini
2158 2066 2296 2106 speciem
2318 2066 2487 2098 reducitur.

1507 2109 1558 2139 111.
1575 2109 1609 2139 In
1630 2110 1744 2139 eodem
1763 2109 1906 2147 articulo,
1923 2117 1999 2141 nota
2013 2110 2255 2150 responsionem
2270 2111 2310 2142 ad
2326 2111 2512 2146 secundum.

1449 2153 1589 2184 iunctam
1602 2164 1714 2184 aureae
1729 2153 1928 2194 responsioni
1941 2154 1980 2184 ad
1994 2154 2135 2195 primum
2151 2154 2365 2195 praecedentis
2381 2151 2514 2187 articuli.

1450 2197 1613 2234 Quoniam
1630 2197 1679 2228 hic
1699 2198 1794 2228 habes
1810 2197 1975 2230 manifeste
1994 2199 2079 2229 unde
2095 2199 2199 2229 videre
2215 2206 2306 2239 potes
2321 2198 2513 2230 decisionem
2541 2222 2550 2231 .

2548 996 2558 1006 ⁸
2574 994 2632 1024 Cap.
2646 1001 2687 1018 vn.

2566 1293 2618 1316 Lib.
2627 1294 2645 1321 1,
2660 1299 2711 1323 cap.
2724 1300 2757 1322 tv,

1449 2241 1593 2282 superius
1607 2241 1625 2259 ’κ
1649 2242 1762 2272 factam
1786 2243 1824 2273 de
1849 2243 2012 2283 speciebus
2036 2250 2240 2283 peccatorum
2265 2253 2302 2274 ex
2325 2243 2511 2284 ignorantia.
2538 2254 2562 2275 4,
2586 2225 2752 2270 ussfflgiftfn'
