2840 4010
31 416 43 427 ⁴
58 415 124 437 Vers.
139 420 167 443 ¹5·

31 2662 46 2679 θ
57 2661 125 2685 Ven-
139 2668 159 2691 5.

19 1221 91 1272 22²
105 1226 240 1270 affl

26 1253 103 1297 ..⁴5
108 1279 132 1296 '-
169 1250 241 1270 mun.

53 2280 103 2326 Qu.
113 2284 191 2325 uin,
200 2301 244 2320 m.

888 172 1153 219 QUAEST10
1183 173 1372 220 Lxxvn,
1401 168 1694 210 ARTICULUS
1722 169 1807 209 vm
2376 171 2424 218 69

269 258 414 297 actum,
445 251 512 288 sed
540 250 588 287 ad
616 250 833 287 interiorem
867 251 1206 300 concupiscientiae
1239 264 1321 288 mo·
1375 252 1620 289 cumstantiae
1649 263 1764 300 quam
1788 250 1942 300 quidem
1970 250 2053 298 quis
2079 250 2171 286 scire
2192 262 2268 286 non
2287 257 2422 298 potest,

268 310 371 340 tum:
399 303 512 340 vellet
541 303 642 339 enim
675 304 794 340 homo
823 315 1019 351 nunquam
1053 304 1320 352 concupiscere
1375 304 1500 341 debita
1520 303 1707 363 diligentia
1726 303 1901 340 adhibita.
1933 303 2008 340 Sed
2027 302 2152 351 passio
2174 310 2301 338 causat
2320 302 2424 350 igno-

269 356 426 393 malum.
463 355 567 392 Sicut
599 356 711 392 etiam
747 356 946 404 exponitur
976 356 1014 393 id
1052 356 1157 404 quod
1189 355 1322 392 dicitur
1375 356 1533 393 rantiam
1571 357 1661 394 iuris
1697 356 1736 393 in
1770 356 2002 404 particulari,
2041 354 2132 392 dum
2166 354 2324 403 impedit
2360 367 2424 403 ap—

268 406 380 446 Rom.
400 407 506 445 vi1*:
540 407 650 450 Quod
674 408 738 446 odi
766 408 925 454 malum,
956 406 1047 445 illud
1066 406 1188 456 facio.
1208 428 1232 434 -
1251 407 1320 443 Vel
1375 407 1613 464 plicationem
1642 407 1856 446 communis
1884 407 2058 446 scientiae
2085 407 2134 444 ad
2161 406 2423 455 particularem

267 467 392 509 potest
419 459 546 498 referri
575 461 623 498 ad
650 462 885 498 voluntatem
918 456 1209 508 praecedentem
1237 471 1322 506 pas·
1375 455 1533 497 actum⁶
1536 462 1702 508 ‚Quam
1721 461 1879 510 quidem
1895 461 2112 510 passionem
2132 459 2225 497 ratio
2243 460 2423 508 repellere

269 511 437 549 sionem:
471 521 512 549 ut
543 520 646 562 patet
679 514 718 550 in
753 512 1026 549 continentibus
1049 516 1064 539 Υ
1093 511 1157 559 qui
1194 519 1336 552 contra
1374 519 1508 559 potest,
1537 521 1578 549 ut
1605 513 1743 550 dictum
1773 521 1828 550 est
1845 513 1875 549 ²⁸.

269 577 381 601 suum
408 566 646 614 propositum
679 572 794 613 agunt
825 571 979 612 propter
1007 575 1115 599 suam
1145 563 1321 611 concupi·
1428 566 1485 600 AD
1505 576 1662 601 TERTIUM
1686 577 1867 603 D1CENDUM
1893 566 1997 612 quod
2025 564 2221 601 infirmitas
2254 564 2423 613 corporis

269 617 462 654 scentiam.
1376 623 1430 652 est
1453 616 1714 653 involuntaria.
1744 618 1852 654 Esset
1880 626 2007 654 autem
2035 617 2167 663 simile,
2189 617 2218 654 si
2239 625 2336 653 esset
2353 629 2423 653 vo-

321 672 379 706 An
408 682 595 707 SECUNDUM
624 681 806 707 n1cENDUM
839 668 942 715 quod
976 667 1184 715 ignorantia
1211 667 1322 716 parti-
1375 668 1551 704 luntaria:
1582 668 1676 705 sicut
1695 669 1740 704 de
1762 670 1938 706 ebrietate
1958 670 2098 706 dictum
2118 678 2173 706 est
2190 669 2221 717 ²⁸,
2250 680 2348 718 quae
2369 677 2424 706 est

270 722 402 759 cularis
431 734 528 771 quae
556 722 715 758 totaliter
743 728 906 767 excusat,
938 727 992 756 est
1019 719 1226 767 ignorantia
1255 720 1321 756 cir-
1375 720 1565 767 quaedam
1594 721 1796 768 corporalis
1823 721 2041 759 infirmitas<

320 857 347 892 γ)
366 857 566 883 continentibus.
583 870 602 876 —
621 856 841 882 incontinentibus
859 856 970 881 AFLsB.
989 870 1008 875 -
1025 863 1100 881 suam
1118 863 1172 881 om.
1191 855 1242 881 EF.
1347 849 1350 888 Ῑ
1429 853 1456 887 δ)
1473 858 1570 880 actum.
1588 869 1606 874 —
1624 856 1685 880 Om.
1704 856 1755 880 EF.

938 951 1266 984 Commentaria.
1288 950 1536 983 Cardinalis
1557 951 1755 983 Caietam

271 1057 318 1119 Iu
341 1046 471 1077 articulo
494 1046 629 1086 septimo
653 1047 748 1077 habes
771 1047 859 1086 quod
881 1053 1007 1086 peccata
1029 1045 1191 1086 sequentia
1218 1054 1323 1074 amen·
1374 1045 1458 1075 illius
1480 1046 1666 1078 infirmitatis
1690 1047 1810 1079 affectu.
1834 1049 1909 1079 Post
1931 1049 2156 1089 poenitentiam
2176 1049 2268 1085 enim,
2289 1050 2382 1079 etiam
2399 1050 2424 1080 si

279 1090 391 1127 stiam,
416 1089 596 1120 ebrietatem
620 1097 649 1120 et
672 1090 801 1126 similia,
830 1090 958 1130 quando
986 1089 1114 1120 fuerunt
1135 1088 1322 1123 voluntaria,
1376 1090 1516 1129 corporis
1534 1090 1696 1121 infirmitas
1720 1099 1902 1131 perseveret,
1927 1099 2089 1123 excusatur
2103 1103 2120 1122 a
2135 1093 2267 1132 peccatis
2291 1103 2424 1133 sequen-

267 1134 473 1174 imputantur.
493 1134 654 1164 Memento
670 1134 757 1174 quod
773 1143 838 1164 non
854 1133 1051 1173 imputantur
1066 1139 1102 1162 ut
1115 1138 1241 1172 peccata
1257 1131 1322 1161 illa-
1375 1133 1468 1163 tibus.

267 1187 340 1208 rum
363 1177 552 1218 specierum:
577 1178 631 1207 sed
654 1184 690 1208 ut
713 1177 960 1208 circumstantiae
983 1176 1160 1217 primorum
1179 1182 1320 1215 peccato·
1430 1177 1471 1207 Et
1493 1177 1569 1208 haec
1593 1179 1630 1208 de
1654 1179 1714 1210 isto
1737 1179 1867 1210 articulo
1891 1190 1909 1209 a
1932 1189 1983 1209 me
2005 1180 2063 1209 sub
2087 1179 2233 1210 brevitate
2257 1179 2338 1210 dicta
2361 1179 2426 1209 suf—

267 1231 341 1252 rum
354 1221 380 1252 *.
397 1239 418 1244 —
435 1220 520 1252 Cum
535 1228 642 1252 autem
657 1221 746 1251 audis
769 1221 857 1261 quod
872 1219 1037 1251 infirmitas
1053 1219 1194 1259 corporis
1212 1219 1321 1249 volun·
1375 1219 1496 1252 ficiant:
1521 1222 1673 1262 quoniam
1697 1222 1774 1252 nihil
1797 1222 1881 1252 aliud
1911 1223 2118 1253 necessarium
2143 1230 2172 1253 et
2194 1223 2355 1253 notatione
2379 1223 2424 1253 di-

254 1265 344 1298 -taria
366 1275 433 1295 non
453 1272 578 1295 excusat
593 1275 611 1295 a
626 1265 759 1304 peccatis
783 1264 996 1305 sequentibus,
1019 1263 1166 1303 intellige,
1191 1263 1321 1293 durante
1375 1275 1484 1305 gnum,
1508 1266 1706 1296 scribendum
1730 1266 1873 1298 occurrit,

1042 1438 1356 1480 ARTICULUS
1386 1437 1655 1479 OCTAVUS

600 1541 754 1571 UTRUM
778 1540 1014 1571 PECCATUM
1037 1538 1159 1576 QUOD
1182 1538 1262 1569 EST
1286 1538 1343 1568 EX
1366 1537 1582 1573 PAssloNE,
1606 1537 1752 1567 Possm-
1777 1536 1875 1567 ESSE
1899 1536 2106 1567 MORTALE

1150 1624 1191 1649 De
1208 1624 1291 1652 Malo,
1311 1631 1356 1655 qu.
1374 1631 1416 1654 111,
1436 1628 1482 1648 art.
1505 1631 1543 1648 10.

301 1728 365 1767 '’sais''
386 1731 395 1745 ν
401 1735 457 1772 ,q
481 1727 503 1752 D
523 1725 694 1752 OCTAvUM
713 1726 766 1750 sm
787 1724 1023 1750 PROCEDITUR.
1043 1712 1202 1749 Videtur
1221 1711 1325 1759 quod
1380 1718 1505 1748 catum
1534 1711 1704 1757 mortale,
1735 1709 1822 1759 quia
1848 1710 1939 1746 ratio
1968 1710 2177 1746 deliberans
2206 1722 2283 1747 non
2305 1717 2428 1759 potest

304 1755 454 1824 ἏΞΔΓῨᾸ)
480 1775 680 1816 peccatum
713 1766 818 1814 quod
852 1773 907 1803 est
943 1777 988 1802 ex
1019 1764 1217 1814 passione,
1247 1776 1325 1800 non
1379 1775 1593 1799 occurrere:
1614 1762 1718 1812 quod
1738 1762 1916 1809 contingit
1929 1762 1967 1799 in
1982 1762 2111 1799 subitis
2131 1762 2306 1799 motibus.
2329 1763 2427 1799 Cum

290 1820 334 1869 ,t
350 1833 410 1858 v
421 1802 452 1857 6
468 1816 600 1869 'possit
624 1831 706 1856 esse
734 1819 904 1856 mortale.
933 1817 1089 1854 Veniale
1118 1817 1219 1854 enim
1238 1828 1326 1865 pec·
1380 1822 1506 1852 autem
1528 1828 1572 1851 ex
1589 1815 1766 1864 passione
1786 1814 1916 1863 aliquis
1943 1815 2113 1863 procedit
2131 1815 2179 1852 ad
2198 1822 2322 1851 actum
2340 1827 2427 1864 pec—

330 1845 426 1900 ἐ*
442 1862 608 1909 &catum
625 1871 802 1909 dividitur
817 1878 947 1908 contra
959 1871 1128 1907 mortale.
1147 1869 1224 1907 Sed
1238 1881 1326 1918 pec·
1379 1867 1460 1914 cati,
1489 1869 1552 1905 vel
1572 1867 1620 1904 ad
1640 1876 1869 1904 consensum
1898 1866 2156 1914 deliberatum,
2186 1868 2260 1903 hoc
2287 1879 2364 1904 non
2386 1868 2428 1904 fit

270 1932 396 1963 catum
425 1925 529 1973 quod
558 1932 613 1961 est
641 1936 686 1961 ex
714 1923 940 1970 infirmitate,
969 1930 1023 1960 est
1040 1922 1207 1960 veniale.
1236 1933 1325 1959 cum
1379 1919 1513 1957 subito.
1534 1919 1645 1957 Unde
1661 1919 1752 1957 ratio
1770 1919 1980 1957 deliberans
1998 1926 2122 1967 potest
2136 1919 2196 1956 hic
2212 1932 2426 1956 occurrere:

269 1977 434 2015 habeat
425 1989 463 2014 in
482 1989 522 2014 se
543 1989 696 2014 causam
711 1976 858 2013 veniae.
882 1977 980 2012 Cum
999 1974 1108 2023 igitur
1123 1981 1324 2028 peccatum
1378 1980 1502 2021 potest
1525 1972 1625 2009 enim
1655 1972 1863 2019 excludere,
1892 1973 1955 2008 vel
1983 1973 2114 2008 saltem
2142 1971 2324 2021 impedire
2343 1985 2427 2021 pas-

269 2029 375 2080 quod
403 2037 459 2067 est
487 2042 532 2066 ex
558 2029 747 2078 passione,
778 2029 823 2065 sit
850 2040 895 2065 ex
920 2028 1147 2074 infirmitate,
1175 2023 1326 2064 videtur
1379 2025 1524 2062 sionem
1538 2024 1569 2071 ²¹³,
1589 2032 1631 2061 ut
1650 2025 1790 2062 dictum
1812 2032 1867 2061 est
1884 2024 1934 2061 ⁵⁶¹⁶.
1964 2024 2073 2061 Unde
2095 2024 2125 2061 si
2148 2037 2225 2061 non
2245 2032 2426 2072 occurrat,

270 2082 376 2132 quod
403 2094 483 2119 non
508 2082 628 2131 possit
656 2093 738 2118 esse
766 2082 936 2118 mortale.
1379 2085 1434 2114 est
1451 2085 1648 2126 peccatum
1667 2077 1845 2114 mortale:
1875 2076 1969 2113 sicut
1987 2077 2162 2114 videmus
2190 2078 2292 2126 quod
2312 2078 2428 2114 multa

325 2146 360 2172 2.
381 2136 613 2181 PRAETEREA,
633 2146 746 2171 causa
765 2146 843 2170 non
862 2141 918 2170 est
936 2132 1061 2182 potior
1080 2132 1226 2169 effectu.
1249 2132 1326 2169 Sed
1378 2130 1581 2166 homicidia
1609 2136 1645 2166 et
1672 2129 1854 2166 adulteria
1871 2134 1887 2157 Υ
1914 2141 1982 2178 per
2008 2129 2224 2178 passionem
2258 2130 2428 2166 commit-

269 2187 396 2237 passio
434 2199 513 2224 non
538 2194 664 2236 potest
698 2199 778 2223 esse
806 2193 1005 2234 peccatum
1038 2185 1217 2222 mortale:
1246 2196 1325 2221 non
1378 2190 1516 2219 tuntur.

272 2239 428 2277 enimin
448 2239 687 2277 sensualitate
708 2246 762 2276 est
780 2245 978 2287 peccatum
1003 2238 1172 2283 mortale,
1201 2244 1242 2274 ut
1265 2250 1324 2274 su·
1430 2237 1487 2271 AD
1507 2246 1643 2272 PRIMUM
1663 2246 1760 2271 ERGO
1789 2245 1971 2271 mcENDUM
1995 2233 2097 2282 quod
2126 2234 2273 2271 veniale
2297 2234 2429 2271 dicitur

269 2304 339 2342 pra
357 2292 378 2314 '¹⁸
404 2292 574 2330 habitum
605 2299 671 2329 est:
701 2292 802 2339 Ergo
830 2297 1029 2339 peccatum
1059 2289 1164 2338 quod
1197 2297 1252 2326 est
1281 2301 1326 2326 ex
1378 2287 1574 2336 tripliciter.
1595 2287 1680 2324 Uno
1701 2286 1832 2333 modo,
1850 2298 1894 2322 ex
1911 2298 2034 2333 causa,
2056 2286 2142 2335 quia
2162 2286 2300 2323 scilicet
2317 2287 2430 2323 habet

269 2344 460 2394 passione,
490 2357 568 2382 non
595 2352 720 2393 potest
748 2356 830 2380 esse
859 2343 1029 2380 mortale.
1379 2340 1542 2388 aliquam
1562 2351 1715 2376 causam
1733 2339 1880 2386 veniae,
1901 2351 1999 2388 quae
2019 2338 2191 2376 diminuit
2209 2346 2428 2387 peccatum:

326 2398 361 2434 3.
381 2398 614 2443 PRAETEREA,
642 2396 768 2446 passio
798 2395 951 2433 abducit
977 2407 999 2432 a
1027 2395 1182 2442 ratione,
1211 2403 1253 2431 ut
1280 2407 1325 2431 ex
1380 2400 1416 2428 et
1434 2392 1486 2429 sic
1504 2399 1702 2441 peccatum
1723 2403 1768 2428 ex
1786 2390 2002 2428 infirmitate
2023 2398 2059 2427 et
2076 2388 2283 2439 i‘gnorantia
2299 2391 2431 2428 dicitur

272 2449 378 2487 dictis
396 2449 416 2472 *
442 2457 556 2498 patet.
587 2449 663 2486 Sed
691 2448 843 2486 rationis
868 2455 923 2485 est
942 2447 1111 2485 converti
1131 2448 1178 2485 ad
1198 2449 1325 2484 Deum
1379 2445 1538 2481 veniale.
1562 2444 1648 2481 Alio
1667 2444 1798 2490 modo,
1820 2455 1864 2480 ex
1893 2451 2052 2480 eventu:
2081 2444 2175 2480 sicut
2202 2456 2316 2480 omne
2343 2456 2430 2492 pec-

270 2503 333 2540 vel
361 2502 480 2540 averti
503 2503 551 2539 ab
573 2514 618 2538 eo
639 2507 668 2548 α,
697 2501 735 2538 in
760 2513 836 2550 quo
867 2500 1034 2537 consistit
1061 2500 1154 2537 ratio
1182 2500 1326 2548 peccati
1381 2505 1506 2534 catum
1534 2509 1602 2546 per
1627 2496 1895 2546 paenitentiam
1923 2496 1966 2533 fit
1987 2496 2145 2543 veniale,
2165 2496 2260 2533 idest
2278 2497 2428 2533 veniam

271 2554 450 2592 mortalis.
485 2556 688 2591 Peccatum
721 2566 809 2602 ergo
838 2553 943 2602 quod
976 2560 1032 2590 est
1060 2565 1104 2590 ex
1130 2553 1324 2601 passione,
1381 2557 1626 2586 consecutum
1643 2547 1668 2586 δ.
1699 2549 1829 2586 Tertio
1850 2550 1967 2586 modo
1989 2548 2121 2586 dicitur
2137 2549 2284 2586 veniale
2304 2561 2348 2585 ex
2367 2561 2429 2596 ge-

271 2619 350 2647 non
377 2614 501 2656 potest
529 2619 611 2644 esse
639 2607 810 2643 mortale.
1380 2615 1487 2649 nere,
1517 2603 1610 2639 sicut
1636 2602 1798 2639 verbum
1832 2601 2008 2638 otiosum.
2039 2602 2087 2638 Et
2111 2603 2186 2638 hoc
2214 2601 2336 2638 solum
2363 2613 2429 2638 ve-

325 2660 400 2697 SED
416 2671 561 2696 CONTRA
579 2671 645 2696 EST
659 2658 764 2706 quod
779 2658 984 2707 Apostolus
1000 2657 1098 2704 dicit,
1113 2659 1224 2695 Rom.
1235 2658 1324 2706 v11*‚
1380 2655 1476 2691 niale
1506 2654 1710 2703 opponitur
1737 2655 1903 2691 mortali:
1934 2654 2095 2690 obiectio
2116 2661 2242 2690 autem
2261 2653 2430 2702 procedit

273 2713 376 2761 quod
389 2713 584 2760 passiones
605 2717 848 2760 peccatorum
867 2716 1070 2759 operantur
1088 2711 1124 2747 in
1151 2711 1327 2747 membris
1381 2708 1427 2744 de
1456 2707 1591 2756 primo.

272 2764 407 2802 nostris
434 2765 485 2801 ad
505 2764 812 2812 fructzflcandum
846 2764 968 2799 morti.
999 2764 1084 2800 Hoc
1117 2770 1243 2799 autem
1273 2771 1328 2800 est
1433 2762 1491 2796 AD
1519 2771 1707 2796 SECUNDUM
1736 2771 1917 2796 DICENDUM
1951 2758 2053 2807 quod
2081 2758 2205 2807 passio
2235 2765 2289 2794 est
2317 2770 2429 2794 causa

270 2816 467 2866 proprium
486 2817 654 2853 mortalis
674 2815 829 2864 peccati,
859 2815 962 2864 quod
986 2815 1182 2852 fructificet
1201 2816 1325 2852 morti.
1379 2812 1524 2862 peccati
1559 2824 1604 2848 ex
1636 2819 1740 2861 parte
1776 2811 2043 2849 conversionis.
2074 2811 2189 2857 Quod
2226 2818 2352 2846 autem
2385 2810 2430 2846 sit

272 2869 374 2917 Ergo
394 2876 594 2917 peccatum
623 2869 727 2918 quod
750 2875 806 2905 est
829 2879 874 2904 ex
892 2867 1080 2917 passione,
1101 2875 1226 2916 potest
1245 2880 1327 2905 esse
1381 2865 1551 2911 mortale,
1581 2872 1636 2901 est
1664 2876 1709 2901 ex
1737 2871 1842 2913 parte
1870 2863 2086 2910 aversionis,
2116 2875 2213 2910 quae
2240 2875 2308 2911 per
2336 2862 2429 2899 acci-

271 2922 442 2961 mortale.
1382 2919 1474 2955 dens
1489 2917 1657 2966 sequitur
1676 2917 1724 2954 ad
1745 2916 2034 2954 conversionem
2048 2916 2079 2963 ³¹⁶,
2099 2923 2140 2952 ut
2154 2915 2293 2952 dictum
2310 2922 2364 2951 est
2377 2914 2428 2951 ³⁸²⁸.

325 2974 550 3010 REsponnEo
578 2985 760 3010 DICENDUM
788 2973 893 3022 quod
919 2980 1118 3021 peccatum
1147 2973 1326 3020 mortale,
1381 2971 1492 3008 Unde
1521 2970 1613 3006 ratio
1642 2982 1719 3006 non
1748 2969 1926 3017 sequitur.

238 3044 244 3050 ·
272 3033 314 3063 ut
341 3038 455 3075 supra
473 3025 494 3047 *
521 3025 662 3062 dictum
692 3033 762 3071 est,
793 3025 961 3062 consistit
988 3025 1026 3062 in
1051 3025 1250 3062 aversione
1279 3026 1327 3062 ab
1434 3025 1492 3060 AD
1520 3034 1678 3059 TERT1UM
1706 3034 1887 3059 DICENDUM
1915 3021 2019 3068 quod
2051 3019 2142 3056 ratio
2176 3032 2253 3056 non
2281 3031 2432 3068 semper

272 3078 406 3116 ultimo
434 3078 523 3125 fine,
552 3077 617 3126 qui
637 3085 691 3114 est
718 3079 843 3114 Deus:
873 3090 970 3126 quae
994 3078 1150 3126 quidem
1178 3077 1326 3115 aversio
1380 3076 1419 3112 in
1447 3088 1516 3112 suo
1546 3082 1629 3111 actu
1657 3074 1817 3111 totaliter
1840 3086 1861 3110 a
1878 3073 2053 3122 passione
2081 3072 2301 3120 impeditur:
2329 3072 2431 3109 unde

272 3130 433 3181 pertinet
461 3130 509 3167 ad
541 3129 726 3167 rationem
764 3130 1051 3178 deliberantem,
1081 3130 1186 3166 cuius
1215 3130 1326 3167 etiam
1382 3135 1552 3165 remanet
1578 3127 1610 3163 ei
1629 3127 1788 3164 liberum
1809 3126 2013 3171 arbitrium,
2033 3132 2075 3161 ut
2092 3124 2210 3173 possit
2228 3124 2346 3161 averti
2369 3125 2431 3162 vel

275 3191 331 3221 est
364 3183 539 3220 ordinare
570 3182 609 3219 in
641 3182 771 3220 finem.
802 3182 888 3219 Hoc
919 3182 1028 3230 igitur
1064 3183 1145 3219 solo
1174 3182 1293 3220 modo
1313 3181 1328 3212 β
1383 3180 1551 3217 converti
1579 3180 1626 3216 ad
1661 3180 1799 3215 Deum.
1830 3178 1869 3214 Si
1898 3185 2023 3214 autem
2051 3177 2210 3214 totaliter
2241 3178 2432 3214 tolleretur

272 3243 397 3286 potest
425 3235 641 3283 contingere
669 3235 774 3283 quod
805 3234 994 3271 inclinatio
1023 3234 1171 3271 animae
1199 3234 1238 3271 in
1266 3234 1330 3271 ali·
1382 3245 1472 3270 usus
1501 3231 1664 3278 rationis,
1685 3230 1760 3267 iam
1780 3242 1857 3267 non
1886 3237 1984 3267 esset
2009 3237 2207 3278 peccatum
2235 3241 2305 3267 nec
2333 3242 2432 3266 mor-

274 3288 365 3339 quid
393 3288 499 3337 quod
527 3287 772 3326 contrariatur
799 3286 932 3324 ultimo
960 3286 1040 3334 fini,
1069 3299 1147 3323 non
1175 3286 1220 3323 sit
1240 3299 1328 3336 pec·
1381 3286 1454 3322 tale
1482 3297 1551 3321 nec
1578 3283 1737 3320 veniale.

327 3437 355 3469 α)
374 3437 407 3461 ab
425 3443 464 3461 eo.
481 3450 501 3455 -
518 3443 535 3460 a
554 3436 612 3460 Deo
631 3435 678 3459 Pa.
1435 3432 1461 3463 γ)
1480 3431 1623 3455 adulteria.
1641 3444 1660 3448 -
1679 3431 1761 3454 multa
1780 3430 1912 3455 adulteria
1933 3430 1977 3455 Pa.

328 3470 353 3504 β)
372 3472 428 3497 solo
447 3471 533 3496 modo.
551 3484 570 3490 -·
587 3469 751 3495 solummodo
770 3468 1035 3494 PABCDFGHIKLa.
1355 3436 1358 3500 i
1435 3465 1459 3498 ὃ)
1479 3469 1653 3491 consecutum.
1671 3479 1690 3484 -
1707 3466 1873 3497 consequitur
1893 3465 1961 3490 PKa.

2546 455 2562 481 ὃ

2451 520 2498 541 'ln
2513 524 2620 548 corpore.

2453 680 2458 684 '
2475 677 2532 698 Ibid.

2454 2037 2659 2110 ’”ιι)(ι·ῑ98ςξηεοεάἆ

2454 2095 2492 2116 qu.
2506 2095 2529 2116 x
2543 2093 2584 2111 art.
2599 2095 2618 2117 3,
2630 2089 2659 2110 ad

2550 2151 2567 2176 Υ

2456 2923 2465 2931 .
2456 2921 2583 2975 ’1)Αῐὲ986,
2599 2947 2654 2969 adr
2647 2954 2663 2968 1.
