2840 4010
87 1292 218 1316 *va-,a
256 1282 262 1284 *

88 1557 100 1567 ⁶
113 1555 182 1579 Vct.
195 1555 234 1579 26.

88 1925 100 1936 ²
111 1923 182 1948 vau.
193 1924 232 1952 ⁴8.

988 148 1253 194 QUAESTIO
1284 149 1458 197 XCVIII,
1487 149 1781 188 ARTICULUS
1810 151 1844 188 V

331 225 535 265 ministeria
564 226 797 273 angelorum,
828 238 925 275 quae
955 226 1034 275 ipse
1055 234 1272 264 naturarum
1293 228 1387 264 ordo

331 278 495 328 requirit,
516 285 556 314 ut
575 278 712 315 scilicet
730 291 799 328 per
818 279 946 316 media
965 280 1222 327 gubernentur
1241 279 1389 326 infima;

331 339 367 368 et
387 331 500 368 etiam
530 332 739 380 corporalia
763 332 940 380 subsidia,
961 344 1060 409 quae
1078 344 1158 368 non
1176 331 1300 368 solum
1320 331 1389 368 ho-

2431 164 2499 201 ι97

1444 229 1629 276 minibus,
1659 229 1726 266 sed
1755 230 1867 266 etiam
1896 230 2073 267 iumentis
2106 232 2212 271 Deus
2246 231 2499 279 administrat,

1445 282 1655 318 secundum
1689 282 1777 319 illud
1806 282 1948 319 Psalmi
1974 295 2068 320 xxxv
2087 283 2126 319 *z
2161 283 2347 320 Homines
2375 290 2410 320 et
2445 285 2500 320 i-u

1443 339 1566 370 menta
1593 335 1766 381 salvabis,
1795 336 1968 372 Domine.

1005 406 1333 466 Commentaria
1357 433 1604 468 Cardinalis
1626 437 1824 470 Caietam

333 534 379 594 IN
396 525 527 556 articulo
537 531 650 565 quarto
666 523 807 554 eiusdem
817 521 1021 573 quaestionis,
1034 521 1066 550 in
1080 521 1162 551 calce
1175 520 1390 560 responsionis

359 569 399 599 ad
423 569 616 606 secundum,
641 567 746 607 accipe
774 566 929 596 rationem
952 564 1139 604 Augustini,
1164 564 1280 595 scilicet
1302 565 1390 604 quod

329 620 365 642 ex
388 620 518 653 peccato
542 610 635 653 primi
658 609 794 651 parentis
818 608 964 649 provenit
991 608 1149 648 quosdam
1165 618 1230 638 non
1252 607 1357 639 doceri
1373 617 1390 638 a

1443 522 1522 558 Deo,
1534 530 1569 553 ut
1584 524 1738 555 rationem
1751 526 1979 565 particularem,
1993 527 2107 558 scilicet
2121 534 2194 567 post
2208 534 2352 558 naturam
2367 527 2498 568 lapsam.

1443 565 1631 616 Simpliciter
1654 569 1740 598 nulla
1756 570 1843 600 reddi
1867 570 1926 600 alia
1949 571 2028 601 ratio
2050 578 2155 611 potest
2174 571 2233 602 nisi
2256 571 2337 602 sicut
2350 571 2498 612 reproba·
2528 601 2537 609 ,

1443 609 1554 640 tionis:
1579 611 1617 640 de
1641 622 1703 652 qua
1727 612 1759 642 in
1783 614 1886 644 Prima
1910 615 1998 645 Parte
2012 614 2030 632 ‘²‘
2053 614 2164 646 diffuse
2187 622 2353 646 tractatum
2377 622 2433 646 est.

621 811 625 815 .
1115 762 1431 804 ARTICULUS
1462 763 1716 815 QUINTUS

547 857 703 894 UTRUM
727 855 872 887 OMNES
896 855 1090 886 H0M1N13s
1114 854 1451 886 OBLIGARENTUR
1475 856 1532 886 AD
1557 856 1878 888 OBSERVANDAM
1901 859 2107 890 VETEREM
2131 860 2277 892 LEGEM

912 935 940 959 In
960 934 1066 964 Matth„
1086 942 1143 967 cap.
1159 940 1232 964 κως
1251 933 1294 958 Ad
1313 933 1399 962 Rom„
1420 941 1476 966 cap.
1495 942 1521 963 11,
1542 935 1597 959 lect.
1618 943 1658 965 111;
1678 943 1733 968 cap.
1752 944 1785 966 vi,
1805 937 1862 961 lect.
1881 944 1918 961 111.

379 1039 419 1071 „¹
446 1047 511 1063 .=
537 1036 559 1063 D
579 1035 741 1067 Quintum
761 1035 814 1060 518
834 1035 1072 1064 Ρ1108Ευιτυ11.
1099 1021 1257 1062 Videtur
1280 1021 1384 1070 quod

366 1068 449 1127 ''ff-s.
457 1059 514 1135 ’ἒὲ
538 1089 674 1118 omnes
706 1077 883 1114 homines
920 1076 1209 1123 obligarentur‘²
1237 1076 1284 1112 ad
1317 1075 1384 1111 ob-

351 1158 356 1168 ,
377 1128 379 1131 ’
477 1111 509 1168 6
538 1131 767 1167 servandam
786 1137 958 1166 veterem
978 1129 1112 1176 legem.
1142 1127 1384 1176 Quicumque

348 1174 359 1183 ”
386 1173 482 1207 *²²*
498 1172 639 1226 &enim
660 1182 832 1219 subditur
850 1182 936 1230 regi,
957 1188 1107 1230 oportet
1125 1180 1229 1229 quod
1248 1180 1386 1218 subda-

326 1224 402 1277 tnr
408 1220 486 1283 legi
514 1235 643 1285 ipsius.
666 1235 743 1272 Sed
770 1242 880 1272 vetus
899 1236 958 1272 lex
977 1242 1033 1270 est
1052 1234 1139 1271 data
1162 1246 1185 1270 a
1203 1234 1300 1280 Deo,
1321 1233 1387 1282 qui

327 1297 384 1329 est
409 1301 481 1329 rex
506 1289 628 1330 omnis
652 1294 786 1334 terrae,
806 1296 848 1325 ut
866 1287 905 1325 in
923 1287 1077 1327 Psalmo
1095 1298 1178 1324 Χινι
1192 1286 1212 1308 *
1240 1286 1384 1323 dicitur.

327 1343 430 1390 Ergo
450 1354 586 1383 omnes
607 1341 820 1384 habitantes
849 1348 989 1377 terram
1009 1340 1232 1377 tenebantur
1251 1339 1298 1376 ad
1319 1339 1386 1376 ob—

327 1395 558 1434 servantiam
585 1394 687 1441 legis.

382 1459 418 1490 2.
438 1448 674 1494 Palmam,
696 1445 826 1483 Iudaei
845 1445 983 1482 salvari
1011 1458 1088 1483 non
1115 1452 1289 1494 poterant
1316 1445 1386 1482 nisi

326 1501 451 1548 legem
483 1507 655 1544 veterem
688 1500 955 1536 observarent:
985 1498 1118 1536 dicitur
1145 1497 1248 1535 enirn
1274 1499 1385 1535 Deut.

311 1564 423 1593 ,xxvu
447 1551 483 1588 *ε
510 1552 738 1594 Maledictus
765 1552 831 1600 qui
861 1564 934 1588 non
957 1552 1157 1599 permanet
1182 1551 1219 1588 in
1246 1563 1386 1588 sermo-

324 1605 435 1646 nibus
461 1605 556 1654 legis
582 1605 703 1650 huius,
733 1616 801 1642 nec
824 1616 887 1641 eos
906 1615 1018 1652 opere
1029 1604 1189 1652 perficit.
1219 1604 1260 1641 Si
1277 1603 1388 1652 igitur

326 1657 387 1697 alii
415 1657 591 1695 homines
619 1657 699 1694 sine
718 1657 961 1694 observantia
979 1657 1071 1705 legis
1089 1656 1227 1695 veteris
1244 1657 1386 1705 potuis-

326 1717 410 1749 sent
445 1711 604 1758 salvari,
637 1710 746 1759 peior
785 1710 913 1747 fuisset
954 1709 1119 1747 conditio
1157 1709 1386 1747 Iudaeorum

326 1776 445 1812 quam
469 1763 635 1806 ‚aliorum
664 1763 877 1800 hominum.

383 1818 417 1854 3.
447 1818 687 1864 PRAETEREA,
716 1816 872 1864 gentiles
900 1816 948 1853 ad
984 1815 1096 1852 ritum
1127 1815 1322 1852 Iudaicum
1351 1823 1388 1852 et

327 1869 376 1908 ad
404 1869 663 1907 observantias
682 1869 770 1917 legis
790 1869 1100 1906 admittebantur:
1130 1867 1262 1906 dicitur
1286 1868 1386 1905 enim

325 1923 450 1963 Exod.
466 1934 514 1959 xn
533 1922 569 1959 *ε
598 1922 641 1959 Si
665 1922 747 1971 quis
769 1922 1062 1971 peregrinorum
1085 1922 1123 1958 in
1141 1926 1304 1959 vestram
1324 1933 1388 1959 vo-

327 1975 439 2016 luerit
454 1976 616 2014 transire
633 1975 820 2014 coloniam
835 1973 861 2022 β,
882 1980 917 2011 et
920 1975 1060 2022 facere
1081 1975 1202 2019 Pliase
1218 1975 1386 2021 Domini,

328 2028 614 2070 circumcidetur
626 2029 735 2076 prius
753 2039 864 2064 omne
882 2027 1130 2069 masculinum
1145 2027 1235 2073 eius,
1251 2033 1287 2064 et
1299 2033 1387 2064 tunc

326 2082 396 2123 rite
422 2081 633 2126 celebrabit,
652 2081 794 2129 eritque
810 2081 924 2117 simul
939 2080 1035 2117 sicut
1056 2080 1233 2129 indigena
1251 2086 1385 2117 terrae.

326 2134 479 2175 Frustra
514 2141 642 2172 autem
679 2134 729 2172 ad
765 2133 1025 2170 observantias
1061 2133 1198 2181 legales
1234 2133 1389 2170 fuissent

329 2187 494 2225 extranei
523 2186 676 2225 admissi
705 2198 750 2223 ex
778 2186 1015 2224 ordinatione
1035 2186 1174 2232 divina,
1194 2185 1224 2223 si
1243 2187 1387 2234 absque

325 2240 509 2288 legalibus
528 2239 779 2277 observantiis
798 2239 934 2276 salvari
947 2239 1166 2287 potuissent.
1188 2239 1290 2287 Ergo
1306 2240 1387 2276 nul-

326 2293 384 2330 lus
413 2293 550 2331 salvari
578 2299 726 2342 poterat
753 2291 823 2328 nisi
850 2293 973 2339 legem
1002 2292 1231 2329 observaret.

345 2347 353 2358 '
382 2346 456 2383 SED
485 2357 630 2383 CONTRA
658 2357 723 2382 EST
751 2346 856 2393 quod
884 2344 1093 2393 Dionysius
1119 2344 1218 2392 dicit,
1239 2356 1274 2381 1x
1302 2357 1384 2394 cap.

215 2373 217 2375 ι
246 2400 248 2402 ’
306 2420 309 2421 ⁷
332 2398 433 2440 Cael.
459 2399 597 2445 Hier
627 2398 732 2447 quod
770 2397 878 2434 multi
905 2397 1100 2445 gentilium
1125 2409 1195 2446 per
1230 2398 1386 2446 angelos

327 2459 415 2493 sunt
442 2451 614 2489 reduoti'
606 2463 644 2488 m
663 2452 802 2488 Deum.
833 2451 910 2487 Sed
935 2458 1081 2488 constat
1103 2450 1210 2499 quod
1231 2450 1386 2498 gentiles

324 2505 451 2552 legem
470 2517 550 2542 non
568 2504 836 2547 observabant.
856 2504 960 2557 Ergo
982 2504 1126 2551 absque
1143 2503 1386 2541 observantia

326 2557 419 2606 legis
446 2564 621 2606 poterant
638 2562 654 2585 Υ
683 2556 798 2604 aliqui
826 2552 973 2594 salvari.

380 2611 606 2649 Respounsso
625 2621 809 2647 DICENDUM
828 2610 933 2658 quod
956 2609 1015 2645 lex
1035 2615 1145 2648 vetus
1171 2609 1385 2651 manifesta-

327 2659 393 2705 bat
405 2670 607 2711 praecepta
620 2662 717 2710 legis
736 2669 904 2707 naturae,
921 2669 958 2698 et
976 2654 1255 2710 superaddebat
1272 2674 1387 2711 quae-

327 2715 418 2757 dam
446 2715 600 2764 propria
632 2722 846 2763 praecepta.
882 2715 1078 2761 Quantum
1106 2714 1215 2762 igitur
1246 2715 1295 2752 ad
1326 2715 1387 2752 illa

328 2779 426 2816 quae
445 2768 504 2804 lex
531 2774 641 2804 vetus
661 2767 878 2804 continebat
897 2769 944 2804 de
963 2768 1043 2815 1838
1064 2775 1231 2816 naturae,
1252 2780 1386 2808 omnes

327 2820 552 2857 tenebantur
571 2820 619 2856 ad
640 2820 919 2857 observantiam
934 2820 1071 2857 veteris
1086 2820 1192 2869 legis:
1207 2833 1286 2858 non
1301 2821 1387 2870 quia

330 2880 434 2910 erant
461 2873 509 2910 de
537 2872 656 2910 veteri
683 2873 777 2920 lege,
806 2873 874 2910 sed
903 2873 990 2922 quia
1018 2880 1124 2910 erant
1151 2874 1200 2910 de
1221 2873 1302 2922 lege
1322 2886 1386 2911 na-

327 2933 447 2962 turae.
473 2925 556 2966 Sed
569 2932 754 2973 quantum
773 2926 822 2962 ad
840 2925 902 2962 illa
921 2938 1020 2975 quae
1044 2927 1103 2962 lex
1120 2934 1232 2963 vetus
1259 2939 1387 2976 super-

329 2978 504 3026 addebat,
535 2990 614 3015 non
640 2979 866 3015 tenebantur
893 2979 1009 3028 aliqui
1037 2979 1085 3015 ad
1107 2980 1388 3016 observantiam

328 3031 467 3068 veteris
494 3031 585 3079 legis
613 3031 680 3068 nisi
711 3031 814 3068 solus
841 3032 1005 3080 populus
1034 3028 1281 3068 ludaeorum.

382 3163 410 3196 α)
429 3163 622 3196 obligarentur.
640 3176 659 3181 -
677 3162 864 3195 obligabantur
882 3162 929 3187 Pa.

381 3198 407 3231 β)
426 3198 566 3224 coloniam.
583 3212 602 3217 -
620 3198 836 3231 Hierosolymam
859 3197 1053 3230 ABCDGLpH3
1072 3205 1119 3229 pro
1138 3197 1202 3226 eius,
1221 3205 1305 3230 genus
1323 3198 1370 3223 Pa.

381 3235 408 3267 γ)
420 3237 560 3266 poterant.
579 3246 596 3253 -·
609 3236 758 3266 potuerunt
776 3233 822 3258 Ρα.

381 3268 406 3302 ὃ)
425 3276 494 3294 cum.
512 3283 530 3288 -
547 3276 638 3294 coram
657 3269 704 3293 Pa.

1494 1022 1611 1060 Cuius
1646 1024 1739 1060 ratio
1770 1032 1825 1061 est
1862 1025 1949 1074 quia
1976 1026 2035 1062 lex
2066 1034 2196 1074 vetus,
2225 1027 2320 1064 sicut
2356 1029 2496 1067 dictum

1440 1083 1495 1112 est
1523 1075 1558 1123 ³¹³,
1589 1076 1676 1113 data
1711 1085 1766 1114 est
1796 1079 1940 1126 populo
1975 1079 2202 1116 Iudaeorum
2235 1088 2277 1117 ut
2304 1082 2532 1129 quandam·
2547 1089 2716 1117 Art-praeced-

1439 1129 1741 1177 praerogativam
1770 1130 1973 1178 sanctitatis
1997 1131 2194 1180 obtineret,
2214 1141 2369 1182 propter
2393 1146 2499 1172 reve-

1440 1181 1598 1218 rentiam
1637 1182 1792 1230 Christi,
1831 1183 1895 1232 qui
1932 1196 1976 1220 ex
2012 1185 2073 1221 illo
2108 1186 2250 1234 populo
2288 1187 2496 1224 nasciturus

1441 1242 1529 1271 erat.
1561 1235 1838 1285 Quaecumque
1873 1244 1999 1274 autem
2033 1245 2245 1275 statuuntur
2272 1239 2321 1276 ad
2355 1240 2498 1289 specia-

1440 1287 1514 1323 lem
1556 1287 1771 1336 aliquorum
1812 1289 2175 1338 sanctificationem,
2215 1303 2293 1328 non
2332 1292 2498 1340 obligant

1441 1339 1512 1376 nisi
1539 1340 1641 1377 illos:
1671 1340 1766 1377 sicut
1800 1341 1848 1378 ad
1882 1342 2071 1391 quaedam
2107 1319 2320 1391 obligantur
2354 1343 2495 1393 clerici,

1440 1393 1505 1441 qui
1532 1393 1796 1442 mancipantur
1825 1394 1953 1431 divino
1982 1395 2200 1444 ministerio,
2221 1396 2269 1433 ad
2298 1409 2396 1445 quae
2415 1397 2498 1435 laici

1440 1457 1518 1482 non
1547 1446 1779 1494 obligantur,
1805 1440 1974 1484 similiter
1993 1455 2029 1484 et
2047 1448 2208 1495 religiosi
2237 1449 2283 1486 ad
2307 1450 2496 1502 quaedam

1439 1498 1680 1547 perfectionis
1713 1511 1829 1548 opera
1862 1500 2075 1548 obligantur
2112 1513 2155 1537 ex
2191 1513 2260 1538 sua
2295 1503 2498 1550 professio-

1441 1564 1505 1598 ne,
1531 1552 1579 1588 ad
1599 1564 1697 1599 quae
1725 1553 1937 1589 saeculares
1965 1565 2043 1589 non
2072 1553 2296 1601 obligantur.
2326 1555 2375 1592 Et
2397 1555 2498 1592 simi-

1439 1604 1521 1641 liter
1553 1604 1601 1641 ad
1633 1605 1823 1653 quaedam
1857 1605 2032 1654 specialia
2066 1606 2301 1657 obligabatur
2334 1609 2498 1656 populus

1439 1657 1511 1704 ille,
1541 1657 1590 1694 ad
1619 1670 1718 1705 quae
1746 1657 1806 1694 alii
1832 1658 1964 1707 populi
1991 1671 2070 1695 non
2089 1658 2361 1706 obligabantur.
2387 1660 2497 1698 Unde

2526 290 2538 301 ⁴
2552 290 2618 312 Vera.
2632 297 2655 319 7.

2575 606 2597 621 u.
2611 606 2677 627 xxm,
2692 604 2737 623 art.

2597 630 2691 649 mment.

1442 1710 1574 1747 dicitur
1606 1711 1716 1747 Deut.
1749 1722 1835 1747 xvn1
1863 1711 1901 1747 ³²:
1934 1711 2123 1758 Perfectus
2160 1712 2252 1757 eris,
2290 1718 2327 1749 et
2358 1713 2498 1762 absque
2525 1727 2534 1736 ·
2572 1732 2608 1747 es

1441 1763 1602 1808 macula,
1631 1775 1717 1800 cum
1736 1761 1749 1784 δ
1769 1763 1933 1800 Domino
1951 1765 2034 1806 Deo
2063 1770 2137 1800 tuo.
2167 1765 2216 1801 Et
2241 1773 2397 1814 propter
2423 1766 2499 1803 hoc

1441 1816 1553 1852 etiam
1590 1816 1756 1864 quadam
1793 1816 2030 1864 professione
2066 1817 2287 1863 utebantur3
2320 1826 2362 1854 ut
2397 1826 2500 1867 patet

1440 1870 1549 1906 Deut.
1570 1880 1652 1905 xxvi
1671 1868 1709 1905 *z
1730 1869 1914 1916 Profiteor
1940 1869 2049 1906 hodie
2073 1881 2203 1906 coram
2227 1871 2392 1908 Domino
2415 1872 2497 1908 Deo
2525 1880 2535 1890 ⁴
2573 1885 2608 1900 er,

1441 1927 1502 1958 tuo
1531 1929 1599 1958 etc.
1621 1926 1633 1941 ε

1493 1977 1552 2011 An
1571 1986 1707 2011 PR1MUM
1726 1985 1825 2011 ERGO
1840 1986 2024 2011 DlCENDUM
2039 1975 2142 2023 quod
2162 1975 2392 2024 quicumque
2412 1977 2499 2014 sub-

1441 2028 1581 2064 duntur
1609 2027 1698 2074 regi,
1728 2026 1942 2078 obligantur
1969 2027 2018 2064 ad
2045 2028 2168 2075 legem
2194 2028 2272 2065 eius
2294 2030 2499 2067 observan-

1442 2079 1530 2117 dam
1563 2092 1680 2129 quam
1714 2079 1893 2117 omnibus
1922 2080 2174 2118 communiter
2200 2082 2390 2130 proponit.
2421 2082 2499 2123 Sed

1441 2133 1472 2169 si
1499 2133 1663 2169 instituat
1691 2132 1816 2182 aliqua
1845 2133 2086 2170 observanda
2105 2146 2126 2170 a
2149 2132 2226 2171 suis
2253 2134 2499 2172 familiaribus

1439 2185 1627 2232 ministris,
1656 2185 1706 2222 ad
1731 2186 1828 2222 haec
1856 2185 1968 2222 ceteri
1997 2198 2074 2222 non
2103 2186 2325 2234 obligantur.

1493 2240 1552 2274 Ao
1571 2250 1760 2275 SECUNDUM
1779 2250 1964 2275 D1CENDUM
1983 2240 2088 2287 quod
2111 2239 2231 2276 homo
2252 2247 2393 2288 quanto
2413 2241 2498 2277 Deo

1440 2291 1558 2350 magis
1587 2290 1836 2338 coniungitur,
1861 2298 1965 2328 tanto
1993 2291 2155 2328 efficitur
2183 2291 2348 2330 melioris
2368 2293 2496 2330 condi-

1441 2344 1563 2381 tionis.
1596 2344 1647 2381 Et
1673 2343 1761 2380 ideo
1795 2350 1936 2392 quanto
1964 2345 2129 2400 populus
2162 2344 2391 2383 Iudaeorum
2422 2354 2499 2383 erat

1441 2397 1638 2435 adstrictus
1662 2396 1781 2444 magis
1801 2396 1850 2434 ad
1878 2396 2051 2442 divinum
2077 2389 2234 2444 8111111111,
2255 2397 2402 2446 dignior
2420 2398 2499 2436 aliis

1441 2450 1591 2498 populis
1624 2457 1714 2496 erat.
1748 2449 1858 2486 Unde
1895 2449 2028 2487 dicitur
2054 2450 2221 2487 Deut.1v
2239 2449 2274 2486 ³¹⁸:
2313 2451 2417 2492 Quae
2448 2457 2502 2488 est

1441 2503 1516 2540 alia
1543 2515 1637 2552 gens
1663 2502 1717 2539 sic
1743 2501 1896 2551 inclyta,
1926 2508 1967 2539 ut
1990 2503 2125 2542 haheat
2149 2504 2416 2550 caeremonias,
2445 2505 2499 2540 iu·
2526 2515 2533 2522 ·
2572 2519 2606 2534 es

1439 2562 1569 2604 staque
1595 2554 1606 2580 t
1635 2555 1791 2602 iudicia,
1821 2561 1856 2591 et
1887 2555 2099 2592 universam
2133 2555 2286 2605 legem?
2318 2557 2367 2593 Et
2397 2556 2498 2596 simi-

1441 2609 1521 2646 liter
1550 2608 1661 2645 etiam
1690 2615 1875 2656 quantum
1901 2608 1950 2645 ad
1968 2609 2044 2645 hoc
2072 2616 2159 2645 sunt
2186 2608 2350 2645 melioris
2371 2609 2498 2646 condi-

1441 2661 1552 2703 tionis
1581 2660 1703 2698 clerici
1731 2673 1848 2709 quam
1880 2661 1984 2708 laici,
2016 2669 2051 2698 et
2078 2661 2240 2709 religiosi
2268 2674 2383 2709 quam
2417 2675 2497 2707 sae,-

1441 2715 1597 2751 culares.

1494 2769 1551 2804 AD
1579 2778 1740 2804 Tam-ium
1767 2778 1950 2804 mCENDuM
1983 2767 2087 2815 quod
2115 2767 2270 2814 gentiles
2298 2766 2498 2814 perfectius

1443 2828 1478 2857 et
1510 2819 1678 2856 securius
1710 2819 1870 2856 salutern
1909 2819 2237 2867 consequebantur
2273 2819 2343 2855 sub
2371 2819 2499 2856 obser-

1440 2873 1578 2910 vantiis
1597 2873 1688 2920 legis
1716 2884 1833 2920 quam
1862 2873 1932 2908 sub
1952 2873 2031 2908 sola
2050 2873 2130 2919 lege
2150 2871 2327 2908 naturali:
2357 2879 2394 2908 et
2411 2871 2497 2908 ideo

1443 2926 1491 2963 ad
1528 2937 1592 2962 eas
1633 2925 1938 2963 admittebantur.
1983 2924 2086 2961 Sicut
2123 2924 2235 2961 etiam
2273 2936 2375 2961 nunc
2414 2924 2499 2962 laici

1442 2985 1636 3015 transeunt
1663 2978 1711 3015 ad
1736 2977 1965 3024 clericatum,
1987 2985 2023 3013 et
2050 2978 2260 3014 saeculares
2284 2977 2333 3014 ad
2353 2977 2498 3025 religio·

1443 3044 1546 3078 nem,
1576 3031 1752 3080 quamvis
1781 3030 1924 3078 absque
1952 3031 2026 3066 hoc
2053 3029 2197 3078 possint
2225 3029 2372 3066 salvari.

1497 3163 1520 3194 ε)
1541 3163 1598 3187 Deo
1617 3165 1662 3186 tuo
1677 3165 1726 3186 etc.
1744 3174 1763 3180 -
1779 3160 1852 3192 quod
1871 3160 2006 3193 ingressus
2023 3160 2072 3184 sim
2093 3160 2119 3184 in
2139 3163 2239 3185 terram
2255 3167 2308 3192 pro
2328 3167 2381 3192 qua
2400 3161 2501 3193 iurauit

1438 3198 1562 3230 patribus
1582 3197 1679 3221 nostris
1697 3196 1727 3220 E.

1495 3232 1519 3264 ζ)
1539 3233 1666 3264 iustaque.
1686 3246 1703 3250 -
1722 3231 1792 3256 iusta
1810 3233 1889 3263 atque
1902 3230 2058 3260 ABCDGIL,
2072 3234 2152 3263 atque
2170 3231 2244 3261 EFK,
2260 3230 2330 3256 iusta
2343 3234 2432 3256 autem
2447 3231 2500 3264 pH.
