2840 4010
129 713 139 721 ⁶
155 711 178 733 S.
188 711 232 732 Th.
246 711 297 731 lect.
308 715 339 730 tv.

130 749 141 754 -
152 737 205 759 Did.
222 737 259 758 lib.
275 736 340 762 Vlll,

130 770 181 791 cap.
192 771 213 790 v,
229 769 251 784 n.
262 768 273 783 2
289 768 339 790 sqq.

133 1672 144 1682 ⁸
161 1671 207 1719 (gu.
220 1677 285 1699 um,
301 1675 342 1693 art.

134 1704 149 1723 1,
159 1704 171 1719 a
194 1705 233 1724 4.-
242 1697 278 1719 Cf.
286 1698 342 1719 ibid.

132 1728 202 1752 art.3‚
211 1724 343 1746 Comment.

132 1756 196 1774 nurn.
206 1757 229 1772 x.

134 1939 142 1947 '¹
158 1938 190 1959 Ca
209 1944 255 1964 .xt‚
270 1943 342 1964 n.4.-

132 1963 157 1986 S.
169 1964 190 1985 T
208 1979 214 1985 .
229 1964 280 1986 lect.
294 1971 343 1986 xvr.

366 147 418 194 64

369 227 408 258 ad
427 227 584 258 virtutem.
610 228 713 259 Immo
730 228 870 269 sequitur
886 229 975 268 quod
991 238 1055 257 non
1073 234 1152 258 esset
1170 227 1425 267 persuadendum

368 270 461 302 alicui
485 272 573 312 quod
595 272 674 302 bene
698 272 799 307 vellet,
825 272 877 302 sed
901 271 988 311 quod
1012 278 1093 301 recte
1118 270 1336 301 consideraret.

383 330 385 333 ·
423 315 593 350 Praeterea,
618 316 772 346 rectitudo
796 315 939 349 rationis,
964 322 1029 344 tam
1052 314 1083 344 in
1109 314 1250 354 practicis
1273 324 1370 355 quam
1393 314 1425 344 in

368 359 580 399 speculativis,
606 366 728 389 constat
751 369 787 389 ex
818 358 956 388 terminis
980 365 1010 387 et
1033 358 1134 388 forma
1158 357 1332 398 syllogismi
1356 368 1425 398 per-

368 403 450 434 fecti.
475 403 572 442 Igitur
595 403 673 432 ratio
698 402 831 442 practica
855 401 911 431 erit
934 411 969 430 ex
993 411 1025 431 se
1049 401 1195 441 perfecta,
1219 402 1374 442 quidquid
1393 402 1425 432 in

369 447 509 487 appetitu
541 453 698 486 sequatur.
722 446 762 475 Et
786 451 1014 484 consequenter
1043 451 1147 485 potest
1169 446 1316 476 voluntas
1344 447 1425 477 male

369 491 491 531 eligere,
515 490 673 521 intellectu
698 489 846 519 existente
869 488 1018 528 perfecto.

423 535 593 569 Praeterea,
615 542 712 572 arguo
737 533 775 562 ad
799 532 900 568 idem,
925 532 1000 572 quia
1024 539 1083 564 stat
1106 534 1194 573 quod
1218 533 1296 564 ratio
1321 541 1424 565 osten-

369 578 422 608 dat
440 585 611 617 utrumque
635 575 821 616 oppositum
845 577 1021 607 secundum
1045 577 1133 618 quod
1157 584 1212 616 est,
1229 585 1305 618 puta
1329 578 1423 608 furari

369 628 399 652 et
428 631 492 651 non
522 620 615 650 furari
647 618 714 661 (est
742 620 826 650 enim
857 619 1117 663 oppositorum);
1143 629 1173 652 et
1202 622 1291 662 quod
1312 622 1424 652 volun-

367 673 413 696 tas
437 664 622 694 determinet
648 674 681 693 se
710 664 749 693 ad
778 674 880 694 unum
909 664 983 704 quia
1005 665 1082 696 vult.
1112 665 1152 696 Et
1182 665 1270 706 quod
1297 666 1359 695 hoc
1382 665 1426 695 sic

368 709 426 744 sit,
460 714 590 738 testatur
622 707 823 744 Aristoteles,
857 708 890 738 in
923 709 965 739 IX
999 709 1182 749 Metaphys.
1206 709 1240 745 θ’,
1273 709 1327 739 ubi
1357 709 1427 739 vult

367 752 456 793 quod
479 751 607 782 scientia
637 751 676 781 sit
703 751 945 792 oppositorum,
971 753 1025 783 sed
1048 763 1066 783 a
1088 753 1260 792 proaeresi,
1284 753 1364 782 idest
1387 753 1425 782 ab

367 795 534 832 electione,
560 795 783 826 determinetur
810 796 849 826 ad
873 806 985 827 unum.
1008 797 1082 827 Non
1109 796 1203 836 igitur
1231 802 1356 836 oportet
1378 795 1425 825 in-

367 839 528 871 tellectum
548 849 646 869 errare
665 839 715 870 vel
738 839 892 879 ignorare,
917 841 956 870 ad
979 840 1040 870 hoc
1064 840 1151 880 quod
1174 839 1320 870 voluntas
1344 839 1425 869 male

366 884 448 914 velit.
1365 911 1367 913 ,

426 927 546 965 Contra
568 927 723 958 rationem
745 937 830 963 νει-ο,
848 927 923 967 quia
943 926 1084 957 inefficax
1098 926 1229 957 videtur.
1255 927 1322 957 Stat
1340 926 1425 957 enim

367 971 563 1002 intellectum
585 968 619 1001 in
641 971 731 1001 nullo
755 979 869 1006 errare;
895 977 926 1000 et
947 971 1144 1001 voluntatem
1167 980 1304 1010 peccare,
1329 981 1425 1011 appe—

369 1016 464 1047 tendo
488 1025 559 1045 vere
582 1015 705 1045 bonum
728 1014 970 1054 apprehensum,
995 1024 1061 1044 non
1085 1014 1190 1045 debito
1215 1015 1324 1045 modo.

426 1059 463 1089 II.
487 1059 538 1089 Ad
561 1059 641 1089 hanc
671 1058 916 1094 dubitationem,
941 1058 1012 1088 licet
1034 1058 1067 1088 in
1091 1058 1194 1098 primo
1223 1059 1354 1090 articulo
1379 1068 1424 1088 se-

369 1103 493 1144 quentis
517 1102 728 1143 quaestionis,
753 1101 785 1131 in
809 1101 1014 1141 responsione
1038 1103 1077 1132 ad
1101 1101 1257 1142 primum,
1283 1102 1425 1133 videatur

368 1146 536 1182 tractanda,
561 1146 635 1186 quia
657 1145 700 1176 ibi
724 1152 963 1176 consummatur
982 1145 1124 1186 quaestio
1140 1145 1216 1176 haec
1232 1147 1271 1176 de
1295 1153 1424 1186 peccato

370 1197 477 1221 contra
500 1190 671 1225 scientiam,
696 1199 777 1230 quae
799 1189 850 1220 hic
873 1195 1020 1220 tractatur
1039 1200 1075 1220 ex
1094 1200 1157 1220 una
1180 1197 1267 1230 parte
1291 1197 1424 1226 tantum,

370 1234 485 1266 scilicet
508 1244 544 1264 ex
571 1241 658 1273 parte
681 1233 852 1273 passionis;
876 1240 1005 1273 propter
1028 1234 1215 1273 opinionem
1238 1241 1344 1265 tamen
1368 1235 1424 1265 So-

370 1278 459 1309 cratis
482 1277 533 1308 hic
555 1277 772 1317 approbatam,
790 1277 902 1308 dicitur
917 1287 990 1308 cum
1013 1280 1151 1308 Auctore
1175 1279 1263 1318 quod
1277 1278 1426 1318 impossi-

368 1322 430 1352 bile
454 1328 500 1352 est
521 1321 718 1352 voluntatem
745 1331 873 1361 peccare
903 1322 1022 1362 absque
1052 1321 1227 1362 ignorantia
1250 1323 1300 1353 vel
1324 1333 1426 1353 errore

369 1366 562 1402 intellectus,
587 1371 717 1405 propter
745 1365 900 1395 rationem
922 1365 955 1395 in
978 1365 1079 1396 littera
1107 1366 1242 1397 allatam.
1268 1366 1329 1397 Sed
1353 1373 1427 1397 sunt

368 1410 419 1440 hic
447 1406 511 1440 duo
535 1409 732 1440 advertenda.
761 1409 884 1445 Primo,
908 1410 997 1450 quod
1019 1410 1212 1450 ignorantiae
1241 1411 1371 1441 nomine
1394 1411 1427 1441 in

369 1454 534 1494 proposito
558 1453 741 1493 intelligitur
763 1453 857 1483 etiam
880 1453 948 1493 ipsa
967 1453 1095 1484 actualis
1111 1454 1362 1486 inconsideratio.
1387 1455 1428 1486 Et

370 1508 406 1528 ex
429 1498 491 1528 hoc
514 1498 681 1528 solvuntur
704 1497 812 1527 omnia
835 1505 1019 1537 argumenta
1046 1505 1154 1528 contra
1177 1498 1319 1538 positum
1343 1507 1428 1529 erro-

369 1552 436 1572 rem
459 1542 645 1572 intellectus.
669 1542 716 1572 Ex
738 1541 799 1571 hoc
815 1542 900 1572 enim
918 1542 1013 1572 habes
1029 1542 1118 1582 quod
1134 1541 1248 1573 sufficit
1271 1543 1310 1573 ad
1333 1553 1427 1583 appa-

369 1596 440 1616 rens
463 1586 596 1622 bonum,
621 1585 710 1626 quod
732 1585 844 1615 actuali
867 1585 1150 1616 inconsideratione
1173 1586 1374 1617 transferatur
1390 1587 1428 1617 de

371 1629 480 1660 ordine
496 1629 560 1660 veri
583 1629 660 1659 boni
682 1629 715 1659 in
739 1639 804 1659 non
821 1639 891 1660 vere
911 1630 1049 1660 bonum:
1074 1637 1110 1660 ut
1126 1630 1163 1660 de
1181 1637 1310 1670 peccato
1326 1630 1427 1670 angeli

369 1674 402 1704 in
421 1674 525 1704 Prima
541 1673 630 1703 Parte
644 1672 662 1692 *
685 1673 804 1703 dictum
828 1679 884 1703 est.
900 1691 920 1696 -
936 1673 977 1704 Et
995 1683 1051 1714 per
1066 1674 1127 1704 hoc
1142 1674 1275 1705 solvitur
1291 1675 1426 1706 obiectio

370 1724 477 1749 contra
500 1717 655 1748 rationem
677 1717 778 1748 allata.

422 1762 579 1798 Secundo,
599 1761 688 1802 quod
711 1760 919 1801 apprehensio
943 1761 1092 1802 requisita
1117 1762 1154 1792 ad
1178 1762 1240 1792 hoc
1259 1763 1348 1802 quod
1370 1773 1427 1793 vo-

369 1806 474 1836 luntas
498 1813 624 1846 appetat
646 1805 764 1845 aliquid
788 1802 874 1846 (non
905 1805 990 1835 enim
1014 1804 1085 1836 ferri
1109 1812 1213 1845 potest
1236 1806 1295 1837 nisi
1318 1807 1351 1837 in
1375 1817 1428 1846 ap-

370 1848 587 1892 prehensum),
611 1859 678 1879 non
702 1856 748 1879 est
771 1858 991 1889 quaecumque
1007 1849 1156 1889 cognitio,
1174 1850 1315 1891 alioquin
1338 1850 1427 1881 intel-

369 1893 462 1925 lectio
493 1893 683 1934 speculativa
706 1892 875 1928 sufficeret,
901 1893 990 1923 cuius
1019 1893 1204 1934 oppositum
1235 1894 1368 1925 habetur
1391 1905 1427 1925 ex

370 1937 411 1967 III
434 1937 473 1968 de
495 1938 613 1968 Anima
630 1935 662 1966 *:
687 1937 742 1967 sed
766 1943 812 1967 est
839 1936 978 1976 cognitio
1006 1936 1148 1968 iudicans
1172 1944 1202 1968 et
1232 1938 1426 1978 praecipiens

369 1981 431 2012 hoc
454 1991 520 2012 esse
544 1981 768 2021 appetendum.
791 1981 966 2021 Nunquam
983 1981 1068 2011 enim
1091 1981 1204 2022 aliquis
1228 1981 1348 2022 aliquid
1371 1993 1426 2023 ap-

368 2025 446 2066 petit
461 2026 550 2066 quod
568 2035 633 2055 non
648 2025 765 2056 iudicat
788 2025 1012 2064 appetendum,
1032 2025 1150 2056 iudicio
1166 2025 1270 2056 subito
1286 2026 1336 2056 vel
1348 2026 1425 2057 deli-

367 2070 486 2105 beruto,
503 2069 648 2110 expedito
668 2069 718 2099 vel
737 2068 900 2108 impedito,
918 2075 975 2099 etc.
1001 2069 1175 2110 Nunquam
1198 2069 1293 2100 etiam
1314 2070 1426 2111 aliquis

367 2113 503 2144 iudicata
526 2113 702 2154 appetenda
724 2122 790 2143 esse
807 2112 908 2152 eliget,
925 2112 983 2143 nisi
999 2113 1132 2153 imperet
1151 2113 1208 2143 sibi
1224 2113 1285 2153 ipsi
1301 2114 1425 2145 animus

367 2156 582 2197 appetendum
598 2167 673 2187 esse.
694 2157 740 2187 Ex
755 2156 817 2187 hoc
833 2163 940 2187 autem
954 2163 1040 2197 patet
1055 2158 1153 2198 quod,
1170 2156 1195 2187 si
1212 2158 1426 2198 appetendum

368 2202 498 2242 aliquod
513 2208 559 2232 est
577 2210 648 2231 vere
664 2200 838 2231 iudicatum
853 2201 986 2237 bonum,
1005 2201 1143 2241 quando,
1168 2201 1257 2237 sicut,
1275 2202 1338 2238 ubi,
1356 2209 1424 2239 etc.,

327 2244 332 2250 ’
368 2252 398 2276 et
421 2245 608 2276 sufficienter
637 2251 859 2285 praeceptum;
885 2250 1011 2284 oportet
1039 2246 1129 2286 sequi
1161 2245 1367 2285 electionem,
1391 2253 1427 2278 ut

128 2291 139 2301 ⁸
154 2290 211 2318 Cap.
221 2297 254 2312 rx.

129 2330 138 2339 “
158 2329 214 2357 Cap.
231 2336 269 2356 111,
288 2336 310 2352 n.
326 2336 340 2358 9

130 2362 200 2384 sqq.-
209 2356 280 2378 S.Th.
288 2357 341 2378 lect.

128 2389 215 2437 sthQu.
225 2415 282 2437 xvn,
296 2413 340 2431 art.

127 2442 146 2463 5.

131 2645 139 2653 ·
154 2641 190 2663 Cf.
205 2648 269 2663 num.
280 2648 297 2663 ῐ.

126 2815 136 2823 ·
152 2814 187 2835 Cf.
199 2814 266 2836 etiam
276 2820 337 2842 resp.

127 2839 155 2861 ad
169 2847 192 2869 3.

367 2296 453 2329 patet
471 2299 527 2329 per
545 2289 772 2329 Augustinum,
795 2289 828 2319 in
851 2289 923 2319 VIII
946 2288 1089 2330 Consess.
1106 2289 1132 2326 *,
1157 2295 1188 2320 et
1210 2290 1422 2328 Aristotelem,

366 2333 400 2363 in
415 2333 472 2364 V11
487 2333 589 2364 Ethic.
606 2333 632 2369 *,
654 2340 684 2364 et
699 2332 878 2373 supradicta
892 2333 942 2369 **;
967 2339 998 2363 et
1013 2333 1056 2364 sic
1075 2333 1132 2364 erit
1147 2333 1258 2364 electio
1275 2334 1370 2366 bona.
1393 2335 1426 2366 Si

366 2384 474 2408 autem
498 2377 711 2417 appetendum
734 2387 800 2407 non
816 2383 862 2407 est
876 2386 947 2407 vere
965 2376 1150 2414 iudicatum,
1167 2385 1222 2408 aut
1237 2377 1426 2410 sufficienter

365 2421 570 2462 praeceptum
585 2421 723 2457 bonum;
749 2427 824 2451 tunc
848 2430 923 2451 cum
946 2421 1029 2451 mala
1045 2421 1196 2453 electione
1213 2421 1351 2453 defectus
1367 2433 1424 2463 po-

366 2465 455 2495 sitive
472 2465 523 2495 vel
546 2464 687 2506 negative
710 2471 756 2495 est
778 2464 810 2495 in
833 2464 1005 2504 intellectu,
1022 2465 1099 2495 dum
1115 2466 1262 2496 voluntas
1281 2466 1378 2497 fertur
1390 2466 1424 2497 in

365 2510 489 2540 bonum
517 2519 582 2539 non
609 2519 680 2539 vere
704 2509 759 2539 sed
781 2518 954 2548 apparens,
985 2519 1022 2539 ex
1044 2509 1100 2539 illo
1125 2509 1258 2540 defectu.
1286 2510 1327 2542 Et
1349 2510 1424 2551 quia

365 2553 442 2584 haec
465 2553 530 2584 duo
550 2553 690 2583 membra
710 2552 945 2592 distinguuntur
960 2553 1210 2590 contradictorie,
1226 2563 1423 2595 consequens

365 2604 412 2628 est
435 2603 471 2628 ut
493 2607 559 2628 non
583 2597 621 2627 sit
644 2597 716 2626 dare
739 2597 892 2627 medium.

422 2641 473 2671 III.
491 2641 542 2671 Ad
558 2640 679 2671 obiecta
698 2647 805 2670 autem
827 2640 859 2670 in
883 2640 1069 2681 oppositum
1084 2641 1110 2677 *,
1136 2641 1249 2672 dicitur
1264 2642 1352 2682 quod
1367 2652 1422 2672 au-

364 2685 521 2716 ctoritates
540 2694 651 2715 omnes
675 2684 811 2714 dicentes
835 2684 999 2715 hominem
1022 2691 1167 2726 appetere
1191 2692 1299 2716 contra
1323 2686 1422 2716 scien-

363 2729 449 2765 tiam,
470 2729 649 2768 intelligunt
665 2735 772 2758 contra
795 2727 958 2759 scientiam
976 2729 1178 2766 habitualem,
1198 2729 1247 2760 vel
1267 2730 1421 2761 actualem

363 2773 397 2803 in
420 2772 597 2808 universali,
611 2772 662 2802 vel
686 2772 840 2802 actualem
864 2772 1057 2812 particularis
1080 2774 1237 2810 absolute;
1261 2780 1297 2804 ut
1319 2773 1352 2804 in
1376 2784 1421 2804 re-

364 2817 536 2857 sponsione
551 2817 591 2847 ad
606 2815 747 2856 primum
761 2815 779 2835 *
797 2815 917 2846 articuli
933 2816 1027 2856 primi
1043 2817 1201 2858 sequentis
1217 2817 1420 2858 quaestionis,

365 2861 486 2892 dicitur.
503 2861 596 2892 Unde
611 2859 759 2890 articulus
771 2859 952 2890 Parisiensis
964 2860 1002 2890 de
1018 2860 1178 2892 intellectu
1194 2861 1227 2891 in
1243 2861 1420 2899 universali,

365 2912 395 2935 et
418 2904 596 2945 particulari
619 2904 795 2934 secundum
819 2913 851 2934 se
876 2903 1071 2935 considerato
1095 2905 1128 2934 in
1152 2912 1232 2941 actu,
1250 2915 1342 2936 verus
1362 2913 1420 2936 est:

364 2959 438 2979 cum
450 2959 516 2989 quo
532 2955 592 2979 stat
607 2947 783 2988 ignorantia
797 2947 990 2988 particularis
1006 2947 1038 2978 in
1056 2949 1301 2988 comparatione.
1314 2967 1335 2972 -
1347 2950 1422 2980 Pos-

364 2999 409 3023 set
425 3002 556 3033 quoque
572 2992 632 3022 dici
655 2991 743 3032 quod
760 2998 806 3022 est
820 3001 913 3022 verus
937 2991 974 3022 de
998 2991 1174 3032 particulari
1191 2993 1223 3022 in
1240 3000 1310 3023 actu
1328 2993 1422 3024 etiam

363 3037 470 3072 relato,
488 3037 594 3077 quoad
610 3043 716 3067 actum
730 3035 838 3066 iudicii
854 3045 919 3066 non
939 3034 1141 3076 praeceptivi:
1167 3046 1240 3066 cum
1260 3036 1313 3067 tali
1337 3037 1422 3067 enim

363 3079 480 3110 iudicio
505 3087 564 3111 stat
593 3080 779 3120 oppositum
809 3079 963 3110 iudicium
990 3079 1199 3121 praecipiens,
1223 3080 1256 3110 in
1287 3090 1352 3121 quo
1377 3088 1422 3112 est

364 3123 512 3154 defectus.

418 3168 596 3198 Auctoritas
615 3167 790 3198 Aristotelis
806 3167 947 3207 loquitur
966 3167 1004 3197 de
1028 3167 1156 3198 scientia
1172 3167 1285 3198 morali
1309 3168 1418 3198 distin-

364 3216 412 3240 cta
428 3218 534 3241 contra
550 3211 626 3241 scire
642 3211 835 3252 prudentiae.
852 3211 892 3242 Et
907 3211 946 3242 de
962 3211 1024 3248 illa,
1042 3221 1115 3242 cum
1131 3211 1170 3242 sit
1186 3211 1420 3250 universalium,

365 3261 486 3285 constat
505 3265 617 3294 parum
635 3255 685 3286 vel
701 3255 778 3285 nihil
801 3255 919 3286 valere:
944 3255 982 3285 de
1001 3255 1060 3286 ista
1079 3262 1186 3286 autem
1209 3261 1331 3286 constat
1354 3265 1420 3286 esse

364 3296 501 3328 formam
525 3305 555 3328 et
582 3298 798 3329 definitionem
820 3299 985 3330 virtutum.
1016 3299 1056 3330 Et
1085 3299 1239 3340 quoniam
1269 3299 1345 3330 haec
1368 3300 1420 3330 de-

363 3341 479 3381 pendet
502 3342 540 3371 ab
564 3343 703 3382 appetitu
726 3349 820 3378 recto,
838 3350 868 3374 et
884 3353 900 3373 e
917 3351 1039 3379 contra,
1064 3343 1137 3374 ideo
1157 3349 1283 3383 oportet
1305 3343 1419 3374 vitioso

363 3386 493 3415 suadere
518 3392 548 3416 et
571 3387 658 3426 quod
682 3386 864 3423 consideret,
885 3387 1001 3418 iudicet
1025 3393 1055 3418 et
1077 3387 1260 3418 sollicitetur
1277 3393 1368 3424 recte,
1389 3394 1419 3418 et

1014 151 1278 196 QUAESTIO
1307 151 1500 197 LXXVII,
1528 152 1821 190 ARTICULUS
1851 155 1882 192 ΙΙ

1480 228 1568 277 quod
1589 235 1692 279 mutet
1715 231 1906 270 appetitum:
1929 233 2063 264 alterum
2090 235 2175 265 enim
2198 236 2265 266 sine
2294 236 2391 266 altero
2415 235 2535 267 insuffi-

1481 281 1563 301 ciens
1588 280 1754 304 mvemtur.

1534 315 1584 345 Ad
1609 316 1744 356 primam
1767 317 1930 355 rationem,
1951 320 2039 360 quod
2055 321 2207 351 rectitudo
2224 321 2352 353 rationis
2367 324 2483 363 pendet
2498 333 2535 354 ex

1480 359 1554 389 solis
1571 360 1710 390 terminis
1726 360 1758 390 in
1775 360 1877 391 forma
1894 362 2093 402 syllogistica,
2118 364 2231 395 dicitur
2253 367 2342 406 quod
2361 367 2463 397 maior
2477 367 2535 397 ista

1480 410 1526 433 est
1542 403 1706 434 falsissima
1722 404 1945 436 universaliter.
1969 406 2009 437 Et
2024 406 2102 437 ratio
2119 413 2164 437 est
2180 408 2254 448 quia
2273 410 2429 449 quaedam
2446 410 2534 440 recti-

1479 447 1557 477 tudo
1567 447 1584 466 *
1600 455 1646 478 est
1669 448 1701 478 in
1717 448 1838 479 ratione
1861 450 2036 480 secundum
2053 459 2100 480 se:
2117 456 2148 481 et
2161 451 2237 481 haec
2253 460 2289 482 ex
2304 453 2380 483 solis
2394 453 2534 484 terminis

1479 491 1604 531 pendet.
1630 492 1793 529 Quaedam
1819 500 1864 524 est
1884 493 1917 523 in
1940 494 2059 524 ratione
2083 504 2150 524 non
2173 496 2348 526 secundum
2371 507 2413 533 se,
2430 498 2484 528 sed
2501 505 2535 528 ut

1479 542 1566 565 mota
1591 536 1628 565 ab
1652 536 1810 576 appetitu:
1836 544 1866 567 et
1881 537 1938 567 ista
1955 537 2110 578 dependet
2133 547 2198 568 non
2223 548 2260 569 ex
2286 540 2361 570 solis
2383 541 2534 577 terminis,

1479 578 1532 607 sed
1556 588 1592 608 ex
1616 580 1811 610 connexione
1841 581 1997 612 conformi
2027 581 2179 622 appetitui
2202 589 2304 618 recto;
2327 584 2413 614 unde
2434 585 2467 615 in
2490 585 2533 616 VI

1478 621 1606 652 Ethic.*
1623 623 1735 653 dicitur
1750 624 1838 664 quod
1856 634 1965 655 verum
1983 626 2160 656 intellectus
2177 627 2315 666 practici
2325 632 2376 657 >est
2392 627 2534 669 confesse

1478 675 1512 695 se
1534 665 1653 696 habens
1675 669 1828 706 appetitui
1851 674 1948 699 recto.
1977 669 2069 700 Unde
2093 679 2167 700 cum
2195 670 2379 710 prudentiae
2407 671 2534 703 scientia

1479 708 1518 738 sit
1539 708 1572 738 in
1595 709 1754 740 intellectu
1783 718 1820 741 ut
1841 713 1948 743 subest
1969 714 2143 750 voluntati,
2169 721 2205 744 ut
2227 720 2312 754 patet
2334 724 2372 744 ex
2395 714 2484 746 dictis
2500 715 2532 752 *;

1478 751 1633 782 rectitudo
1657 753 1785 784 rationis
1809 754 1876 785 eius
1900 765 1964 786 non
1985 767 2021 788 ex
2037 758 2190 788 evidentia
2207 757 2416 789 terminorum
2432 759 2472 789 ad
2486 769 2533 791 ra-

1478 795 1598 825 tionem
1622 797 1774 833 absolute,
1792 799 1846 828 sed
1870 799 1910 829 ad
1932 800 2086 832 rationem
2101 809 2222 832 motam
2242 812 2260 832 a
2273 809 2358 833 recto
2382 803 2533 844 appetitu,

1479 839 1643 878 dependet.
1657 858 1678 863 —
1694 840 1734 871 Et
1750 841 1775 871 si
1790 841 1883 872 huius
1899 845 2112 883 responsionis
2128 856 2192 876 non
2209 856 2240 876 es
2256 856 2362 886 capax,
2379 847 2534 887 distingue

1479 883 1567 922 quod
1591 884 1744 914 rectitudo
1768 885 1896 916 rationis
1921 888 2095 919 secundum
2119 899 2165 926 se,
2191 891 2306 930 pendet
2334 901 2370 920 ex
2393 891 2534 921 terminis

1479 932 1510 956 et
1531 926 1634 957 forma
1662 928 1854 968 syllogismi:
1879 931 1934 960 sed
1957 938 1993 961 ut
2014 930 2180 964 iudicanda
2203 945 2220 964 a
2243 934 2334 964 nobis
2358 940 2388 965 et
2411 945 2534 975 praece-

1479 970 1573 1010 ptiva,
1590 972 1707 1011 pendet
1730 982 1766 1003 ex
1789 973 1930 1013 appetitu
1953 974 1986 1004 in
2010 976 2197 1014 moralibus,
2221 978 2296 1018 quia
2312 979 2418 1019 qiealis
2437 988 2533 1010 unus-

1478 1015 1610 1055 quisque
1628 1021 1684 1053 est,
1710 1018 1783 1047 talis
1806 1018 1836 1047 ei
1846 1018 1930 1057 finis
1954 1019 2080 1050 videtur
2090 1019 2116 1051 *.
2132 1020 2173 1051 Et
2187 1021 2260 1052 ideo
2276 1029 2323 1053 est
2338 1022 2534 1062 impossibile

1479 1059 1567 1099 quod
1583 1059 1622 1089 sit
1635 1059 1772 1099 perfecta
1794 1061 1873 1092 ratio
1890 1062 1957 1092 sola
1976 1072 2013 1093 ex
2024 1063 2164 1094 terminis
2183 1071 2214 1096 et
2228 1065 2425 1107 syllogismo,
2442 1067 2534 1108 quid-

1478 1102 1555 1143 quid
1579 1102 1611 1133 in
1634 1104 1795 1135 voluntate
1819 1105 1868 1136 sit:
1895 1113 2020 1146 oportet
2044 1107 2128 1137 enim
2146 1108 2342 1141 voluntatem
2365 1120 2431 1141 esse
2454 1111 2534 1142 bene

1479 1146 1673 1186 dispositam,
1690 1148 1715 1178 si
1738 1149 1815 1179 ratio
1833 1149 1967 1190 perfecta
1991 1150 2030 1181 sit
2050 1151 2169 1182 ratione
2193 1153 2304 1183 morali
2326 1154 2534 1194 particularis-

1479 1190 1558 1220 sima
1573 1191 1639 1221 sine
1656 1192 1789 1228 defectu,
1811 1200 1846 1224 ut
1862 1193 1982 1224 dictum
1997 1201 2052 1225 est.
2070 1212 2091 1218 -
2103 1195 2245 1236 Utraque
2265 1197 2431 1237 responsio
2447 1199 2532 1230 bona

1477 1233 1616 1265 videtur:
1642 1236 1696 1266 sed
1719 1236 1820 1276 prima
1844 1244 1890 1268 est
1912 1237 2052 1268 formalis
2077 1246 2107 1269 et
2129 1239 2297 1279 profunda.

1504 1277 1507 1281 ’
1534 1279 1584 1309 Ad
1608 1280 1762 1310 rationem
1785 1281 1889 1317 aliam,
1906 1291 1987 1322 quae
2003 1289 2049 1313 est
2071 1283 2218 1314 omnium
2241 1283 2433 1322 difficillima,
2453 1295 2534 1326 quo-

1479 1322 1565 1352 niam
1589 1323 1687 1363 tangit
1717 1325 1853 1364 primam
1880 1325 2034 1362 radicem;
2060 1326 2172 1357 dicitur
2197 1328 2286 1368 quod
2314 1328 2348 1358 in
2377 1328 2439 1360 hoc
2460 1329 2533 1370 ipso

1479 1367 1568 1406 quod
1597 1368 1744 1398 voluntas
1776 1369 1961 1400 determinat
1992 1380 2025 1400 se
2053 1377 2083 1401 et
2110 1370 2304 1402 intellectum
2332 1372 2372 1402 ad
2400 1371 2535 1405 alterum

1480 1410 1704 1450 oppositorum
1727 1413 1814 1453 quod
1834 1420 1880 1443 est
1901 1413 2033 1450 malum,
2050 1413 2215 1446 intervenit
2229 1415 2404 1455 ignorantia
2419 1416 2535 1458 aliqua.

1481 1453 1616 1494 Opor‘tet
1629 1465 1777 1496 namque,
1797 1456 1960 1488 voluntate
1976 1457 2095 1499 aliquid
2114 1466 2290 1498 appetente,
2306 1459 2386 1490 illud
2404 1459 2538 1492 iudicat}

1481 1499 1695 1538 appetendum
1723 1510 1822 1536 nunc,
1850 1501 1916 1537 hic,
1941 1508 2016 1532 etc.:
2048 1509 2079 1532 et
2101 1512 2175 1532 cum
2197 1503 2229 1533 in
2252 1503 2380 1534 veritate
2406 1513 2474 1535 non
2495 1503 2538 1535 sit

1481 1543 1705 1583 appetendum,
1730 1551 1815 1584 patet
1837 1544 2014 1584 ignorantia
2036 1545 2150 1586 aliqua.
2420 1575 2422 1577 ,

1538 1587 1589 1618 IV.
1607 1587 1668 1617 Sed
1691 1598 1730 1617 an
1746 1587 1922 1627 ignorantia
1945 1589 1984 1620 sit
2007 1589 2094 1629 prius
2113 1597 2224 1621 natura
2245 1601 2343 1632 quam
2366 1591 2534 1632 appetitus,

1481 1629 1605 1661 difficile
1629 1638 1675 1661 est
1697 1631 1810 1662 videre.
1828 1632 1874 1663 Ex
1898 1643 1936 1663 eo
1953 1643 2090 1674 namque
2114 1634 2202 1674 quod
2225 1634 2386 1666 obiectum
2409 1642 2456 1667 est
2476 1645 2534 1669 vo-

1480 1674 1619 1711 luntatis,
1630 1675 1708 1705 illud
1724 1675 1766 1706 sic
1782 1676 1956 1707 iudicatum
1972 1677 2058 1718 prius
2075 1684 2186 1708 natura
2199 1677 2337 1709 videtur:
2355 1689 2392 1711 ex
2407 1687 2446 1710 eo·
2457 1684 2533 1711 vero

1481 1719 1570 1759 quod
1593 1718 1718 1749 effectus
1737 1720 1907 1751 voluntatis
1926 1721 2050 1751 videtur
2073 1721 2306 1753 determinantis
2329 1722 2533 1760 intellectum,

1479 1762 1565 1793 iuxta
1588 1763 1763 1793 doctrinam
1785 1764 1961 1795 Aristotelis
1976 1765 2002 1801 *,
2027 1765 2183 1805 posterius
2207 1772 2316 1796 natura
2338 1766 2471 1798 videtur.

1534 1807 1584 1836 Ad
1607 1807 1669 1837 hoc
1688 1807 1800 1838 dicitur
1815 1809 1903 1848 quod
1926 1809 2143 1840 determinatio
2159 1809 2335 1841 intellectus
2351 1811 2391 1841 ad
2404 1811 2536 1843 alteram

1478 1857 1601 1889 partem
1614 1850 1646 1880 in
1663 1851 1845 1888 moralibus,
1864 1862 1938 1882 cum
1954 1853 2165 1893 contingentia
2181 1853 2251 1890 sint,
2267 1854 2397 1895 quando
2413 1865 2451 1886 ex
2465 1865 2535 1895 pas-

1478 1893 1566 1924 sione
1589 1895 1743 1934 provenit,
1769 1896 1928 1936 praevenit
1951 1896 2114 1928 manifeste
2137 1897 2332 1935 electionem,
2350 1905 2386 1930 ut
2400 1905 2538 1939 patetex

1478 1947 1572 1978 supra
1587 1938 1604 1957 *
1619 1939 1788 1970 declaratis.
1814 1939 1875 1970 Sed
1898 1940 2052 1981 quoniam
2075 1940 2136 1972 hoc
2160 1948 2205 1972 est
2228 1951 2283 1982 per
2306 1941 2458 1979 accidens,
2482 1943 2535 1974 ab·

1478 1981 1580 2012 solute
1608 1982 1771 2023 loquendo
1796 1984 1833 2013 de
1858 1984 2116 2015 determinatione
2143 1985 2334 2022 intellectus,
2365 1984 2535 2017 dicendum

1478 2025 1659 2065 simpliciter
1688 2034 1734 2057 est
1762 2027 1850 2067 quod
1878 2028 2025 2060 voluntas
2053 2028 2239 2060 determinat
2271 2029 2468 2061 intellectum-
2493 2030 2536 2062 ad

1477 2068 1683 2101 iudicandum
1706 2071 1839 2102 alterum
1862 2072 2085 2112 oppositorum
2108 2072 2302 2110 faciendum,
2331 2074 2386 2104 sed
2409 2073 2536 2109 diver-i-

1478 2114 1574 2144 mode
1587 2114 1620 2144 in
1636 2115 1727 2145 bonis
1744 2121 1774 2146 et
1789 2115 1822 2145 in
1839 2116 1939 2147 malis.
1956 2116 2040 2153 Quia
2049 2126 2129 2147 ‚cum
2145 2124 2294 2149 neutrum
2310 2117 2538 2163 oppositorum

1477 2157 1571 2189 habet
1594 2159 1748 2189 rationem
1772 2159 1847 2190 mali
1870 2159 2039 2196 moraliter,
2063 2160 2210 2191 voluntas
2234 2171 2270 2192 ex
2294 2171 2326 2192 se
2349 2161 2418 2192 sola
2440 2161 2539 2199 flectit,

1477 2201 1631 2232 iudicium
1654 2212 1720 2243 quo
1743 2203 1826 2234 vult:
1857 2204 1895 2234 ad
1919 2203 2051 2235 alterum
2074 2213 2149 2235 vero
2177 2205 2401 2245 oppositorum
2429 2211 2539 2246 mora-v

1476 2245 1546 2276 liter
1569 2246 1704 2282 malum,
1729 2248 1876 2278 voluntas
1899 2247 1967 2288 ipsa
1990 2247 2086 2283 flectit
2106 2248 2276 2285 iudicium,
2306 2249 2361 2279 sed
2384 2259 2450 2280 non
2472 2247 2536 2280 atui·

1478 2297 1682 2321 concurrente
1706 2291 1746 2321 ad
1768 2291 1849 2322 hanc
1872 2291 2040 2322 flexionem
2062 2291 2171 2333 aliquo
2187 2292 2249 2324 alio
2265 2293 2388 2324 defectu
2411 2293 2534 2324 intelle·-

1477 2340 1556 2370 ctus‚
1575 2334 1687 2364 saltem
1703 2335 2036 2366 non-consideratione
2052 2336 2199 2367 omnium
2220 2337 2531 2374 considerandorum,

1477 2387 1558 2418 quae
1577 2377 1692 2410 sufficit
1715 2379 1754 2408 ad
1774 2379 1835 2409 hoc
1858 2380 1945 2420 quod
1970 2381 2072 2411 omnis
2088 2381 2194 2411 malus
2214 2382 2372 2422 ignorans
2385 2382 2427 2412 sit
2443 2380 2472 2418 ³,
2497 2387 2536 2413 ut

1477 2421 1516 2452 de
1531 2429 1660 2461 peccato
1677 2423 1778 2462 angeli
1794 2423 1913 2453 dictum
1937 2423 1997 2454 fuit
2009 2423 2039 2455 ⁴¹.
2063 2424 2220 2455 Iudicium
2241 2424 2336 2465 igitur
2351 2425 2389 2456 de
2407 2423 2531 2465 agendo

1476 2465 1526 2496 vel
1538 2466 1717 2506 appetendo
1730 2467 1843 2497 morali
1855 2467 1951 2504 malo,
1965 2477 2039 2498 cum
2051 2468 2084 2498 in
2096 2468 2216 2499 ratione
2228 2468 2384 2508 propositi
2395 2467 2434 2499 sit
2444 2468 2532 2510 prius

1476 2515 1587 2540 natura
1609 2510 1771 2541 voluntate
1795 2511 1886 2547 mala,
1911 2518 1942 2542 et
1956 2511 1988 2542 in
2004 2511 2124 2543 ratione
2147 2511 2296 2552 acceptati
2319 2512 2359 2543 sit
2376 2512 2532 2553 posterius

1475 2560 1586 2584 natura
1610 2555 1729 2590 eadem,
1754 2562 1785 2585 et
1808 2561 1985 2595 acceptetur
2007 2565 2044 2586 ex
2067 2555 2174 2596 aliquo
2199 2555 2323 2587 defectu
2345 2554 2532 2594 intellectus,

1475 2598 1550 2638 quia
1565 2598 1687 2629 malum
1709 2599 1884 2629 secundum
1900 2608 1932 2630 se
1949 2609 2015 2630 non
2030 2605 2076 2631 est
2091 2599 2289 2639 acceptabile,
2309 2600 2533 2632 resolvendum

1475 2642 1568 2672 estin
1587 2642 1657 2672 tria:
1682 2642 1715 2672 in
1737 2643 1844 2683 ipsum
1867 2642 2050 2679 iudicatum,
2074 2653 2130 2674 seu
2152 2643 2316 2680 iudicium,
2341 2644 2430 2685 quod
2445 2654 2532 2676 acce·

1474 2692 1593 2725 ptatur;
1618 2693 1648 2717 et
1670 2686 1703 2716 in
1726 2686 1884 2718 defectum
1906 2686 2090 2723 intellectus,
2115 2687 2199 2718 unde
2218 2688 2460 2728 quodammodo
2483 2698 2533 2719 ac-

1475 2736 1628 2770 ceptatur3
1654 2737 1684 2760 et
1706 2730 1808 2770 ipsam
1835 2731 1956 2771 passive
1979 2730 2195 2771 acceptionem
2218 2741 2236 2761 a
2259 2731 2342 2762 mala
2369 2731 2532 2764 voluntate

1473 2774 1602 2804 illatam.
1627 2774 1668 2804 Et
1689 2775 1795 2815 quoad
1813 2774 1878 2805 duo
1894 2774 2004 2816 prima,
2024 2774 2184 2815 praevenit
2198 2774 2396 2806 voluntatem
2414 2776 2532 2806 malam

1474 2824 1509 2848 ut
1533 2817 1693 2848 obiectum
1712 2825 1743 2849 et
1765 2818 1905 2849 conditio
1929 2818 2083 2850 nonnulla
2105 2818 2182 2855 eius,
2207 2819 2271 2850 sive
2295 2828 2332 2850 ex
2354 2826 2442 2860 parte
2464 2819 2533 2850 eius

1474 2862 1538 2892 sive
1562 2871 1598 2892 ex
1620 2869 1707 2902 parte
1729 2862 1944 2902 intelligentis:
1970 2863 2077 2903 quoad
2100 2863 2227 2894 tertium
2251 2869 2367 2899 autem,
2391 2870 2438 2894 est
2460 2863 2531 2895 effe-

1475 2912 1542 2936 ctus
1566 2905 1747 2937 voluntatis.
1772 2906 1812 2936 Et
1835 2906 1878 2937 sic
1902 2906 2011 2937 omnia
2034 2916 2175 2937 consona
2198 2907 2411 2938 inveniuntur.

1528 2949 1567 2980 V.
1588 2949 1622 2979 In
1646 2949 1759 2980 eodem
1783 2949 1924 2986 articulo,
1945 2957 2054 2981 notato
2079 2950 2323 2991 singularissime
2343 2951 2469 2982 ultimas
2485 2961 2530 2983 re-

1474 2993 1677 3033 sponsiones;
1699 2999 1738 3030 et,
1756 3000 1929 3027 memorata
1944 2994 2101 3034 praedicta
2124 2994 2323 3026 distinctione
2339 2992 2364 3032 *,
2389 2994 2530 3026 conside-

1474 3043 1542 3068 rato
1559 3046 1683 3077 semper
1706 3037 1795 3077 quod
1817 3038 2050 3078 propositiones
2073 3038 2166 3069 scitae
2186 3046 2216 3070 et
2238 3038 2399 3079 ignoratae
2411 3038 2445 3073 in
2461 3049 2530 3080 par-

1474 3080 1595 3111 ticulari
1618 3080 1652 3110 in
1675 3087 1745 3111 actu
1770 3081 1921 3121 practico,
1951 3092 2017 3112 non
2046 3089 2119 3113 sunt
2148 3082 2414 3114 contradictoriae.
2443 3082 2531 3115 Licet

1475 3124 1560 3155 enim
1575 3124 1708 3155 existens
1730 3125 1764 3155 in
1786 3125 1931 3165 passione
1955 3126 2059 3156 credat
2077 3126 2157 3157 hanc
2181 3136 2265 3157 nunc
2288 3126 2529 3158 fornicati⁰nem

1474 3168 1649 3198 secundum
1662 3178 1694 3198 se
1707 3178 1772 3199 non
1785 3179 1851 3200 esse
1863 3169 2048 3206 faciendam,
2058 3170 2154 3202 credit
2165 3176 2280 3207 tamen,
2294 3170 2443 3202 omnibus
2454 3179 2539 3201 con-x

1474 3211 1679 3248 currentibus,
1704 3222 1789 3243 nunc
1807 3213 1887 3244 hanc
1911 3213 2153 3244 fornicationem
2169 3223 2235 3245 esse
2255 3213 2528 3245 committendam:

1474 3255 1533 3286 nisi
1558 3255 1643 3286 enim
1659 3256 1720 3287 hoc
1737 3257 1844 3287 animo
1861 3257 1996 3294 sentiret,
2016 3267 2082 3288 non
2098 3257 2212 3290 faceret
2227 3267 2305 3289 eam.
2324 3256 2458 3291 Constat
2472 3266 2529 3288 au-

1474 3306 1538 3330 tem
1561 3309 1627 3330 non
1651 3310 1717 3330 esse
1739 3301 1995 3332 contradictorias
2018 3301 2086 3332 illas
2108 3311 2190 3343 quae
2208 3311 2274 3332 non
2289 3307 2363 3332 sunt
2377 3301 2418 3332 ad
2432 3301 2528 3337 idem,

1474 3343 1624 3379 similiter,
1638 3351 1695 3375 etc.
1712 3345 1753 3375 Et
1768 3345 1793 3375 si
1808 3345 1861 3375 ille
1876 3345 1908 3375 in
1923 3344 2043 3376 malitia
2059 3352 2113 3376 aut
2128 3345 2274 3386 passione
2288 3345 2430 3381 existens,
2447 3345 2530 3377 dicat

1473 3397 1506 3418 se
1525 3388 1638 3418 sentire
1661 3388 1694 3418 in
1717 3388 1825 3419 animo
1849 3389 2131 3420 contradictionem
2153 3389 2186 3420 in
2210 3395 2294 3425 actu,
2318 3388 2477 3420 mentitur.

2563 456 2572 465 ·
2582 455 2698 482 quaedam
2707 457 2772 479 ratio

2561 488 2575 502 P
2589 485 2611 503 et
2627 482 2662 503 ed.
2678 488 2732 511 15¹4·

2559 631 2643 679 gfff·
2650 637 2752 681 12¹c'cni2‘
2758 644 2770 649 ”

2561 719 2570 728 ·
2578 718 2614 740 cf.
2623 725 2662 747 qu.
2671 725 2718 746 ινι,
2727 723 2771 741 art.

2559 750 2583 772 3;
2599 751 2637 773 qu.
2647 751 2712 774 tvm,
2727 749 2771 768 art.

2558 776 2578 799 5.

2561 1027 2570 1036 ”
2580 1026 2678 1049 Aristot.
2686 1026 2771 1054 Mc„

2560 1052 2600 1074 lib.
2608 1052 2649 1080 m,
2702 1058 2772 1080 .v,n.

2560 1085 2591 1106 ¹7·
2600 1089 2610 1094 —
2623 1078 2648 1102 S.
2697 1095 2703 1102 .
2717 1079 2770 1102 leet.

2558 1111 2610 1127 xm.

2561 1773 2571 1782 ”
2579 1771 2720 1801 Μωρὴγο.;
2730 1773 2773 1795 lib,

2621 1804 2716 1848 3⁹ss
2727 1805 2771 1847 ²1¹2·ss

2595 1840 2669 1878 ,Ἰοαῖ
2682 1841 2720 1873 tv:
2764 1842 2771 1848 ’

2561 1945 2773 1974 ‘eran-praeced„

2562 1972 2697 1996 Commeat.

2557 2386 2567 2396 '
2577 2385 2675 2408 Anatot.
2682 2385 2771 2413 Educ„

2558 2411 2598 2434 lib.
2617 2411 2658 2438 m,
2677 2418 2727 2441 cap.
2747 2418 2766 2439 1,

2558 2437 2770 2465 n.t4.-S.Th.lect.

2556 2470 2620 2513 {nef-
2633 2496 2698 2513 num.
2713 2497 2739 2513 n.

2557 3001 2566 3011 ·
2581 3001 2618 3025 Cf.
2632 3007 2697 3024 num.
2711 3007 2748 3024 111.

2832 1991 2833 1994 Α
2833 1906 2840 1960 ᾳ-
2833 1702 2840 1896 -—-..a-2-
2838 1679 2840 1691 ..
2838 1650 2840 1655 .
2836 1611 2840 1639 .-.
