2840 4010
92 3024 303 3078 Fssssffjsibfii'iifi‘}

94 3083 135 3104 cap
142 3092 147 3098 .
157 3083 229 3098 xxxxxx

332 182 353 216 8
999 179 1264 226 QUAESTIO
1295 179 1432 223 LXXI,
1462 178 1756 216 ARTICULUS
1783 179 1835 216 V1

332 268 447 297 tatem
467 261 592 297 habet.
619 260 659 297 Si
680 259 780 296 enim
800 259 1022 306 intelligatur
1039 258 1077 294 in
1095 263 1253 305 peccato
1274 255 1387 291 omis-

332 313 447 349 sionis
479 313 569 349 illud
602 313 726 349 solum
763 312 866 360 quod
896 323 964 359 per
996 322 1035 346 se
1063 308 1223 357 pertinet
1255 307 1304 344 ad
1333 319 1389 344 ra-

331 365 474 402 tionem
503 360 658 413 peccati,
684 365 736 401 sic
760 363 990 412 quandoque
1017 360 1233 398 omissionis
1255 372 1389 408 pecca-

331 425 412 454 tum
443 424 497 453 est
527 430 614 454 cum
643 424 728 453 actu
757 415 937 461 interiori,
963 421 1004 450 ut
1034 425 1120 449 curn
1150 412 1282 460 aliquis
1309 413 1390 450 vult

332 482 410 507 non
442 470 495 506 ire
525 470 573 506 ad
610 469 828 506 ecclesiam:
859 466 1090 514 quandoque
1122 477 1216 502 vero
1245 466 1388 514 absque

333 522 436 559 omni
464 530 549 559 actu
580 523 641 558 vel
669 519 835 558 interiori
863 519 924 555 vel
955 518 1148 564 exteriori,
1178 517 1272 555 sicut
1300 531 1388 555 curn

334 574 467 623 aliquis
495 576 589 611 hora
618 586 692 622 qua
720 579 867 608 tenetur
894 571 947 607 ire
981 571 1029 608 ad
1058 571 1273 618 ecclesiam,
1298 571 1388 608 nihil

333 627 469 675 cogitat
497 627 544 664 de
574 625 700 662 eundo
728 625 789 661 vel
818 635 896 660 non
917 623 1043 661 eundo
1063 624 1112 661 ad
1133 624 1343 661 eeclesiam.
1364 645 1387 651 -

333 679 372 716 Si
399 691 492 716 vero
521 678 558 714 in
586 684 743 726 peccato
773 676 988 713 omissionis
1007 676 1257 725 intelligantur
1276 677 1388 713 etiam

332 743 467 768 causae
496 731 558 767 vel
587 729 807 766 occasiones
835 729 1047 777 omittendi,
1076 730 1128 766 sic
1151 742 1305 766 necesse
1335 737 1391 766 est

331 785 370 820 in
388 790 544 832 peccato
566 782 781 819 omissionis
801 782 966 831 aliquem
987 790 1114 820 actum
1135 795 1217 819 esse
1236 782 1267 819 *.
1299 783 1390 819 Non

332 836 434 872 enim
463 842 518 872 est
545 843 746 884 peccatum
784 835 1000 872 omissionis
1035 835 1105 872 nisi
1140 847 1227 871 cum
1255 835 1389 883 aliquis

329 888 588 937 praetermittit
620 889 723 938 quod
758 895 882 937 potest
914 889 1038 925 facere
1073 896 1110 925 et
1137 900 1216 924 non
1252 888 1387 924 facere.

331 941 449 988 Quod
477 948 603 978 autem
633 941 765 990 aliquis
800 941 959 978 declinet
988 941 1036 978 ad
1064 953 1143 978 non
1171 940 1388 977 faciendum

328 993 419 1031 illud
448 994 554 1042 quod
579 1002 705 1043 potest
732 995 855 1031 facere
884 1001 919 1030 et
948 1006 1026 1031 non
1054 995 1198 1040 facere,
1228 1005 1307 1030 non
1336 1000 1391 1030 est

330 1046 400 1084 nisi
429 1059 474 1084 ex
503 1047 627 1096 aliqua
656 1060 769 1084 causa
792 1047 854 1084 vel
883 1047 1083 1083 occasione
1109 1046 1309 1094 coniuncta
1327 1047 1390 1083 vel

329 1101 592 1149 praecedente.
622 1101 671 1137 Et
699 1100 729 1137 si
758 1099 914 1148 quidem
940 1111 1053 1136 causa
1081 1099 1142 1136 illa
1170 1111 1248 1135 non
1277 1099 1322 1135 sit
1350 1099 1389 1135 in

329 1160 514 1201 potestate
551 1153 735 1200 hominis,
766 1153 921 1190 omissio
955 1165 1034 1189 non
1061 1153 1176 1189 habet
1204 1151 1389 1188 rationem

328 1206 494 1254 peccati:
524 1207 618 1243 sicut
654 1218 743 1243 cum
776 1205 909 1253 aliquis
941 1213 1098 1253 propter
1131 1204 1390 1241 infirmitatem

329 1259 590 1307 praetermittit
617 1259 666 1296 ad
696 1258 894 1295 ecclesiam
913 1257 978 1294 ire.
1009 1257 1048 1294 Si
1071 1269 1166 1294 vero
1193 1269 1307 1293 causa
1329 1258 1392 1293 vel

331 1312 481 1348 occasio
503 1312 698 1348 omittendi
722 1311 915 1348 subiaceat
932 1310 1128 1357 voluntati,
1150 1310 1306 1347 omissio
1326 1310 1391 1346 ha-

331 1365 394 1401 bet
408 1365 594 1401 rationem
609 1364 772 1413 peccati:
795 1371 830 1400 et
844 1371 934 1400 tunc
949 1375 1101 1412 semper
1120 1369 1270 1411 oportet
1288 1363 1391 1411 quod

330 1417 399 1454 ista
428 1429 553 1465 causa,
575 1418 798 1467 inquantum
827 1424 882 1453 est
904 1416 1132 1463 Voluntaria,
1163 1416 1301 1452 habeat
1328 1416 1390 1452 ali-

331 1482 446 1519 quem
475 1478 614 1518 actum,
635 1471 683 1508 ad
713 1470 839 1507 minus
867 1470 1087 1506 interiorem
1109 1468 1326 1506 voluntatis.

385 1523 461 1570 Qui
490 1523 646 1571 quidem
675 1531 779 1560 actus
808 1523 1039 1571 quandoque
1060 1522 1199 1559 directe
1219 1522 1335 1558 fertur
1353 1521 1392 1558 in

332 1576 455 1625 ipsam
477 1577 743 1614 omissionem:
773 1583 864 1624 puta
885 1588 971 1612 cum
993 1575 1123 1624 aliquis
1142 1575 1223 1611 vult
1241 1587 1319 1611 non
1338 1574 1392 1611 ire

330 1629 378 1666 ad
408 1629 618 1677 ecclesiam,
639 1630 761 1666 vitans
790 1630 974 1666 laborem.
1000 1629 1049 1665 Et
1076 1635 1166 1665 tunc
1185 1627 1267 1664 talis
1287 1634 1392 1664 actus

329 1694 399 1731 per
430 1695 470 1719 se
503 1683 663 1731 pertinet
696 1683 745 1719 ad
779 1682 1048 1718 omissionem:
1077 1682 1253 1718 voluntas
1291 1680 1392 1717 enim

330 1735 603 1784 cuiuscumque
632 1735 776 1784 peccati
795 1747 864 1784 per
883 1747 923 1771 se
942 1734 1104 1783 pertinet
1124 1734 1171 1770 ad
1190 1741 1390 1782 peccatum

330 1790 436 1835 illud,
468 1802 513 1825 eo
544 1790 647 1837 quod
675 1788 934 1825 voluntarium
969 1795 1024 1824 est
1057 1787 1103 1824 de
1133 1786 1276 1823 ratione
1305 1799 1392 1835 pec-

331 1843 412 1879 cati.
435 1864 458 1869 -
480 1842 723 1891 Quandoque
754 1849 880 1878 autem
906 1848 1010 1878 actus
1029 1839 1233 1877 voluntatis
1254 1839 1391 1876 directe

329 1897 445 1933 fertur
482 1896 520 1932 in
553 1895 672 1942 aliud,
703 1907 772 1943 per
809 1895 914 1943 quod
948 1895 1067 1931 homo
1106 1892 1311 1941 impeditur
1342 1893 1390 1929 ab

330 1957 415 1986 actu
445 1948 592 1986 debito:
623 1949 702 1985 sive
732 1947 823 1984 illud
850 1947 888 1984 in
917 1947 1021 1995 quod
1051 1947 1166 1983 fertur
1193 1945 1390 1992 voluntas,

331 2003 375 2039 sit
403 2003 645 2039 coniunctum
675 2000 884 2047 omissioni,
913 2007 1004 2049 puta
1033 2012 1121 2036 curn
1150 1998 1284 2046 aliquis
1309 1999 1391 2036 vult

330 2054 460 2092 Iudere
495 2055 650 2103 quando
687 2054 734 2091 ad
770 2053 968 2090 ecclesiam
1008 2053 1120 2089 debet
1153 2050 1168 2081 β
1202 2051 1273 2098 ire;
1309 2051 1390 2089 sive

331 2109 443 2145 etiarn
473 2108 519 2145 sit
546 2107 795 2157 praecedens,
825 2113 917 2156 puta
946 2117 1033 2142 cum
1064 2105 1197 2153 aliquis
1221 2105 1303 2142 vult
1327 2104 1392 2142 diu

329 2162 483 2210 vigilare
513 2162 559 2198 de
584 2173 681 2208 sero,
704 2173 748 2197 ex
768 2172 845 2209 quo
866 2158 1036 2207 sequitur
1055 2158 1161 2208 quod
1181 2170 1259 2195 non
1279 2159 1394 2195 vadat

383 2284 408 2317 β)
428 2285 511 2309 debet.
529 2298 548 2303 —
566 2284 672 2309 deberet
689 2283 735 2307 Pa.

382 2321 407 2354 γ)
428 2324 498 2345 tunc.
517 2334 535 2338 -
555 2319 615 2343 Om.
634 2319 685 2343 EF.

382 2355 406 2388 ὃ)
427 2356 542 2388 integra.
560 2369 578 2373 -
597 2358 623 2379 et
643 2355 749 2387 integra
769 2354 869 2378 codices
890 2359 914 2378 et
933 2361 958 2377 a.

1290 2440 1392 2447 MJ-fox
1400 2441 1403 2442 ν

1443 256 1537 292 hora
1566 256 1776 293 matutinali
1805 257 1853 293 ad
1881 259 2091 296 ecclesiam.
2123 261 2171 297 Et
2195 267 2284 297 tunc
2303 268 2407 297 actus
2435 261 2503 297 iste

1443 308 1596 345 interior
1631 309 1693 345 vel
1729 309 1890 345 exterior
1922 322 1992 358 per
2022 312 2198 350 accidens
2235 325 2275 350 se
2309 314 2423 350 habet
2455 314 2504 350 ad

1444 361 1713 398 omissionem:
1745 361 1832 410 quia
1852 362 2007 398 omissio
2028 365 2194 413 sequitur
2211 373 2361 414 praeter
2384 366 2503 403 inten-

1443 414 1607 460 tionem;
1637 415 1711 451 hoc
1744 422 1871 451 autem
1907 413 2066 451 dicimus
2099 428 2166 464 per
2193 418 2369 455 accidens
2398 430 2501 465 esse,

1444 467 1549 515 quod
1565 474 1619 504 est
1633 474 1781 516 praeter
1796 466 2056 514 intentionem,
2072 475 2114 504 ut
2127 475 2228 516 patet
2241 470 2280 507 in
2291 472 2322 507 ΙΙ
2332 471 2504 520 Ρὴγεὶε.*
2529 477 2682 526 [geg-‚¹233
2691 484 2742 526 Ἥ·

1443 520 1555 557 Unde
1575 520 1817 557 manifestum
1838 528 1894 556 est
1912 520 2016 568 quod
2036 527 2125 557 tunc
2139 525 2155 548 Υ
2168 529 2368 569 peccatum
2388 524 2502 561 omis·
2530 536 2562 551 ¹¹·

1444 573 1559 609 sionis
1587 574 1702 609 habet
1725 573 1880 622 quidem
1906 573 2071 622 aliquem
2101 580 2228 610 actum
2258 575 2502 613 coniunctum

1443 626 1504 662 vel
1532 626 1837 673 praecedentem,
1867 626 1932 674 qui
1950 634 2079 663 tamen
2098 638 2167 674 per
2185 625 2361 664 accidens
2379 639 2420 664 se
2437 629 2503 665 ha-

1444 679 1508 714 bet
1535 678 1584 714 ad
1611 685 1810 726 peccatum
1839 679 2064 716 omissionis.
2095 678 2279 716 Iudicium
2302 686 2428 717 autem
2456 682 2502 718 de

1445 731 1557 767 rebus
1587 730 1756 767 dandum
1785 738 1840 767 est
1867 732 2079 769 secundum
2107 731 2198 768 illud
2222 732 2326 780 quod
2355 739 2410 769 est
2435 745 2504 781 per

1445 795 1496 830 se,
1527 790 1562 819 et
1590 795 1667 819 non
1688 784 1899 820 secundum
1918 784 2009 822 illud
2029 784 2133 833 quod
2155 791 2210 821 est
2227 796 2296 833 per
2315 784 2502 822 accidens.

1443 837 1554 873 Unde
1582 835 1709 872 verius
1738 835 1811 872 dici
1838 844 1963 884 potest
1999 838 2103 885 quod
2133 837 2285 886 aliquod
2304 844 2503 886 peecatum

1443 889 1562 937 possit
1590 900 1671 925 esse
1700 888 1844 936 absque
1865 889 1971 926 omni
1998 897 2094 926 actu.
2124 889 2304 939 Alioquin
2324 890 2436 927 etiam
2457 891 2505 928 ad

1445 942 1644 978 essentiam
1674 941 1835 977 aliorum
1854 949 2100 989 peccatorum
2120 942 2324 980 actualium
2343 943 2505 992 pertine-

1444 1002 1527 1031 rent
1554 1002 1658 1031 actus
1688 1001 1722 1030 et
1750 1005 1971 1030 occasmnes
2000 1002 2293 1032 circumstantes.

1496 1049 1555 1084 Ao
1585 1058 1722 1084 PR1MUM
1756 1057 1854 1083 ERGO
1889 1057 2072 1083 morannum
2107 1048 2212 1095 quod
2239 1048 2348 1097 plura
2382 1048 2505 1097 requi-

1445 1107 1576 1137 runtur
1604 1100 1651 1137 ad
1681 1101 1827 1136 bonum
1856 1110 1974 1146 quam
1993 1100 2042 1136 ad
2066 1101 2230 1138 malum:
2251 1113 2299 1138 eo
2319 1101 2423 1150 quod
2442 1102 2504 1138 bo-

1445 1165 1536 1189 num
1564 1153 1746 1202 contingit
1763 1164 1813 1188 ex
1836 1157 1910 1188 tota
1930 1152 2078 1201 integra
2097 1150 2110 1173 ὅ
2129 1164 2256 1200 causa,
2275 1154 2418 1191 malum
2437 1166 2505 1191 au·
2628 1157 2642 1183 ὃ

1446 1211 1518 1243 tem
1537 1217 1587 1242 ex
1604 1205 1860 1255 singularibus
1883 1205 2094 1252 defectibus,
2114 1211 2156 1241 ut
2173 1206 2380 1255 Dionysius
2404 1206 2504 1254 dicit,

2627 567 2643 591 Υ

1446 1270 1482 1295 1v
1501 1271 1583 1307 cap.
1613 1259 1659 1295 de
1676 1259 1763 1295 Div.
1783 1258 1900 1294 Nom.
1921 1257 1941 1279 '¹‘
1970 1258 2019 1294 Et
2046 1257 2133 1294 ideo
2162 1266 2362 1306 peccatum
2380 1266 2506 1308 potest
2531 1264 2742 1287 'Sffhdeetaxn-

1447 1311 1664 1359 contingere
1683 1311 1763 1348 sive
1783 1310 1916 1359 aliquis
1935 1310 2045 1347 faciat
2059 1310 2164 1359 quod
2185 1322 2264 1347 non
2284 1310 2408 1359 debet,
2424 1312 2504 1350 sive

1446 1377 1525 1401 non
1553 1364 1726 1401 faciendo
1756 1364 1861 1413 quod
1890 1363 2023 1400 debet:
2053 1363 2121 1400 sed
2140 1363 2319 1400 meritum
2338 1375 2417 1400 non
2435 1377 2505 1413 po-

1445 1425 1517 1454 test
1536 1429 1618 1454 esse
1638 1417 1708 1454 nisi
1728 1416 1859 1464 aliquis
1879 1416 1988 1453 faciat
2002 1421 2014 1437 ε
2029 1416 2241 1454 voluntarie
2261 1417 2365 1465 quod
2381 1417 2505 1454 debet.
2635 1425 2645 1442 ⁶

1447 1471 1496 1507 Et
1523 1470 1610 1507 ideo
1639 1470 1816 1506 meritum
1846 1481 1924 1505 non
1952 1477 2076 1517 potest
2101 1482 2182 1506 esse
2211 1469 2291 1506 sine
2321 1476 2418 1516 actu,
2439 1469 2507 1507 sed

1446 1530 1647 1572 peccatum
1676 1530 1800 1571 potest
1829 1534 1910 1558 esse
1939 1522 2020 1559 sine
2048 1530 2145 1559 actu.

1500 1578 1558 1613 AD
1578 1588 1767 1613 SECUNDUM
1787 1587 1971 1612 DICENDUM
1991 1575 2096 1624 quod
2125 1574 2265 1624 aliquid
2294 1574 2426 1612 dicitur
2439 1587 2507 1612 vo-

1445 1629 1661 1676 luntarium,
1686 1641 1765 1665 non
1784 1629 1909 1664 solum
1938 1627 2028 1675 quia
2057 1628 2154 1665 cadit
2182 1640 2296 1676 super
2318 1628 2445 1677 ipsum
2469 1640 2507 1664 a·

1447 1690 1527 1719 ctus
1554 1681 1778 1728 voluntatis,
1809 1681 1876 1718 sed
1904 1680 1993 1730 quia
2016 1680 2054 1717 in
2080 1688 2266 1730 potestate
2295 1688 2424 1718 nostra
2453 1688 2508 1717 est

1445 1742 1486 1771 ut
1504 1736 1570 1771 fiat
1596 1736 1658 1771 vel
1678 1747 1757 1771 non
1776 1735 1852 1781 fiat,
1872 1741 1914 1770 ut
1938 1733 2071 1770 dicitur
2089 1733 2127 1770 in
2148 1735 2197 1770 III
2216 1734 2337 1771 Ethic.
2353 1733 2373 1755 *
2395 1734 2507 1771 Unde
2534 1733 2648 1783 ’ἓξὲξ-ν’
2664 1739 2688 1755 ¹¹·
2702 1733 2747 1755 ⁶··

1446 1783 1559 1824 etia‘m
1588 1787 1714 1836 ipsum
1742 1800 1820 1824 non
1847 1787 1944 1824 velle
1976 1793 2101 1836 potest
2128 1786 2200 1824 dici
2232 1786 2506 1835 voluntarium,
2610 1760 2728 1783 'mun'

1443 1841 1667 1889 inquantum
1696 1840 1733 1877 in
1762 1847 1946 1888 potestate
1974 1839 2140 1876 hominis
2169 1847 2224 1876 est
2251 1839 2350 1876 velle
2371 1846 2408 1876 et
2426 1852 2507 1877 non

1445 1894 1553 1931 velle.

1498 1948 1557 1983 AD
1577 1958 1735 1983 Ti-:erum
1755 1957 1939 1982 DICENDUM
1955 1945 2060 1994 quod
2074 1952 2275 1994 peccatum
2291 1945 2508 1982 omissionis

1445 1999 1691 2036 contrariatur
1718 2006 1922 2047 praecepto
1955 1998 2197 2044 affirmativo,
2227 1999 2332 2047 quod
2365 1998 2505 2046 obligat

1446 2064 1608 2101 semper,
1639 2051 1705 2088 sed
1734 2064 1812 2088 non
1841 2051 1891 2088 ad
1920 2063 2083 2100 semper.
2105 2052 2154 2088 Et
2181 2051 2269 2088 ideo
2289 2051 2415 2087 solum
2434 2063 2504 2099 pro

1445 2113 1619 2153 tempore
1647 2104 1708 2141 illo
1739 2104 1872 2152 aliquis
1893 2104 2077 2141 cessando
2099 2104 2147 2140 ab
2167 2111 2253 2140 actu
2272 2111 2416 2152 peccat,
2437 2116 2507 2152 pro

1446 2170 1523 2207 quo
1552 2165 1798 2206 praeceptum
1829 2157 2098 2194 affirmativum
2129 2156 2279 2204 obligat.

1448 2317 1466 2342 d
1481 2282 1522 2342 bs)
1542 2281 1638 2341 aliqulig
1651 2281 1748 2314 facIat.
1767 2295 1784 2298 —
1796 2281 1925 2314 faciendo
1945 2280 1973 2310 Ε,
1987 2279 2076 2313 faciat
2096 2279 2123 2309 F,
2142 2272 2246 2311 aliquid
2258 2279 2348 2312 facitu
2365 2279 2399 2310 ¹²3
2417 2279 2508 2304 sed...

1465 2324 1480 2342 e
1496 2321 1523 2342 et
1540 2324 1593 2342 om.
1638 2334 1644 2341 .

1145 2516 1461 2559 ARTICULUS
1491 2515 1699 2557 SEXTUS

563 2621 717 2651 UTRUM
742 2619 1083 2651 CONVENIENTER
1105 2618 1370 2649 DEFINIATUR
1393 2617 1629 2648 PECCATUM
1653 2617 1754 2648 ESSE
1776 2617 1963 2647 DICTUM
1989 2616 2069 2646 VEL
2091 2615 2283 2646 FACTUM

886 2672 965 2702 VEL
992 2671 1298 2702 CONCUPITUM
1319 2669 1498 2701 CONTRA
1522 2669 1683 2700 LEGEM
1701 2669 1954 2700 AETERNAM

1022 2760 1042 2784 11
1062 2759 1144 2789 Sent.‚
1165 2759 1224 2783 dist.
1243 2766 1314 2788 xxxv,
1334 2762 1381 2783 art.
1401 2765 1415 2783 2
1422 2765 1430 2788 ς
1451 2757 1492 2782 De
1511 2757 1592 2786 Malo,
1614 2765 1658 2790 qu.
1678 2765 1704 2788 ιι,
1724 2762 1770 2782 art.
1794 2765 1814 2781 1.

358 2888 378 2914 Ι,
399 2875 427 2899 »ι
449 2879 518 2917 aa<
540 2869 562 2894 D
592 2868 732 2894 SEXTUM
761 2868 814 2893 sm
838 2867 1076 2893 PROCEDITUR.
1106 2855 1265 2892 Videtur
1284 2854 1387 2904 quod

398 2906 405 2914 ¹
459 2899 517 2970 {⁴3⁴
541 2909 853 2947 inconvenienter
863 2909 1064 2946 definiatur
1073 2915 1285 2957 peccatum,
1300 2920 1387 2945 cum

346 2963 369 3009 ’,
385 2977 466 3041 ἐς
482 2953 509 3009 ²6
523 2960 529 2966 “
542 2963 690 3000 dicitur:
710 2963 909 2999 Peccatum
929 2968 983 2999 est
1005 2962 1143 2998 dictum
1162 2961 1222 2998 vel
1240 2962 1387 3008 factum

435 3008 482 3050 εἴ)
497 3007 529 3052 N
540 3017 600 3053 vel
613 3016 849 3064 concupitum
865 3021 996 3052 contra
1013 3015 1133 3064 legem
1148 3020 1341 3052 aeternam
1351 3013 1382 3051 ²⁸.

329 3069 481 3106 Dictum
512 3069 629 3116 enim,
660 3069 721 3106 vel
749 3069 906 3115 facturn,
935 3068 997 3105 vel
1027 3067 1289 3116 concupitum,
1319 3067 1388 3104 im—

329 3129 453 3169 portat
481 3123 645 3171 aliquem
675 3129 814 3159 actum.
845 3121 921 3158 Sed
951 3133 1028 3157 non
1055 3132 1168 3156 omne
1187 3127 1387 3169 peccatum

139 3187 149 3202 r
209 3187 285 3203 aee·
330 3173 507 3222 importat
539 3175 704 3222 aliquem
734 3182 879 3221 actum,
909 3181 950 3211 ut
978 3173 1120 3211 dictum
1150 3181 1205 3210 est
1223 3173 1253 3210 ²¹².
1285 3173 1387 3220 Ergo

329 3227 423 3263 haec
452 3227 619 3264 definitio
648 3241 726 3265 non
754 3227 910 3265 includit
937 3238 1052 3264 omne
1081 3233 1293 3275 peccatum.

385 3291 418 3316 2.
436 3280 666 3327 PRAETEREA,
682 3280 915 3328 Augustinus
935 3280 1032 3327 dicit,
1053 3279 1091 3317 in
1105 3279 1199 3316 libro
1219 3279 1265 3316 de
1282 3279 1388 3315 Dua-

329 3333 397 3368 bus
425 3333 632 3369 Animabus
651 3333 686 3369 ³¹²:
716 3335 913 3371 Peccatum
942 3338 996 3370 est
1018 3333 1189 3370 voluntas
1207 3332 1391 3369 retinendi

327 3385 388 3421 vel
415 3386 664 3433 consequendi
690 3388 789 3433 quod
815 3387 951 3423 iustitia
974 3391 1082 3423 vetat.
1115 3385 1192 3422 Sed
1210 3385 1388 3422 voluntas

329 3438 400 3474 sub
439 3438 742 3486 concupiscentia
781 3439 1136 3487 comprehenditur,
1175 3438 1387 3475 secundum

329 3490 434 3538 quod
451 3490 756 3539 concupiscentia
772 3492 873 3538 largo
889 3493 1007 3529 modo
1024 3492 1184 3528 sumitur
1199 3504 1268 3540 pro
1285 3491 1388 3528 omni

1443 2853 1621 2902 appetitu.
1658 2853 1759 2901 Ergo
1799 2851 2008 2889 suffecisset
2042 2851 2188 2899 dicere,
2223 2852 2423 2888 Peccatum
2456 2856 2511 2888 est

1441 2907 1677 2955 concupitum
1706 2911 1837 2942 contra
1866 2906 1987 2956 legem
2007 2911 2199 2942 aeternam
2209 2918 2223 2949 ,·
2250 2916 2321 2941 nec
2340 2903 2508 2954 oportuit

1442 2960 1594 3006 addere,
1624 2959 1762 2996 dictum
1790 2958 1851 2995 vel
1870 2959 2027 3006 factum.

1499 3014 1531 3050 3.
1561 3013 1794 3059 PRAETEREA,
1824 3018 2025 3060 peccatum
2053 3009 2207 3060 proprie
2228 3009 2432 3047 consistere
2451 3008 2506 3045 vi-

1442 3067 1551 3104 detur
1579 3065 1616 3102 in
1636 3064 1836 3102 aversione
1857 3076 1878 3101 a
1897 3064 1995 3100 fine:
2026 3075 2116 3100 nam
2136 3064 2282 3100 bonurn
2304 3069 2340 3098 et
2359 3062 2505 3099 malum

1441 3118 1696 3168 principaliter
1733 3117 2019 3155 considerantur
2054 3116 2267 3153 secundum
2299 3115 2435 3162 finem,
2463 3121 2506 3150 ut

1443 3184 1488 3209 ex
1516 3170 1740 3220 supradictis
1763 3170 1783 3192 '¹‘
1808 3177 1922 3219 patet.
1943 3170 2055 3207 Unde
2084 3176 2121 3206 et
2147 3167 2393 3217 Augustinus,
2422 3165 2460 3203 in
2489 3167 2503 3202 I
2532 3172 2744 3200 'Qu-xv¹¹¹‚²rt·6·

1442 3226 1487 3262 de
1513 3225 1595 3262 Lib.
1616 3224 1709 3261 Arb.
1730 3223 1761 3271 ²⁸,
1781 3236 1851 3272 per
1879 3222 2207 3272 comparationem
2232 3221 2281 3258 ad
2299 3221 2418 3257 finem
2439 3219 2503 3255 de·
2532 3229 2541 3238 ·
2556 3229 2613 3257 Cap·
2627 3235 2659 3251 ιι-

1442 3278 1525 3315 finit
1542 3284 1755 3327 peccatum,
1773 3276 1902 3314 dicens
1917 3275 2024 3325 quod
2034 3286 2196 3324 peccare
2213 3272 2307 3310 nihil
2322 3277 2376 3308 est
2401 3271 2507 3308 aliud

1442 3343 1568 3380 quam,
1590 3330 1765 3380 neglectis
1784 3330 1894 3367 rebus
1918 3329 2090 3374 aeternis,
2110 3324 2331 3376 temporalia
2349 3324 2487 3361 sectari
2492 3338 2503 3360 .·

1443 3392 1479 3421 et
1506 3384 1544 3421 in
1572 3383 1667 3420 libro
1702 3383 1899 3433 Octoginta
1925 3382 2037 3418 trium
2063 3381 2209 3423 Quaest.
2229 3377 2261 3425 ⁸¹⁸,
2283 3376 2371 3414 dicit
2399 3377 2504 3424 quod
2531 3388 2541 3398 ·
2557 3386 2673 3414 Ωιι-ιιι.

1442 3437 1563 3474 omnis
1582 3438 1749 3474 humana
1773 3435 2001 3484 perversitas
2028 3439 2082 3470 est
2108 3431 2162 3468 uti
2167 3430 2176 3435 ⁴
2174 3430 2355 3479 fruendis
2374 3435 2410 3466 et
2421 3430 2506 3477 frui

1443 3491 1595 3527 utendis.
1637 3489 1713 3526 Sed
1752 3489 1789 3525 in
1827 3486 2035 3536 praemissa
2070 3483 2290 3522 definitione
2327 3483 2430 3520 nulla
2463 3482 2505 3519 fit
