2840 4010
51 401 55 403 μ
80 370 91 381 ·
105 368 171 390 Vers.
187 374 218 396 17.

81 581 91 590 ·
101 579 230 609 D—561533»
241 579 292 607 ⁶²9,

82 611 137 634 990,
152 612 215 634 1007,
236 611 292 632 1144.

180 774 194 799 δ

82 844 92 854 ·
106 843 144 869 Cf.
158 849 197 872 qu.
212 849 227 871 r,
249 847 291 865 art.

83 876 99 897 ι,
107 869 135 893 ad
146 875 167 897 ις
177 876 216 918 Ἧι.
226 876 291 908 xvur.

81 899 124 950 ἕ·
134 901 184 944 Z‘n?
193 902 292 950 ,βῶξ

81 954 121 976 qu.
137 954 193 1003 xxva
205 952 248 970 art.
262 954 284 970 2.

37 1350 39 1354 Α
82 1315 279 1343 'nupt-ece&

39 1374 54 1386 ἰ
79 1363 108 1385 Υ,
128 1372 179 1382 -.2.

36 1399 39 1421 ἶ
74 1380 160 1420 ἶυγιὲι
179 1407 182 1409 .

942 185 1206 231 QUAESTIO
1235 185 1445 232 LXXXIV,
1473 185 1767 222 ARTICULUS
1796 185 1845 220 111

317 259 483 308 loquitur
511 259 558 296 de
587 261 764 309 superbia
783 262 994 299 secundum
1024 263 1129 310 quod
1158 272 1212 299 est
1237 263 1373 299 inordi-

318 319 427 348 natus
447 312 633 360 appetitus
652 314 827 362 propriae
848 315 1103 352 excellentiae:
1129 322 1169 351 ut
1187 322 1288 363 patet
1306 326 1374 361 per

317 364 397 400 hocv
421 365 525 412 quod
554 366 679 402 subdit
696 365 730 402 *ε
761 367 871 403 Sedes
889 368 1025 403 ducum
1044 367 1290 414 superborum
1313 367 1373 402 de—

317 417 457 452 struxit
473 418 587 454 Deus.
608 419 657 455 Et
676 418 723 455 de
742 419 814 455 hac
832 419 988 456 materia
1007 420 1085 455 fere
1112 418 1275 466 loquitur
1293 423 1308 445 Υ
1336 418 1373 454 in

317 475 398 505 toto
428 470 602 518 capitulo.
633 472 681 507 Et
709 471 794 508 ideo
819 471 1021 508 dicendum
1041 477 1096 506 est
1115 471 1217 517 quod
1245 482 1374 517 super-

320 521 393 568 bia,
419 522 532 559 etiarn
552 524 762 560 secundum
783 523 888 571 quod
909 530 964 559 est
982 522 1144 570 speciale
1163 529 1372 569 peccatum,

321 582 378 610 est
403 574 550 612 initium
579 576 704 612 omnis
730 575 875 624 peccati
899 574 929 610 ²⁸.
961 573 1291 610 Considerandum
1320 582 1375 610 est

321 627 422 663 enim
443 628 548 676 quod
566 628 605 664 in
625 628 770 664 actibus
788 626 1021 673 voluntariis,
1052 625 1265 662 cuiusmodi
1289 633 1376 662 sunt

318 687 486 727 peccata,
517 680 654 728 duplex
682 680 776 716 ordo
804 678 1008 715 invenitur:
1038 679 1177 715 scilicet
1203 678 1375 714 intentio—

320 731 389 778 nis,
406 739 442 768 et
461 731 702 768 executionis.
719 732 762 767 In
780 731 904 779 primo
926 731 1080 780 quidem
1101 731 1245 777 ordine,
1261 731 1375 767 habet

321 784 505 821 rationem
533 783 706 832 principii
733 783 820 820 finis
839 781 864 831 δ,
894 792 935 820 ut
962 795 1074 832 supra
1103 783 1292 820 multoties
1321 782 1374 819 di-

320 843 422 873 ctum
452 844 508 873 est
524 836 555 873 ²¹⁸.
585 836 687 872 Finis
716 843 843 873 autem
871 836 907 873 in
938 836 1116 873 omnibus
1145 835 1254 872 bonis
1281 843 1375 871 tem-

319 889 512 937 poralibus
530 887 779 936 acquirendis,
801 897 856 925 est
874 896 915 925 ut
933 889 1052 925 homo
1081 900 1150 937 per
1174 887 1235 924 illa
1257 899 1375 936 quan—

319 941 408 978 dam
440 940 713 989 perfectionem
742 946 753 962 ⁸
787 949 823 978 et
855 941 1114 978 excellentiam
1148 941 1296 976 habeat.
1327 941 1376 976 Et

318 993 405 1030 ideo
426 1004 470 1029 ex
489 994 561 1030 hac
579 1001 685 1042 parte
706 994 893 1042 superbia,
915 1006 1014 1042 quae
1034 1001 1088 1030 est
1106 992 1293 1041 appetitus
1313 1004 1373 1028 ex-

319 1045 524 1093 cellentiae,
553 1046 706 1094 ponitur
732 1046 876 1083 initium
906 1046 1029 1083 omnis
1056 1044 1210 1094 peccati.
1233 1044 1310 1081 Sed
1331 1056 1375 1080 ex

317 1105 425 1147 parte
459 1099 709 1146 executionis,
739 1106 795 1135 est
825 1099 992 1148 primurn
1020 1098 1058 1135 id
1086 1097 1191 1146 quod
1219 1097 1376 1145 praebet

319 1151 641 1199 opportunitatem
670 1151 902 1200 adimplendi
926 1151 1056 1188 omnia
1085 1149 1270 1187 desideria
1289 1161 1375 1197 pec-

319 1203 402 1250 cati,
424 1204 528 1252 quod
546 1205 662 1242 habet
681 1205 866 1241 rationem
888 1203 1032 1250 radicis,
1054 1202 1192 1240 scilicet
1211 1202 1373 1239 divitiae.

247 1255 483 1293 „gradere
512 1269 557 1293 ex
575 1258 647 1294 hac
669 1265 774 1306 parte
803 1256 958 1296 avaritia
981 1255 1133 1305 ponitur
1162 1267 1242 1291 esse
1272 1254 1375 1291 radix

318 1309 493 1346 omnium
523 1310 727 1356 malorum,
756 1317 797 1346 ut
820 1310 961 1346 dictum
981 1315 1036 1345 est
1055 1308 1087 1344 ²⁸.

371 1423 399 1456 γ)
411 1422 473 1456 sere
491 1422 618 1455 loquitur.
634 1435 654 1442 —
671 1422 789 1454 quuitur
808 1422 844 1447 ibi
855 1422 917 1455 sere
934 1422 981 1447 Pa.

372 1457 396 1490 ὃ)
408 1458 483 1491 finis.
501 1471 519 1476 -
537 1461 564 1482 et
573 1458 642 1490 finis
660 1457 731 1482 an.

2406 199 2474 234 107

1479 264 1528 299 Et
1545 275 1613 311 per
1630 264 1706 300 hoc
1731 271 1833 312 patet
1861 264 2055 312 responsio
2085 265 2134 301 ad
2160 264 2338 312 primum.

1479 318 1536 351 AD
1565 327 1752 352 SECUNDUM
1780 327 1961 353 mcENDuM
1986 317 2088 366 quod
2117 324 2327 365 apostatare
2351 329 2374 354 a
2392 318 2475 354 Deo

1427 367 1560 403 dicitur
1579 380 1660 404 esse
1681 368 1826 405 initium
1846 369 2044 418 superbiae
2065 381 2110 406 ex
2127 376 2234 417 parte
2253 370 2474 407 aversionis:

1427 431 1472 454 ex
1500 420 1573 455 hoc
1602 420 1702 456 enim
1731 422 1836 468 quod
1863 422 1981 458 homo
2015 434 2093 458 non
2123 423 2204 459 vult
2237 422 2347 458 subdi
2375 423 2474 469 Deo,

1427 471 1593 518 sequitur
1625 472 1729 519 quod
1765 473 1974 511 inordinate
2010 475 2100 511 velit
2126 475 2321 523 propriam
2359 476 2476 511 excel-

1427 522 1576 559 lentiam
1605 524 1640 559 in
1677 526 1787 561 rebus
1823 527 2103 575 temporalibus.
2133 528 2182 564 Et
2209 527 2261 564 sic
2290 527 2476 575 apostasia

1428 586 1450 609 a
1477 575 1560 610 Deo
1590 587 1667 611 non
1687 577 1844 614 sumitur
1866 579 1916 615 ibi
1945 579 2051 627 quasi
2071 579 2230 628 speciale
2257 587 2474 628 peccatum:

1428 626 1495 662 sed
1513 627 1630 674 magis
1650 635 1690 663 ut
1713 627 1724 651 ἶ
1744 630 1930 676 quaedam
1951 631 2114 668 conditio
2142 632 2324 679 generalis
2352 633 2476 669 omnis

1427 679 1582 724 peccati,
1599 691 1697 726 quae
1718 688 1772 716 est
1787 683 1933 719 aversio
1950 684 1996 719 ab
2012 684 2311 721 incommutabili
2325 685 2440 722 bono.
2452 705 2475 712 —

1427 730 1496 766 Vel
1533 739 1657 789 potest
1689 731 1761 768 dici
1789 735 1893 780 quod
1930 744 2140 783 apostatare
2178 749 2199 772 a
2227 738 2311 773 Deo
2346 737 2477 774 dicitur

1429 794 1509 818 esse
1538 791 1682 819 mitium
1711 786 1922 833 superbiae,
1943 788 2030 835 quia
2054 796 2109 824 est
2135 789 2256 836 prima
2279 789 2476 837 superbiae

1428 835 1583 882 species,
1609 837 1668 872 Ad
1697 837 1912 884 superbiam
1942 840 2042 876 enim
2069 841 2228 888 pertinet
2252 841 2476 890 cuicumque

1428 887 1611 935 superiori
1639 889 1738 924 nolle
1767 890 1915 936 subiici,
1945 899 1980 927 et
2007 893 2207 940 praecipue
2236 895 2333 930 nolle
2366 894 2477 930 subdi

1428 940 1533 984 Deo;
1573 951 1617 976 ex
1655 952 1730 987 quo
1770 942 1947 990 contingit
1981 945 2084 991 quod
2118 945 2235 981 homo
2271 958 2383 994 supra
2420 959 2476 982 se-

1428 991 1553 1039 ipsum
1578 992 1742 1028 indebite
1771 995 1984 1042 extollatur,
2014 1004 2194 1044 quantum
2222 997 2270 1034 ad
2301 998 2390 1034 alias
2418 1011 2476 1034 su-

1428 1044 1583 1092 perbiae
1611 1045 1767 1093 species.

1482 1098 1540 1133 AD
1567 1108 1725 1134 TERTmM
1762 1110 1943 1136 DlCENDUM
1977 1101 2079 1148 quod
2113 1100 2150 1137 in
2186 1101 2260 1137 hoc
2291 1102 2408 1138 homo
2439 1114 2477 1138 se

1429 1157 1542 1195 amat,
1563 1150 1666 1198 quod
1686 1150 1742 1186 sui
1766 1151 2021 1188 excellentiam
2049 1154 2144 1189 vult:
2174 1153 2275 1190 idern
2305 1154 2404 1190 enim
2425 1162 2479 1191 est

1429 1213 1468 1238 se
1497 1214 1624 1238 amare
1653 1203 1756 1251 quod
1776 1203 1845 1240 sibi
1863 1205 1960 1240 velle
1990 1206 2146 1241 bonum.
2175 1206 2285 1242 Unde
2312 1206 2360 1243 ad
2377 1207 2478 1243 idem

1428 1255 1587 1302 pertinet
1615 1256 1718 1303 quod
1746 1264 1909 1304 ponatur
1936 1257 2080 1294 initium
2102 1258 2223 1295 omnis
2252 1259 2395 1307 peccati
2418 1272 2477 1295 su-

1429 1307 1572 1355 perbia,
1605 1309 1666 1344 vel
1695 1320 1804 1344 amor
1830 1309 2016 1357 proprius.

1483 1421 1504 1451 ε)
1521 1421 1718 1453 perfectionem.
1735 1434 1753 1440 —-
1770 1422 1932 1454 singularem
1952 1423 2047 1447 addunt
2066 1423 2111 1447 Ρα.

1482 1455 1506 1487 ζ)
1527 1459 1564 1480 ut.
1582 1470 1597 1474 —
1619 1459 1658 1480 est
1677 1456 1707 1485 G,
1726 1464 1778 1480 om.
1798 1456 1995 1482 ABCDEFIKL.

990 1535 1320 1569 Commentaria
1343 1534 1591 1567 Garamans
1614 1535 1812 1568 Caietam

346 1627 368 1648 N
392 1616 526 1647 articulo
556 1616 696 1647 secundo
721 1615 1062 1656 octogesimaequartae
1085 1614 1292 1655 quaestioniS‚
1317 1614 1373 1643 du-

349 1660 438 1691 bium
462 1660 597 1691 occurrit
616 1670 652 1690 ex
674 1660 837 1696 Durando,
859 1659 1064 1690 conveniente
1083 1668 1156 1690 cum
1172 1658 1279 1694 Scoto,
1295 1657 1326 1687 in
1343 1668 1373 1687 VI

317 1704 517 1735 distinctione
532 1704 668 1735 Secundi
683 1703 710 1739 *,
731 1703 770 1733 ad
791 1714 816 1739 1,
840 1703 873 1733 in
893 1702 955 1733 hoc
973 1702 1062 1743 quod
1082 1702 1228 1742 superbia
1247 1701 1373 1731 initium

318 1748 423 1779 omnis
447 1748 576 1788 peccati,
601 1758 666 1778 non
691 1754 736 1778 est
760 1747 894 1787 speciale
916 1753 1091 1786 peccatum,
1115 1753 1151 1776 ut
1172 1746 1273 1776 littera
1288 1745 1370 1776 dicit.

318 1791 381 1823 Sed
396 1792 435 1822 de
450 1792 545 1823 Scoto
568 1792 600 1822 in
624 1791 729 1822 Prima
744 1792 832 1822 Parte
847 1791 873 1827 *‚
899 1801 972 1821 cum
987 1790 1025 1821 de
1041 1797 1170 1830 peccato
1187 1789 1373 1829 angelorum

318 1843 399 1868 esset
417 1836 570 1877 quaestio,
595 1845 698 1866 sermo
723 1835 847 1865 habitus
871 1841 926 1865 est.
950 1835 1043 1865 Nunc
1058 1833 1200 1865 Durandi
1215 1833 1372 1863 motivum

317 1886 348 1911 et
363 1887 471 1910 contra
487 1879 734 1915 conclusionem,
753 1886 783 1909 et
802 1885 909 1909 contra
925 1877 1165 1919 responsionem
1181 1878 1220 1907 ad
1235 1877 1371 1914 tertium,

317 1933 382 1964 qua
405 1923 517 1954 dicitur
540 1924 627 1964 quod
651 1923 694 1954 ad
717 1923 798 1953 idem
821 1923 962 1963 pertinet
984 1922 1067 1963 quod
1085 1927 1227 1962 ponatur
1249 1922 1371 1952 initium

317 1968 420 1998 omnis
443 1969 570 2008 peccati
599 1967 766 2007 superbia,
796 1972 826 1997 et
849 1976 942 1996 amor
965 1966 1136 2006 proprius,
1161 1965 1193 1995 in
1218 1966 1244 1995 11
1269 1965 1371 2002 Sem„

317 2011 386 2042 dist.
403 2021 466 2042 xL11
480 2011 507 2041 *.
525 2011 644 2042 Contra
664 2010 902 2041 conclusionem
918 2010 1028 2050 arguit,
1047 2009 1121 2050 quia
1140 2019 1197 2040 nec
1216 2010 1373 2049 appetitus

316 2055 458 2095 turpium
483 2054 737 2090 delectationum,
762 2065 819 2085 nec
834 2054 908 2094 fuga
931 2054 1066 2085 tristium
1082 2053 1114 2083 in
1134 2054 1226 2084 rebus
1245 2053 1372 2089 bellicis,

317 2109 354 2130 ex
376 2099 523 2139 superbia
549 2099 659 2130 oritur.
690 2099 855 2129 Probatur.
880 2098 964 2136 Quia
991 2108 1028 2129 ex
1054 2097 1200 2137 superbia
1226 2097 1279 2127 illa
1307 2098 1374 2127 sola

317 2142 462 2174 oriuntur
477 2142 560 2179 vitia,
581 2152 662 2184 quae
679 2142 757 2173 circa
777 2141 1002 2182 promoventia
1011 2142 1061 2172 vel
1083 2141 1286 2182 impedientia
1301 2152 1372 2182 pro-

315 2186 418 2227 priam
440 2187 654 2217 excellentiam
678 2192 767 2216 sunt:
792 2193 941 2217 neutrum
964 2185 1080 2216 horum
1104 2191 1150 2216 est
1172 2184 1372 2215 huiusmodi:

318 2240 404 2271 ergo.

372 2275 411 2306 ΙΙ.
431 2274 551 2306 Contra
574 2273 815 2314 responsionem
837 2283 912 2304 vero
935 2273 975 2304 ad
996 2273 1139 2309 tertium,
1164 2273 1274 2312 arguit,
1299 2273 1374 2313 quia

316 2318 514 2350 inordinatus
538 2328 628 2348 amor
650 2318 709 2354 sui,
733 2325 764 2348 et
786 2317 983 2348 inordinatus
1006 2327 1096 2348 amor
1115 2317 1260 2357 propriae
1277 2317 1373 2347 excel-

315 2362 441 2401 lentiae,
465 2373 498 2393 se
521 2362 637 2393 habent
660 2368 696 2392 ut
718 2361 818 2402 magis
838 2371 1008 2392 commune
1024 2367 1055 2392 et
1069 2360 1175 2391 minus
1191 2371 1373 2396 commune,

317 2413 353 2438 ut
367 2412 463 2446 patet.
487 2406 528 2437 Et
542 2405 604 2442 ille,
629 2412 740 2446 utpote
760 2404 1051 2441 communissimus,
1067 2411 1114 2435 est
1128 2404 1255 2435 initium
1271 2405 1374 2435 omnis

316 2450 451 2491 peccati:
475 2450 543 2486 iste,
561 2456 672 2490 utpote
688 2449 892 2490 particularis,
910 2459 985 2480 non.
1003 2449 1095 2480 Unde
1111 2449 1273 2488 sophisma
1289 2448 1375 2479 Con—

316 2493 475 2535 sequentis
498 2500 545 2524 est
567 2494 606 2524 ab
629 2493 685 2524 illo
709 2494 748 2523 ad
772 2493 868 2524 istum
892 2493 1070 2533 procedere,
1094 2493 1182 2533 quod
1206 2492 1232 2522 si
1254 2492 1306 2522 ille
1330 2499 1376 2523 est

316 2537 445 2569 initium
467 2538 586 2579 peccati
609 2537 724 2574 omnis,
749 2538 839 2578 quod
860 2537 918 2567 iste
941 2537 1036 2568 etiam
1060 2537 1100 2568 sit
1113 2537 1240 2567 initium
1257 2537 1376 2576 peccati

317 2582 432 2613 omnis.

371 2625 424 2658 ΙΙΙ.
439 2626 491 2656 Ad
507 2633 674 2666 utramque
694 2625 904 2656 obiectionem
921 2634 957 2655 ex
973 2624 1086 2655 eodem
1101 2623 1310 2655 fundamento
1326 2625 1375 2655 lit-

317 2676 399 2700 terae
423 2669 680 2710 respondendum
697 2676 758 2699 est:
774 2670 820 2699 'ex
844 2669 905 2699 hoc
920 2668 1036 2699 scilicet
1054 2669 1142 2709 quod
1158 2668 1303 2708 superbia
1319 2668 1376 2698 ini-

317 2713 399 2744 tium
418 2713 522 2744 omnis
541 2713 658 2753 peccati
682 2713 795 2743 dicitur
819 2713 994 2743 secundum
1018 2712 1162 2742 ordinem
1184 2712 1375 2748 intentionis,

318 2767 354 2788 ex
368 2763 455 2797 parte
471 2757 587 2788 scilicet
601 2756 671 2787 finis
680 2766 688 2793 ;
705 2757 780 2797 quia
799 2757 959 2787 obiectum
971 2766 1067 2786 suum
1084 2763 1130 2786 est
1143 2755 1214 2786 finis
1230 2756 1376 2786 omnium

318 2801 479 2832 bonorum
502 2800 789 2837 commutabilium,
813 2801 852 2830 ad
876 2810 957 2841 quae
973 2800 1032 2830 alia
1047 2800 1122 2831 vitia
1137 2807 1373 2831 convertuntur.

1427 1613 1473 1643 Ex
1496 1614 1556 1644 hoc
1579 1625 1716 1655 namque
1740 1615 1853 1645 dicitur
1874 1615 1992 1655 primo,
2018 1617 2105 1656 quod
2128 1616 2366 1656 intemperantia
2389 1626 2419 1649 et
2442 1619 2477 1649 ti-

1427 1657 1550 1688 miditas
1566 1658 1710 1689 oriuntur
1734 1668 1770 1688 ex
1793 1659 1954 1699 superbia:
1979 1666 2008 1690 et
2027 1660 2115 1700 quod
2131 1667 2194 1690 tarn
2210 1661 2332 1691 bonum
2348 1662 2477 1693 delecta-

1427 1701 1497 1737 bile,
1523 1702 1561 1731 ad
1584 1703 1672 1742 quod
1697 1703 1886 1733 convertitur
1904 1703 2139 1743 intemperatuS,
2156 1714 2252 1744 quam
2269 1705 2389 1736 bonum
2409 1716 2477 1736 eva-

1427 1745 1532 1781 sionis,
1550 1746 1590 1775 ad
1609 1746 1697 1786 quod
1721 1747 1911 1777 convertitur
1933 1747 2071 1783 timidus,
2089 1758 2161 1778 cum
2178 1749 2298 1779 bonum
2315 1750 2476 1789 quoddam

1427 1789 1481 1825 sit,
1506 1796 1616 1820 natum
1639 1797 1685 1820 est
1707 1799 1854 1830 apparere
1887 1798 1922 1820 ut
1950 1791 2112 1821 conferens
2136 1792 2174 1821 ad
2197 1792 2356 1832 propriam
2380 1794 2476 1824 excel-

1426 1832 1563 1863 lentiam.

1481 1877 1601 1907 Dicitur
1633 1878 1772 1907 secundo
1799 1878 1905 1918 quod,
1937 1878 2008 1909 licet
2037 1886 2140 1909 toturn
2168 1886 2198 1909 et
2220 1890 2290 1919 pars
2319 1890 2384 1910 non
2416 1881 2476 1911 sint

1426 1920 1523 1956 idern,
1548 1921 1744 1961 aequivalent
1767 1928 1886 1957 tamen,
1911 1923 2017 1962 quoad
2041 1923 2171 1963 aliquid,
2195 1930 2298 1954 totum
2323 1931 2353 1954 et
2375 1924 2476 1964 prima

1427 1974 1496 2004 pars
1517 1965 1687 1995 virtualiter
1711 1972 1834 1995 extensa
1858 1966 1897 1995 ad
1920 1966 2067 2006 reliquas:
2092 1973 2127 1997 ut
2149 1974 2234 2006 patet
2256 1968 2294 1997 de
2317 1974 2384 1998 toto
2408 1979 2475 1998 cor-

1426 2018 1502 2048 pore
1525 2015 1555 2039 et
1578 2009 1670 2039 corde
1699 2016 1840 2049 respectu
1871 2017 1988 2040 motus,
2013 2013 2058 2040 Ac
2086 2020 2142 2050 per
2171 2011 2230 2041 hoc
2258 2021 2348 2041 amor
2370 2013 2416 2042 sui
2442 2019 2477 2042 ut

1426 2059 1539 2088 totum,
1565 2059 1594 2083 et
1617 2063 1706 2083 amor
1729 2053 1872 2093 propriae
1897 2054 2093 2084 excellentiae
2117 2061 2152 2084 ut
2174 2055 2275 2094 prima
2298 2065 2378 2095 pars,
2403 2056 2476 2095 quia

1427 2103 1472 2126 est
1495 2103 1635 2136 respectu
1659 2096 1729 2127 finis
1753 2103 1945 2134 ceterorum,
1970 2104 2051 2128 recte
2074 2098 2203 2137 ponitur
2225 2098 2349 2129 initium
2373 2099 2476 2129 omnis

1427 2140 1544 2179 peccati
1563 2150 1599 2170 ex
1623 2141 1733 2170 eadem
1756 2147 1858 2180 parte;
1884 2148 1914 2171 et
1937 2151 2038 2171 unum
2054 2141 2164 2171 inferre
2181 2142 2337 2182 reliquum
2360 2144 2476 2183 absque

1426 2184 1492 2214 ullo
1509 2184 1709 2223 sophismate.
1735 2185 1769 2214 In
1792 2184 1892 2215 littera
1915 2191 2020 2215 tamen
2044 2195 2101 2215 nec
2115 2185 2258 2216 identitas
2273 2196 2329 2216 nec
2349 2196 2476 2216 conver-

1425 2228 1549 2258 tibilitas
1572 2228 1718 2258 habetur:
1743 2228 1796 2258 sed
1821 2229 1926 2258 solum
1949 2229 2037 2269 quod
2059 2229 2102 2259 ad
2124 2229 2204 2259 idem
2222 2231 2378 2269 pertinet,
2403 2230 2476 2271 quia

1427 2272 1600 2302 secundum
1619 2279 1664 2302 est
1686 2282 1757 2312 pars
1776 2272 1879 2311 primi.
1905 2272 1937 2303 Si
1959 2279 2065 2303 tamen
2081 2272 2242 2309 diceretur,
2262 2281 2342 2304 recte
2361 2274 2474 2304 dicere-

1426 2323 1485 2352 tur,
1503 2323 1537 2346 ut
1555 2323 1718 2346 ostensum
1734 2322 1788 2346 est.
1804 2333 1825 2339 -—
1842 2316 1882 2346 Et
1900 2316 1973 2347 hinc
1991 2317 2103 2347 habere
2119 2323 2208 2356 potes
2224 2318 2312 2357 quod
2325 2317 2359 2347 in
2373 2318 2477 2348 Prima

1426 2360 1513 2390 Parte
1529 2359 1546 2378 *
1569 2360 1687 2390 dictum
1711 2366 1765 2396 est,
1790 2361 1878 2400 quod
1901 2360 2041 2400 primum
2063 2361 2186 2403 bpnurn
2210 2361 2413 2401 concupitum
2429 2369 2475 2392 est

1426 2403 1551 2444 propria
1575 2403 1765 2440 excellentia,
1786 2410 1938 2444 tanquam
1961 2411 2134 2434 ceterorum
2158 2403 2245 2434 finis:
2271 2415 2306 2435 ac
2327 2415 2383 2445 per
2404 2405 2474 2440 hoc.

1419 2447 1564 2491 »primurn
1593 2454 1755 2487 peccatum
1786 2454 1831 2478 est
1859 2448 2014 2487 superbia.
2046 2447 2137 2478 Unde
2166 2448 2248 2478 Evae
2278 2449 2475 2489 propositum

1428 2492 1530 2531 primo
1555 2498 1612 2521 est:
1637 2491 1736 2522 Eritis
1759 2493 1841 2522 sicut
1863 2492 1908 2521 dii
1922 2489 1948 2522 ⁴¹.

1482 2536 1523 2566 Et
1552 2545 1607 2575 per
1636 2535 1723 2565 haec
1741 2542 1826 2575 patet
1853 2535 1970 2565 solutio
1999 2535 2195 2565 obiectorum
2222 2536 2367 2566 omnium
2396 2546 2476 2576 quae

1428 2579 1570 2619 superius
1585 2579 1602 2598 *
1624 2589 1642 2608 a
1665 2589 1725 2615 me,
1742 2589 1840 2620 quam
1858 2579 2038 2609 brevissime
2053 2578 2154 2618 potui,
2170 2586 2250 2609 tacta
2268 2579 2363 2610 fuere.
2388 2580 2476 2616 Quae

1429 2634 1467 2653 an
1492 2622 1678 2653 sufficienter
1700 2633 1717 2653 a
1740 2633 1791 2653 me
1815 2622 1917 2653 soluta
1945 2622 2075 2658 fuerint,
2099 2622 2222 2653 lectoris
2246 2623 2360 2653 iudicio
2385 2623 2476 2654 relin-

1429 2674 1554 2708 quatur:
1583 2666 1638 2707 qui
1661 2666 1686 2696 si
1710 2674 1789 2697 recte
1819 2667 1925 2696 omnia
1953 2666 2164 2706 pensitaverit,
2193 2666 2333 2706 profecto
2361 2667 2477 2697 videbit

1429 2721 1479 2741 me
1499 2710 1577 2740 nihil
1596 2710 1683 2751 quod
1707 2711 1745 2740 ad
1769 2710 1931 2740 materiam
1954 2710 2063 2740 attinet
2086 2710 2301 2745 necessarium,
2326 2709 2475 2740 indiscus-

1430 2765 1500 2785 sum
1529 2754 1699 2794 reliquisse.
1731 2754 1804 2784 Ideo
1833 2753 1968 2794 amplius
1996 2753 2073 2783 circa
2101 2754 2193 2783 istam
2221 2754 2382 2784 materiam
2411 2764 2475 2784 non

1428 2806 1577 2829 insistam.

1111 2961 1425 3004 ARTICULUS
1454 2959 1679 3002 TERTIUS

552 3054 707 3085 UTRUM
730 3054 930 3085 PRAETER
952 3054 1192 3086 SUPERBIAM
1215 3032 1546 3088 ETiAVARITIAM
1572 3052 1666 3082 SINT
1690 3051 1790 3081 ALIA
1813 3050 2011 3081 PECCATA
2034 3049 2251 3080 SPECIALIA

1047 3098 1165 3135 QUAE
1188 3096 1275 3128 DICI
1299 3097 1502 3127 DEBEANT
1527 3095 1754 3127 CAPITALIA

933 3181 953 3205 11
972 3181 1054 3210 Sent„
1075 3181 1133 3206 dist.
1148 3187 1212 3209 xm,
1232 3187 1276 3212 qu.
1294 3187 1326 3211 11,
1346 3185 1392 3204 art.
1414 3179 1442 3211 33
1463 3179 1504 3204 De
1523 3178 1604 3208 Malo,
1625 3186 1668 3210 qu.
1687 3184 1746 3206 vm.
1766 3181 1812 3202 art.
1836 3185 1856 3201 1.

434 3284 441 3298 k

351 3318 388 3378 ᾖ
439 3287 506 3366 ζ(

354 3373 373 3414 r

350 3280 361 3293 ¹
382 3284 417 3321 ἦε·
475 3312 479 3316 ,
528 3281 551 3306 D
570 3280 729 3306 TERTmM
756 3281 810 3306 stc
832 3281 1069 3307 PRocanrrUR.
1091 3269 1248 3306 Videtur
1271 3269 1375 3317 quod

344 3335 345 3338 ¹
376 3311 448 3376 {A
468 3318 501 3379 ‘5³30
528 3329 677 3371 praeter
692 3322 910 3370 superbiam
931 3330 967 3359 et
982 3322 1190 3368 avaritiam,
1207 3334 1284 3358 non
1305 3321 1376 3358 sint

398 3388 457 3428 ξς,
479 3377 500 3412 ἢ
530 3375 718 3424 quaedam
739 3374 810 3412 alia
829 3383 983 3423 peccata
1003 3374 1176 3423 specialia
1203 3386 1301 3422 quae
1322 3373 1374 3411 di-

374 3400 473 3457 §⁰⁵⁸5
489 3416 661 3464 cantur
681 3427 862 3476 capitalia.
891 3429 950 3464 Ita
971 3428 1071 3464 enim
1090 3439 1129 3463 se
1146 3427 1291 3463 videtur
1309 3427 1373 3462 ha-

317 3481 404 3517 bere
430 3486 543 3529 caput
577 3482 628 3517 ad
653 3480 852 3527 animalia,
879 3481 975 3517 sicut
1000 3480 1113 3516 radix
1140 3479 1190 3515 ad
1210 3478 1372 3526 plantas,

1430 3274 1469 3304 ut
1493 3267 1626 3304 dicitur
1653 3266 1691 3301 in
1711 3266 1741 3301 II
1762 3266 1807 3301 de
1824 3264 1963 3301 Anima
1981 3263 2018 3300 *ε
2047 3276 2136 3300 nam
2155 3263 2298 3301 radices
2318 3272 2403 3301 sunt
2422 3264 2478 3300 ori

1430 3320 1575 3357 similes.
1607 3318 1645 3354 Si
1674 3317 1783 3365 igitur
1811 3316 1991 3365 cupiditas
2021 3316 2154 3353 dicitur
2181 3317 2293 3354 radix
2311 3317 2476 3354 omnium

1428 3371 1627 3416 malorum,
1656 3370 1804 3407 videtur
1832 3369 1935 3418 quod
1962 3369 2042 3417 ipsa
2071 3370 2151 3406 sola
2170 3369 2305 3406 debeat
2333 3369 2404 3406 dici
2422 3369 2476 3406 vi-

1428 3425 1521 3461 tium
1551 3423 1717 3471 capitale,
1748 3430 1783 3459 et
1810 3423 1955 3459 nullum
1984 3421 2083 3459 aliud
2107 3429 2317 3470 peccatum.

1483 3489 1516 3513 2.
1539 3477 1769 3523 PRAETEREA,
1805 3483 1915 3523 caput
1942 3475 2055 3512 habet
2082 3475 2273 3523 quendam
2303 3474 2473 3512 ordinem

2504 2370 2511 2378 ·
2522 2368 2577 2391 Loc.
2586 2369 2623 2390 cit.
2634 2375 2710 2396 supra.

2503 2500 2511 2509 ·
2531 2498 2586 2520 Gen.
2608 2505 2658 2526 cap.
2678 2505 2711 2525 ιιι,

2502 2531 2561 2546 vers.
2575 2531 2595 2552 5.

2504 2587 2511 2595 ·
2525 2586 2584 2607 Part.
2593 2585 2611 2611 1,
2620 2585 2664 2606 loc.
2674 2586 2712 2607 cit.

2504 3274 2555 3296 'Ca
2574 3280 2619 3299 .1v,
2635 3279 2712 3300 n.7.-

2503 3301 2527 3323 S.
2577 3316 2582 3321 .
2598 3301 2709 3322 lect.v111.
