2840 4010
78 686 88 695 ”
102 684 168 706 Vers.
184 691 207 712 9.

76 1268 86 1279 ·
99 1267 167 1290 Vm.
181 1267 216 1290 26.
250 1290 254 1291 .

74 1479 86 1490 ·
99 1479 167 1502 Vero.
181 1486 208 1502 n.

75 1638 88 1648 ⁶
101 1636 169 1660 Vm.
181 1643 194 1666 3
211 1643 247 1665 sq.

74 2116 170 2140 ’ναι
185 2122 214 2146 ¹7·

1005 185 1269 231 QUAESTIO
1300 186 1420 234 CXII,
1449 188 1742 225 ARTICULUS
1771 189 1806 225 V

369 261 593 297 Responnsso
613 273 795 299 DicENDUM
815 263 920 310 quod
941 263 1129 312 tripliciter
1149 263 1290 311 aliquid
1311 277 1372 300 co-

290 313 445 361 ·gnosci
481 321 615 361 potest.
643 314 728 351 Uno
758 315 889 362 modo,
919 328 986 365 per
1014 315 1295 353 revelationem.
1326 318 1374 353 Et

315 366 390 402 hoc
409 366 527 403 modo
557 374 681 415 potest
699 366 832 416 aliquis
860 367 954 405 scire
974 381 1015 406 se
1043 369 1184 407 habere
1203 369 1370 416 gratiam.

316 418 475 455 Revelat
505 419 606 456 enim
635 421 740 457 Deus
767 421 841 457 hoc
869 421 1074 469 aliquando
1109 421 1297 468 aliquibus
1328 434 1371 457 ex

316 471 470 519 speciali
505 472 718 520 privilegio,
746 481 787 510 ut
815 473 1020 511 securitatis
1048 473 1228 520 gaudium
1259 474 1372 510 etiam

315 523 354 560 in
381 525 452 561 hac
471 524 549 561 vita
576 525 614 562 in
636 525 688 562 eis
717 525 879 574 incipiat,
901 533 937 562 et
964 525 1216 563 confidentius
1245 534 1281 562 et
1300 526 1373 562 for-

315 576 388 613 tius
412 577 614 626 magnifica
634 590 751 627 opera
769 586 1057 627 prosequantur,
1080 587 1115 615 et
1144 579 1244 615 mala
1265 591 1371 627 prae-

317 630 430 666 sentis
450 630 549 667 vitae
570 631 790 668 sustineant:
811 630 906 667 sicut
932 631 1051 667 Paulo
1081 631 1223 668 dictum
1252 639 1318 678 est,
1340 633 1370 668 II

316 683 367 720 ad
394 683 480 720 Cor.
501 695 549 719 xn
569 682 609 719 *ε
639 683 786 732 Szgfficit
812 683 877 719 tihi
901 684 1027 732 gratia
1057 696 1152 721 mea.

369 735 454 772 Alio
471 737 590 772 modo
600 736 718 772 homo
730 733 745 764 β
756 736 949 783 cognoscit
964 737 1104 786 aliquid
1114 749 1183 786 per
1193 736 1370 785 seipsum,

317 794 354 824 et
372 788 446 824 hoc
467 788 779 825 certitudinaliter.
801 788 850 824 Et
864 789 916 825 sic
937 790 1059 826 nullus
1078 797 1203 839 potest
1217 789 1311 826 scire
1332 802 1371 826 se

317 840 458 877 habere
478 837 646 888 gratiam.
664 840 858 877 Certitudo
880 841 981 878 enirn
1003 854 1080 879 non
1099 849 1224 892 potest
1243 843 1372 879 haberi

317 893 363 930 de
383 893 524 946 aliquO,
545 892 613 929 nisi
628 893 747 942 possit
766 893 960 931 diiudicari
975 907 1044 944 per
1057 895 1253 945 proprium
1271 895 1372 943 prin-

317 945 477 995 cipium:
506 945 559 982 sic
580 946 679 982 enirn
710 946 893 984 certitudo
914 948 1074 985 habetur
1097 949 1144 986 de
1165 948 1371 985 conclusio-

317 998 428 1047 nibus
449 998 754 1036 demonstrativis
773 1012 841 1048 per
859 1000 1207 1038 indemonstrabilia
1221 1001 1372 1037 univer-

315 1050 406 1088 salia
438 1050 637 1100 principia;
674 1053 797 1088 nullus
841 1061 967 1090 autem
996 1059 1011 1082 Υ
1038 1061 1168 1103 posset
1201 1052 1294 1090 scire
1333 1066 1372 1090 se

314 1104 455 1153 habere
483 1104 678 1141 scientiam
708 1105 862 1142 alicuius
891 1105 1155 1150 conclusionis,
1180 1107 1210 1143 si
1237 1106 1372 1156 princi-

313 1152 420 1204 pium
440 1156 638 1204 ignoraret.
655 1157 887 1207 Principium
908 1167 1036 1196 autem
1052 1159 1202 1208 gratiae,
1219 1167 1255 1196 et
1269 1159 1372 1196 obie-

315 1215 417 1246 ctum
441 1210 534 1257 eius,
556 1218 610 1246 est
629 1211 708 1259 ipse
728 1212 845 1258 Deus,
862 1212 926 1260 qui
940 1220 1096 1261 propter
1114 1213 1170 1250 sui
1192 1213 1372 1249 excellen-

313 1261 478 1299 tiar'rr‘est
492 1258 602 1299 hobis
617 1263 782 1311 ignotus;
799 1265 1009 1302 secundum
1027 1265 1116 1302 illud
1129 1266 1198 1302 Iob
1212 1277 1320 1302 xxxw
1334 1265 1371 1302 *ε

312 1315 422 1361 Ecce,
439 1316 542 1352 Deus
561 1328 736 1366 magnus,
751 1318 902 1354 vincens
920 1318 1111 1355 scientiam
1131 1324 1308 1366 nostram.
1327 1320 1374 1355 Et

314 1367 401 1404 ideo
434 1368 514 1405 eius
548 1369 758 1417 praesentia
795 1370 833 1406 in
866 1371 976 1407 nobis
1008 1372 1070 1408 vel
1103 1371 1270 1423 absentia
1307 1384 1374 1419 per

317 1420 578 1458 certitudinem
599 1422 775 1469 cognosci
791 1435 869 1460 non
888 1431 1028 1472 potest;
1049 1424 1259 1462 secundum
1279 1423 1370 1461 illud

314 1474 384 1510 Iob
411 1485 447 1510 tx
465 1474 502 1510 *ε
528 1474 570 1510 Si
596 1475 740 1511 venerit
765 1476 815 1511 ad
842 1488 918 1522 me,
949 1489 1022 1513 non
1051 1477 1180 1514 videbo
1208 1489 1315 1514 eum.-
1342 1478 1376 1514 si

314 1531 438 1562 autem
458 1527 601 1573 abierit,
623 1540 696 1564 non
726 1528 943 1578 intelligam.
966 1530 1015 1566 Et
1043 1530 1129 1567 ideo
1148 1531 1267 1567 homo
1295 1543 1372 1567 non

313 1586 439 1628 potest
474 1592 543 1628 per
578 1581 838 1618 certitudinem
881 1582 1085 1620 diiudicare
1123 1591 1249 1620 utrum
1292 1583 1372 1632 ipse

314 1631 453 1668 habeat
481 1632 660 1680 gratiam;
689 1634 900 1671 secundum
929 1635 1019 1672 illud
1049 1637 1062 1672 1
1091 1635 1142 1675 ad
1172 1635 1257 1674 Cor.
1280 1648 1314 1672 1v
1332 1636 1370 1672 *ε

314 1685 390 1723 Sed
415 1697 534 1734 neque
552 1686 733 1734 meipsum
762 1687 901 1724 iudico.-
921 1688 987 1736 qui
1003 1693 1126 1726 autem
1147 1689 1284 1726 iudicat
1301 1701 1372 1735 me,

314 1733 501 1781 Dominus
527 1743 590 1775 est.

365 1789 499 1839 Tettio
519 1791 638 1828 modo
659 1792 898 1839 cognoscitur
917 1792 1056 1841 aliquid
1076 1794 1373 1835 coniecturaliter

314 1847 383 1891 per'
402 1843 528 1892 aliqua
546 1844 664 1892 signa.
687 1845 736 1882 Et
754 1845 828 1882 hoc
848 1846 966 1882 modo
994 1845 1372 1896 aliquis'cognoscere

314 1902 439 1945 potest
458 1909 497 1933 se
517 1897 657 1934 habere
678 1897 849 1945 gratiam:
881 1899 1106 1946 inquantum
1130 1898 1268 1951 scilicet
1286 1912 1370 1949 per-

316 1947 404 2006 cipit
425 1961 466 1986 se
491 1949 666 1992 delectari
685 1950 723 1987 in
742 1951 839 1998 Deo,
861 1959 897 1987 et
917 1955 1160 1990 contemnere
1181 1949 1239 1990 res
1264 1965 1371 1992 mun-

316 2001 453 2048 danas3
475 2010 511 2039 et
529 2002 756 2052 inquantum
784 2004 903 2041 homo
923 2007 1001 2041 non
1030 2012 1085 2042 est
1104 2005 1276 2054 conscius
1305 2006 1373 2043 sibi

315 2053 471 2102 alicuius
484 2056 629 2103 peccati
644 2056 822 2098 mortalis.
841 2057 1060 2102 Secundum
1077 2057 1372 2107 quem'tnodum

316 2108 439 2155 potest
463 2108 614 2157 intelligi
629 2109 747 2157 ,quod
775 2110 934 2147 habetur
961 2111 1078 2159 Apoc.
1108 2123 1131 2148 ιι
1145 2105 1185 2160 *ss
1208 2110 1377 2150 Vincenti

316 2158 412 2201 dabo
442 2161 593 2199 manna.
611 2162 886 2208 absconditum,
916 2163 1017 2212 quod
1033 2175 1142 2200 nemo
1175 2165 1279 2202 novit
1304 2165 1376 2201 nisi

317 2214 383 2262 qui
394 2214 544 2262 accipitg
564 2214 653 2262 quia
673 2214 811 2252 scilicet
830 2215 888 2252 ille
900 2215 965 2264 qui
980 2215 1115 2265 accipit
1128 2214 1153 2264 ⁶,
1173 2229 1242 2277 per
1256 2230 1373 2268 quan-

318 2265 407 2303 dam
429 2267 698 2322 experientiam
720 2266 929 2317 dulcedinis
946 2269 1063 2316 novit,
1080 2268 1292 2319 quam‘non
1308 2273 1373 2307 'ex-

318 2318 462 2368 peritur‘
485 2318 544 2356 ille
573 2321 637 2373 qui
667 2333 744 2357 non
773 2321 916 2374 accipit.
948 2320 1185 2378 lsta‘sstamen
1212 2323 1373 2371 cognitio

367 2430 501 2500 Qlwffl'·
519 2448 537 2452 -
556 2428 617 2459 om.
635 2433 686 2459 EF.

325 2471 521 2538 ›⁴‡}=)>}²lrete;n¹;i
537 2469 761 2537 acee’igs’ii.l::-Fi)m.
779 2506 810 2530 E.

327 2579 329 2581 Ι
355 2539 392 2587 Γε)
413 2540 476 2564 meis
495 2538 595 2564 munda
614 2548 654 2565 me
677 2540 797 2565 Domine.
815 2544 899 2588 ’fic'
920 2541 964 2565 Pa.

2410 189 2483 238 327

1425 265 1644 314 imperfecta
1659 277 1724 304 est.
1742 267 1852 305 Unde
1867 269 2073 317 Apostolus
2085 268 2182 315 dicit,
2202 270 2214 305 l
2231 269 2282 305 ad
2299 270 2384 306 Cor.
2399 268 2479 305 1v*:

1424 319 1532 355 Nihil
1550 320 1642 356 mihi
1658 321 1826 357 conscius
1843 333 1938 367 sum,
1958 322 2023 358 sed
2036 334 2110 358 non
2126 322 2163 358 in
2178 322 2249 358 hoc
2263 322 2478 369 iustificatus

1424 383 1519 408 sum.
1536 371 1636 419 Quia
1655 382 1696 410 ut
1715 373 1848 410 dicitur
1866 373 1903 411 in
1923 374 2077 411 Psalmo
2091 386 2177 412 xvtn
2190 374 2225 411 *ε
2242 375 2386 411 Delicta
2402 375 2482 422 quis

1427 424 1624 473 intelligit?
1648 427 1707 462 Ab
1727 427 1877 463 occultis
1901 428 1990 464 meis
2016 427 2158 464 munda
2175 439 2246 473 me,
2273 428 2435 464 Domine
2456 432 2479 463 ε.

1479 479 1537 513 An
1566 490 1702 515 Palmum
1721 490 1818 516 ERGO
1848 491 2030 517 montinum
2049 480 2154 528 quod
2183 480 2243 517 illa
2267 492 2365 528 quae
2395 488 2481 516 sunt

1426 541 1493 575 per
1521 526 1722 567 ess'entiam
1752 531 1809 568 sui
1838 532 1874 568 in
1903 533 2039 578 anima,
2064 540 2342 580 cognoscuntur
2370 545 2479 581 expe-

1427 581 1611 619 rimentali
1641 583 1866 630 cognitione,
1892 585 2114 634 inquantum
2143 587 2262 622 homo
2293 586 2479 634 experitur

1426 646 1493 681 per
1521 642 1624 671 actus
1653 636 1834 684 principia
1872 637 2089 674 intrinseca:
2124 639 2218 675 sicut
2245 639 2480 675 voluntatem

1427 687 1654 735 percipimus
1682 689 1862 736 volendo,
1884 698 1919 726 et
1946 691 2062 727 vitam
2093 691 2129 727 in
2159 691 2338 739 operibus
2366 691 2477 727 vitae.

1479 741 1537 775 AD
1552 752 1740 778 SECUNDUM
1757 754 1938 779 DICENDUM
1953 744 2058 791 quod
2074 744 2121 780 de
2138 743 2280 780 ratione
2303 744 2478 780 scientiae

1427 798 1482 827 est
1497 793 1601 839 quod
1615 794 1733 829 homo
1751 795 2010 832 certitudinem
2025 797 2164 832 habeat
2178 796 2224 833 de
2241 796 2297 832 his
2314 809 2478 844 quorum

1426 844 1539 880 habet
1567 845 1776 882 scientiam:
1808 854 1842 883 et
1871 847 2038 884 similiter
2057 848 2102 885 de
2132 849 2275 885 ratione
2307 849 2395 886 fidei
2426 857 2480 885 est

1426 898 1530 944 quod
1548 899 1666 934 homo
1688 898 1733 934 sit
1752 907 1873 936 certus
1894 900 1940 936 de
1960 901 2017 937 his
2037 913 2199 948 quorum
2219 902 2333 938 habet
2349 902 2477 939 fidem.

1427 949 1474 985 Et
1483 950 1557 986 hoc
1572 950 1670 996 ideo,
1683 951 1771 999 quia
1783 952 1963 989 certitudo
1975 953 2136 1001 pertinet
2150 955 2197 991 ad
2209 954 2479 1002 perfectionem

1426 1001 1643 1049 intellectus,
1660 1003 1698 1039 in
1717 1015 1794 1051 quo
1814 1005 2005 1052 praedicta
2022 1006 2122 1042 dona
2142 1006 2310 1043 existunt.
2327 1007 2375 1054 Et
2393 1007 2480 1044 ideo

1426 1054 1653 1103 quicumque
1673 1057 1787 1092 habet
1815 1057 2009 1095 scientiam
2028 1059 2090 1095 vel
2119 1058 2248 1105 fidem,
2280 1067 2400 1096 certus
2427 1068 2481 1096 est

1427 1119 1466 1143 se
1495 1108 1647 1145 habere.
1670 1109 1761 1146 Non
1790 1117 1844 1146 est
1868 1118 1995 1147 autem
2021 1111 2150 1148 similis
2178 1111 2270 1148 ratio
2291 1112 2337 1148 de
2366 1112 2481 1160 gratia

1428 1168 1463 1196 et
1483 1161 1634 1197 caritate
1654 1169 1689 1197 et
1709 1162 1787 1198 aliis
1806 1163 2035 1211 huiusmodi,
2057 1176 2153 1212 quae
2182 1165 2382 1212 perficiunt
2399 1165 2477 1201 vim

1427 1214 1683 1262 appetitivam.
2272 1227 2276 1231 ·

1480 1268 1537 1303 AD
1573 1278 1731 1304 TERTIUM
1769 1280 1952 1305 met-:NDUM
1987 1269 2091 1316 quod
2130 1277 2328 1317 peccatum
2365 1270 2479 1306 habet

1426 1332 1496 1368 pro
1524 1320 1708 1368 principio
1738 1329 1774 1356 et
1802 1333 1870 1368 pro
1906 1321 2054 1358 obiecto
2089 1323 2234 1358 bonum
2272 1330 2479 1359 commuta-

1426 1372 1511 1418 bile,
1533 1373 1636 1420 quod
1656 1373 1765 1410 nobis
1786 1382 1840 1409 est
1868 1382 2011 1410 notum.
2034 1375 2236 1411 Obiectum
2267 1383 2392 1411 autern
2418 1376 2479 1412 vel

1427 1425 1511 1462 finis
1530 1425 1669 1472 gratiae
1685 1434 1740 1463 est
1759 1426 1869 1463 nobis
1889 1427 2074 1474 ignotum,
2088 1436 2241 1476 propter
2257 1428 2312 1463 sui
2328 1428 2478 1464 luminis

2514 285 2522 293 ·
2538 283 2571 304 Vc
2576 289 2606 305 rs.
2620 290 2643 310 4.

2512 390 2519 397 ·
2536 388 2600 410 Vers.
2616 395 2646 418 13.

1426 1478 1735 1524 immensitatem;
1766 1480 1975 1516 secundum
2003 1480 2092 1517 illud
2123 1482 2207 1517 lad
2238 1481 2330 1516 Tim.
2361 1482 2422 1517 ult.
2443 1481 2478 1517 *z
2508 1496 2516 1503 ·
2567 1501 2589 1515 rs

1427 1532 1566 1567 Lucem
1595 1531 1737 1567 habitat
1763 1532 2061 1569 inaccessibilem.

1479 1585 1536 1620 AD
1566 1595 1737 1625 QUARTUM
1767 1596 1948 1622 DICENDUM
1978 1586 2080 1633 quod
2114 1586 2320 1634 Apostolus
2349 1586 2399 1622 ibi
2427 1587 2478 1623 lo-

1427 1637 1551 1684 quitur
1571 1636 1617 1673 de
1638 1637 1746 1674 donis
1766 1637 1905 1684 gloriae
1924 1637 1955 1685 ²³⁶,
1977 1651 2074 1687 quae
2093 1646 2179 1675 sunt
2203 1639 2314 1675 nobis
2330 1639 2419 1688 ⁴data
2442 1639 2479 1676 in

1427 1701 1507 1738 spe,
1528 1702 1624 1738 quae
1646 1690 1850 1726 certissime
1872 1691 2136 1738 cognoscimus
2155 1703 2224 1740 per
2241 1690 2376 1738 fidem3
2397 1692 2481 1728 licet

1428 1755 1504 1779 non
1539 1754 1814 1790 cognoscamus
1843 1755 1910 1791 per
1948 1743 2207 1783 certitudinem
2234 1757 2306 1781 nos
2339 1745 2479 1782 habere

1427 1795 1596 1842 gratiam,
1624 1807 1694 1844 per
1713 1807 1830 1843 quam
1850 1808 1920 1833 nos
1939 1809 2143 1844 possumus
2159 1795 2176 1836 F
2197 1810 2240 1833 ea
2260 1797 2477 1846 promereri.

1429 1870 1450 1875 -
1471 1848 1540 1884 Vel
1568 1855 1692 1896 potest
1711 1848 1783 1885 dici
1803 1848 1907 1897 quod
1925 1849 2090 1898 loquitur
2111 1849 2156 1886 de
2178 1849 2307 1887 notitia
2330 1850 2481 1898 privile-

2507 1654 2515 1661 ·
2531 1652 2565 1673 Cf.
2582 1658 2638 1673 vers.
2655 1658 2678 1679 9.

1429 1902 1537 1948 giata,
1558 1913 1656 1948 quae
1687 1908 1741 1938 est
1767 1913 1836 1949 per
1856 1901 2138 1939 revelationem.
2159 1902 2270 1940 Unde
2299 1903 2424 1941 subdit
2441 1903 2479 1940 *ε
2508 1918 2516 1926 ·
2555 1922 2590 1937 πε
2615 1922 2637 1936 ιο

1428 1954 1549 1990 Nobis
1563 1959 1687 1990 autem
1707 1953 1886 1991 revelavit
1899 1955 2002 1991 Deus
2011 1967 2082 2003 per
2097 1955 2273 2004 Spiritum
2289 1956 2477 1993 Sanctum.

1481 2008 1539 2042 AD
1568 2018 1729 2049 QUINTUM
1757 2018 1939 2057 mcENDUM
1969 2007 2073 2056 quod
2097 2008 2187 2046 illud
2217 2008 2330 2045 etiam
2350 2014 2367 2035 η
2395 2022 2479 2046 ver—

1429 2060 1521 2096 bum
1550 2060 1726 2106 Abrahae
1756 2059 1909 2108 dictum,
1930 2068 2054 2109 potest
2082 2061 2210 2097 referri
2233 2060 2281 2098 ad
2310 2061 2481 2099 notitiam

1431 2112 1774 2161 experimentalem,
1796 2125 1894 2161 quae
1924 2121 1978 2150 est
2006 2126 2074 2162 per
2096 2113 2363 2151 exhibitionem
2392 2127 2482 2163 ope-

1430 2165 1488 2201 ris.
1511 2165 1559 2202 'In
1588 2177 1704 2214 opere
1742 2165 1842 2202 enim
1871 2165 1932 2202 illo
1967 2166 2071 2215 quod
2104 2167 2241 2203 fecerat
2268 2167 2480 2214 Abraham,

1430 2230 1657 2265 cognoscere
1685 2218 1808 2266 potuit
1836 2218 2174 2269 experimentaliter
2201 2232 2241 2256 se
2274 2219 2345 2262 Dei
2374 2220 2483 2256 timo-

1430 2283 1509 2307 rem
1538 2271 1691 2307 habere.
1708 2292 1731 2298 -
1746 2271 1816 2308 Vel
1834 2264 1959 2321 potest
1972 2270 1985 2292 ⁰
2006 2271 2119 2310 etiam
2139 2272 2186 2310 ad
2216 2273 2483 2309 revelationem

1430 2323 1566 2360 referri.
1746 2328 1749 2329 ’

1482 2439 1506 2470 ζ)
1523 2445 1673 2470 possumus.
1691 2452 1710 2457 -
1724 2417 1928 2474 possimus⁹1¹³&¹

1482 2474 1510 2505 η)
1528 2473 1616 2498 etiam.
1633 2486 1653 2492 —
1671 2473 1731 2498 Om.
1751 2473 1819 2498 PKa.
1898 2477 1902 2481 ”

1483 2507 1506 2540 θ)
1522 2512 1620 2540 potest.
1638 2522 1656 2527 —
1674 2509 1723 2534 hoc
1741 2509 1838 2533 addunt
1857 2510 1900 2534 Ρα.
1926 2524 1941 2534 κ.
1956 2532 1958 2534 .

991 2611 1322 2647 Commentariis
1345 2613 1595 2646 Car-<linaiis
1617 2613 1817 2647 Oaiemni

324 2687 328 2689 ⁷
348 2691 371 2717 n
393 2686 530 2718 articulis
553 2687 645 2718 tertio
669 2694 700 2718 et
722 2695 835 2728 quarto
858 2688 936 2718 nihil
959 2690 1094 2720 occurrit
1117 2685 1327 2722 scribendum.

323 2698 358 2759 Ι-
377 2730 412 2761 ln
428 2730 540 2772 quinto
558 2737 663 2762 autem
681 2732 805 2762 adverte
820 2732 934 2772 primo,
955 2733 1044 2774 quod
1059 2732 1377 2776 notitiae‘iperimen-

319 2773 469 2815 talisper
492 2781 601 2808 actus.
621 2775 659 2805 de
683 2785 747 2815 qua
768 2775 804 2807 fit
826 2777 947 2808 mentio
971 2778 1091 2817 pluries
1111 2778 1283 2815 instincta,
1307 2779 1378 2810 licet

321 2817 478 2850 sufficiens
502 2819 543 2849 sit
565 2819 604 2849 ad
621 2826 702 2850 certe
726 2820 888 2856 sciendum
905 2831 965 2852 nos
988 2821 1101 2855 habere
1123 2822 1263 2860 mximam
1286 2830 1317 2855 et
1331 2823 1378 2854 in-

321 2862 482 2895 tellectum
508 2869 580 2899 etc.;
604 2873 670 2893 non
693 2870 798 2894 tamen
827 2864 941 2907 sufficit
964 2866 1004 2896 ad
1027 2872 1108 2896 certe
1132 2866 1296 2907 sciendum
1319 2878 1379 2898 nos

321 2904 434 2937 habere
456 2906 599 2947 gratiam,
619 2914 748 2947 propter
771 2907 1008 2940 similitudinem
1026 2916 1156 2940 actuum
1173 2909 1205 2941 in
1225 2911 1332 2951 gratia,
1349 2918 1380 2942 et

323 2956 406 2991 extra
429 2950 560 2990 gratiam
577 2960 614 2981 ex
637 2951 830 2982 naturalibus
854 2953 1117 2994 provenientium.

379 2992 417 3025 H.
433 2994 569 3025 Adverte
584 2995 734 3031 secundo,
751 2996 840 3036 quod
852 2996 884 3027 id
901 2996 989 3037 quod
1007 2997 1040 3027 in
1057 2997 1262 3038 responsione
1277 2999 1317 3030 ad
1333 3009 1379 3029 se-

324 3038 466 3068 cundum
489 3038 619 3074 dicitur,
646 3036 735 3079 quod
763 3039 883 3071 habens
904 3040 1001 3071 fidem
1024 3041 1080 3072 scit
1108 3049 1245 3072 certese
1267 3042 1380 3073 habere

323 3081 429 3118 fidem,
452 3089 556 3123 potest
571 3082 700 3123 intelligi
716 3083 941 3124 multipliciter.
954 3084 1072 3123 Primo,
1084 3085 1123 3115 de
1138 3084 1207 3122 fide,¹
1217 3086 1380 3127 acquisita,

324 3125 364 3156 Et
383 3126 444 3157 hoc
463 3133 510 3157 est
530 3126 744 3159 manifestum.
766 3144 786 3150 -
809 3127 969 3166 Secundo,
984 3128 1022 3158 de
1038 3127 1100 3159 fide
1113 3128 1228 3161 infusa.
1245 3130 1286 3160 Et
1305 3133 1381 3161 tun'c

323 3169 481 3210 distingue
505 3167 739 3206 certitudinem,
770 3178 800 3202 et
830 3171 879 3202 dic
908 3171 995 3214 quod
1019 3171 1203 3204 certitudine
1235 3173 1380 3216 scientiae

1432 2695 1526 2721 nemo
1551 2691 1607 2722 scit
1636 2694 1667 2721 se
1691 2691 1804 2722 habere
1832 2691 1927 2722 fidem
1958 2691 1994 2723 ex
2025 2699 2094 2723 actu
2126 2691 2212 2728 fidei,
2238 2699 2315 2733 puta
2345 2693 2484 2723 credere:

1432 2735 1584 2776 quoniam
1601 2735 1662 2765 hoc
1686 2741 1790 2775 potest
1813 2746 1851 2766 ex
1865 2737 1992 2776 propria
2010 2737 2171 2767 voluntate
2195 2742 2225 2766 et
2239 2736 2397 2767 intellectu
2413 2746 2486 2776 pro-

1431 2779 1545 2809 venire.
1564 2779 1761 2810 Certitudine
1772 2786 1881 2810 'autem
1896 2779 1978 2816 fidei,
1991 2780 2123 2820 quilibet
2146 2780 2202 2810 scit
2225 2786 2305 2810 certe
2321 2790 2352 2810 se
2374 2781 2487 2811 habere

1434 2824 1555 2853 donum
1584 2823 1724 2854 infusum
1749 2823 1832 2854 fidei.
1855 2824 1895 2854 Et
1917 2824 1951 2854 in
1974 2824 2035 2855 hoc
2064 2823 2163 2855 differt
2191 2824 2344 2855 certitudo
2368 2825 2486 2864 experi-

1433 2867 1578 2898 mentalis
1601 2866 1674 2906 fidei
1698 2874 1727 2898 ct
1749 2867 1883 2907 gratiae:
1908 2868 1981 2909 quia
2005 2878 2041 2898 ex
2060 2868 2180 2899 actibus
2203 2868 2319 2908 gratiae
2341 2868 2488 2912 quamvis

1434 2911 1533 2941 homo
1557 2918 1647 2951 putet
1670 2921 1701 2941 se
1726 2921 1791 2941 esse
1814 2911 1846 2941 in
1870 2911 1982 2951 gratia,
2012 2919 2070 2942 stat
2093 2919 2198 2942 tamen
2222 2921 2296 2943 cum
2319 2911 2487 2943 formidine

1434 2955 1528 2995 partis
1553 2955 1734 2995 oppositae;
1756 2965 1791 2985 ex
1807 2955 1925 2987 actibus
1945 2965 2018 2985 vero
2042 2955 2115 2985 fidei
2130 2956 2230 2986 homo
2255 2955 2350 2986 credit
2369 2956 2487 2996 absque

1434 2998 1602 3030 formidine
1626 2998 1751 3030 alterius
1767 2999 1872 3039 partis,
1897 3009 1929 3029 se
1952 2999 2064 3030 habere
2079 2998 2185 3035 fidem,
2210 2999 2290 3030 sicut
2313 2999 2406 3030 etiam
2422 3009 2487 3030 cre-

1435 3043 1480 3073 dit
1503 3043 1562 3073 alia
1585 3043 1708 3078 credita,
1726 3043 1842 3073 scilicet
1864 3043 2113 3074 incarnationem
2129 3042 2254 3079 Christi,
2275 3050 2332 3074 etc.
2348 3043 2389 3074 Et
2407 3053 2488 3084 quo-

1437 3087 1523 3117 niam
1544 3086 1645 3117 littera
1668 3086 1701 3116 in
1715 3086 1921 3126 responsione
1945 3087 1984 3117 ad
2004 3087 2180 3118 secundum
2203 3087 2346 3128 loquitur
2369 3088 2408 3118 de
2423 3090 2489 3118 cen

1435 3130 1568 3161 titudine
1591 3140 1672 3170 quae
1696 3137 1742 3160 est
1764 3130 1802 3160 de
1826 3130 1945 3161 ratione
1967 3129 2050 3167 fidei,
2065 3131 2137 3161 ideo
2161 3131 2200 3162 de
2223 3131 2281 3162 hac
2304 3131 2489 3173 certitudine

1435 3173 1634 3213 intelligenda
1658 3180 1703 3204 est
1725 3174 1832 3214 quoad
1856 3172 1950 3204 fidem
1973 3174 2120 3205 infusam.
