2840 4010
66 1265 78 1276 ⁴
92 1264 146 1287 Art.
165 1269 191 1291 2,
205 1263 278 1286 Com-

66 1294 141 1314 meat.
154 1295 219 1313 num.
236 1296 269 1312 ru.

70 2057 83 2067 '¹
97 2055 134 2079 Cf.
147 2061 213 2079 uum.
228 2062 245 2078 1.

80 3494 92 3506 ⁸
104 3494 157 3516 Art.

967 170 1232 216 QUAESTIO
1264 171 1399 217 CXIII,
1430 172 1725 209 ARTICULUS
1754 173 1803 208 VI

2399 171 2470 208 335

981 291 1309 324 Commentaria
1332 290 1580 325 Cardinalis
1602 292 1801 326 Caietam

331 391 351 412 u
375 380 507 412 articulo
530 380 642 421 quinto
667 380 809 411 eiusdem
836 379 1045 420 quaestionis,
1070 379 1204 409 dubium
1228 378 1362 408 occurrit

304 393 372 455 Ide
395 424 598 465 oppositione
621 424 757 455 iustitiae
782 431 812 455 et
836 424 956 464 culpae,
980 423 1190 454 terminorum
1213 420 1360 451 iustifica-

302 469 398 500 tionis
412 468 515 509 impii:
528 468 683 509 quoniam
698 478 792 509 super
804 468 866 498 hoc
877 477 991 507 magna
1004 464 1215 497 controversia
1227 465 1360 501 videtur,

303 521 333 544 et
345 520 451 544 tamen
463 513 575 543 fundat
586 512 829 553 quodammodo
846 518 947 542 totam
961 515 1158 550 praesentem
1173 508 1360 538 doctrinam.

303 557 417 588 Scotus
441 557 546 597 igitur,
562 557 596 586 in
617 557 750 594 Quarto,
771 556 842 586 dist.
857 565 918 592 xv1‚
935 564 990 594 qu.
1007 563 1039 589 11,
1061 553 1175 593 probat
1197 551 1362 592 dupliciter

303 601 436 641 gratiam
451 608 481 632 et
497 601 625 640 culpam
642 610 708 631 non
724 598 846 640 opponi
868 597 1051 628 formaliter.
1071 596 1189 632 Primo,
1213 595 1288 636 quia
1306 596 1362 626 uni

305 645 420 686 gratiae
443 655 507 675 una
530 650 654 675 tantum
677 643 810 685 privatio
833 651 890 682 per
912 651 945 671 se
973 641 1156 681 opponitur.
1181 640 1242 671 Sed
1265 639 1362 680 gratia

305 696 351 720 est
373 698 452 719 una:
482 695 512 719 et
538 688 671 728 privatio
700 687 810 727 culpae
834 691 880 716 est
907 685 1072 725 multiplex
1099 684 1292 714 diversarum
1316 693 1362 713 ra-

304 733 440 769 tionum,
465 739 501 763 ut
523 739 609 773 patet
631 732 670 762 de
693 737 778 762 tanta
799 729 977 759 diversitate
998 735 1211 769 peccatorum.
1235 727 1330 767 Ergo.

360 777 517 812 Secundo,
542 776 616 817 quia
630 784 726 815 agens
748 780 862 814 potens
886 773 1023 804 effective
1037 773 1087 804 vel
1103 771 1254 802 defective
1268 781 1362 811 super

305 830 409 851 unum
432 821 671 860 oppositorum,
695 824 801 858 potest
824 818 939 848 eodem
966 817 1065 847 modo
1094 825 1188 857 super
1215 825 1362 846 non-esse

304 864 441 896 alterius.
470 864 532 895 Sed
553 863 654 895 homo
677 868 783 902 potest
806 871 901 902 super
923 871 989 892 esse
1013 861 1124 901 culpae
1153 858 1290 890 effective
1312 859 1362 888 vel

305 908 468 939 defective:
486 914 516 938 et
527 917 594 938 non
609 912 713 947 potest
727 915 822 946 super
832 915 978 936 non-esse
995 905 1119 945 gratiae,
1130 903 1205 945 quia
1213 912 1362 933 non-esse

304 953 420 993 gratiae
444 958 490 982 est
508 950 595 987 nihil,
620 951 659 980 ad
675 950 764 990 quod
788 956 888 980 creata
911 949 1053 989 potentia
1076 959 1142 979 non
1166 947 1198 978 se
1214 946 1361 978 extendit.

305 997 390 1037 Ergo
413 1005 479 1027 non
503 1002 577 1026 sunt
599 994 772 1024 formaliter
794 994 952 1034 opposita.

360 1041 398 1071 11.
420 1040 473 1071 Ad
487 1039 676 1070 evidentiam
699 1038 826 1075 horum,
852 1038 1014 1069 sciendum
1039 1043 1086 1067 est
1106 1036 1194 1077 quod
1213 1035 1252 1066 de
1269 1035 1375 1074 culpa‘

305 1091 336 1116 et
354 1085 393 1114 de
411 1083 509 1124 gratia
527 1082 694 1123 dupliciter
715 1082 807 1123 loqui
830 1091 1011 1122 possumus.
1036 1081 1160 1112 Scilicet
1174 1079 1208 1111 in
1227 1085 1298 1109 actu
1316 1089 1362 1108 se-

305 1128 426 1159 cundo:
442 1127 475 1158 in
491 1134 562 1158 actu
579 1126 694 1157 scilicet
708 1126 828 1167 peccati
843 1125 994 1162 mortalis,
1013 1133 1042 1156 et
1056 1125 1089 1155 in
1104 1131 1175 1155 actu
1189 1123 1361 1155 informato

304 1171 411 1212 gratia.
428 1171 469 1202 Et
485 1171 528 1202 sic
546 1171 665 1201 clarum
681 1177 728 1201 est
750 1170 839 1211 quod
862 1175 1072 1210 opponuntur
1095 1167 1282 1199 formaliter:
1302 1177 1361 1208 pro

305 1222 426 1256 quanto
438 1215 594 1247 rectitudo
611 1222 698 1245 actus
715 1214 847 1245 caritatis
860 1221 891 1245 et
902 1213 1071 1254 obliquitas
1087 1211 1205 1254 peccati
1221 1211 1362 1242 mortalis

304 1262 516 1301 opponuntur
531 1259 704 1290 formaliter
726 1258 930 1299 oppositione
953 1257 1114 1298 privativa.
1134 1256 1251 1287 Ethoc
1269 1255 1333 1285 iam
1345 1255 1362 1274 *

305 1305 477 1345 probatum
500 1310 546 1334 est
569 1313 606 1334 ex
636 1303 698 1334 hoc
725 1303 814 1343 quod
838 1308 1002 1342 peccatum
1026 1301 1158 1332 mortale
1180 1300 1293 1331 directe
1317 1306 1363 1330 est

305 1347 509 1388 transgressio
531 1347 690 1389 praecepti
713 1346 856 1382 caritatis,
877 1355 942 1387 quo
966 1345 1046 1376 nihil
1068 1345 1191 1376 divinae
1209 1343 1362 1374 amicitiae

305 1393 508 1433 aequandum
528 1398 583 1423 est.
600 1391 641 1422 Et
656 1391 699 1422 sic
718 1400 784 1421 non
803 1396 850 1420 est
863 1400 1010 1430 praesens
1029 1388 1188 1430 quaestio:
1208 1387 1363 1430 quoniam

307 1437 346 1467 de
360 1436 453 1476 culpa
467 1441 647 1466 remanente
661 1441 735 1475 post
751 1441 867 1470 actum,
881 1440 911 1464 et
926 1434 1035 1464 habitu
1050 1433 1176 1473 gratiae,
1188 1431 1361 1475 loquimur.

362 1479 435 1511 Alio
451 1489 526 1520 ergo
542 1479 642 1509 modo
654 1487 827 1519 possumus
842 1477 933 1518 loqui
949 1478 988 1508 de
1005 1478 1098 1517 culpa
1112 1483 1143 1508 et
1157 1476 1265 1518 gratia,
1281 1476 1361 1507 idest

307 1525 348 1555 de
364 1523 499 1560 macula,
515 1533 579 1564 qua
593 1530 740 1563 peccator
754 1528 830 1562 post
847 1528 1013 1562 peccatum
1032 1521 1146 1552 dicitur
1162 1524 1317 1562 peccator,
1333 1527 1364 1550 et

307 1567 415 1608 gratia,
431 1567 512 1598 idest
533 1568 620 1598 dono
639 1566 792 1597 habituali
814 1576 880 1607 quo
909 1566 1082 1596 formaliter
1101 1571 1148 1596 est
1164 1564 1236 1606 quis
1255 1572 1362 1604 gratus

305 1613 393 1644 Deo:
408 1621 476 1642 non
491 1611 631 1642 curando
646 1621 732 1641 nunc
754 1611 792 1641 de
809 1609 1008 1641 distinctione
1028 1609 1109 1640 inter
1129 1608 1270 1650 gratiam,
1287 1609 1363 1639 cari-

306 1662 413 1693 tatem,
431 1662 462 1687 et
477 1655 536 1687 sibi
550 1655 725 1686 necessario
743 1664 893 1685 connexa.
910 1655 951 1685 Et
964 1653 1008 1685 sic
1023 1660 1070 1684 est
1087 1663 1191 1684 sermo
1207 1663 1363 1693 praesens.

306 1700 348 1731 Et
370 1700 504 1731 dicimus
527 1699 617 1740 quod
639 1698 738 1739 gratia
761 1705 792 1729 et
814 1698 908 1739 culpa
931 1704 1005 1729 sunt
1023 1694 1196 1728 formaliter
1217 1697 1365 1738 opposita

308 1744 473 1786 privative,
497 1743 578 1774 sicut
600 1743 727 1774 tenebra
750 1749 780 1773 et
802 1742 923 1773 lumen.
951 1742 1050 1779 Quod
1073 1742 1223 1782 probatur
1246 1751 1283 1772 ex
1305 1741 1366 1771 hoc

308 1789 397 1829 quod
419 1787 540 1818 aversio
564 1788 602 1818 ab
621 1786 875 1818 incommutabili
899 1787 997 1822 bono,
1021 1796 1084 1826 qua
1107 1785 1280 1816 formaliter
1295 1795 1366 1825 pec-

309 1838 396 1863 cator
417 1839 491 1872 post
514 1838 620 1862 actum
643 1831 757 1862 dicitur
779 1838 925 1871 peccator
953 1837 983 1861 et
1005 1840 1132 1861 aversus
1155 1839 1173 1860 a
1195 1830 1264 1861 Deo
1292 1829 1368 1860 cari-

309 1876 381 1907 tatis
404 1876 538 1912 obiecto,
564 1874 771 1906 contrariatur
792 1875 906 1905 directe
929 1874 1080 1914 privative
1108 1873 1306 1904 conversioni
1330 1874 1369 1903 ad

309 1920 415 1950 Deum
445 1919 579 1951 caritatis
609 1919 780 1950 obiectum.
813 1918 946 1949 Constat
974 1924 1080 1948 autem
1112 1918 1200 1959 quod
1223 1918 1316 1958 culpa
1340 1924 1370 1948 et

309 1964 407 2004 gratia
429 1964 507 1994 haec
528 1964 712 2004 important,
737 1963 854 1994 scilicet
869 1962 1066 1993 aversionem
1085 1969 1115 1992 et
1131 1962 1369 1993 conversionem

309 2008 504 2039 huiusmodi.
528 2008 624 2048 Ergo,
647 2014 705 2038 etc.

365 2052 418 2084 111.
434 2052 486 2083 Ad
505 2052 641 2093 primam
657 2051 868 2082 obiecfionem
888 2050 1000 2082 Scoti*
1011 2050 1106 2081 habes
1128 2050 1370 2091 responsionem

310 2097 343 2127 in
359 2096 461 2127 littera
475 2107 513 2127 ex
527 2096 659 2127 articulo
675 2095 781 2135 primo
797 2095 891 2125 huius
905 2095 1108 2136 quaestionis,
1119 2094 1151 2124 in
1163 2095 1369 2137 responsione

311 2141 350 2170 ad
364 2141 517 2181 primum,
533 2141 622 2182 quod
641 2140 722 2170 sicut
736 2139 890 2170 terminus
906 2140 945 2169 ad
965 2149 1062 2180 quern
1079 2137 1306 2170 iustificationis
1323 2146 1370 2170 est

311 2188 405 2221 unus,
419 2185 538 2216 scilicet
554 2184 673 2215 iustitia
688 2183 901 2224 metaphorice
917 2183 1014 2219 dicta,
1037 2183 1079 2214 ita
1100 2182 1252 2214 terminus
1269 2194 1286 2214 a
1303 2193 1369 2224 quo

310 2229 463 2260 iniustitia
485 2239 541 2259 seu
560 2227 724 2269 iniquitas:
741 2234 772 2258 et
786 2228 820 2258 in
835 2227 897 2258 hoc
913 2227 1060 2258 convenit
1078 2237 1175 2258 omne
1193 2234 1369 2270 peccatum.

311 2273 404 2304 Unde
428 2273 542 2304 dicitur
564 2273 652 2314 quod
675 2271 808 2312 privatio
828 2271 940 2312 culpae
962 2278 1068 2312 potest
1086 2271 1253 2312 dupliciter
1275 2272 1368 2302 sumi.

311 2317 435 2348 Scilicet
449 2317 482 2347 in
501 2317 613 2347 ordine
627 2317 667 2347 ad
687 2325 814 2347 causam
830 2325 931 2352 suam,
943 2315 1060 2346 scilicet
1076 2315 1314 2346 conversionem
1331 2316 1369 2346 ad

312 2361 539 2392 commutabile
561 2362 699 2391 bonum:
724 2367 755 2391 et
769 2360 813 2391 sic
826 2370 893 2390 non
917 2359 964 2390 e‘st
983 2359 1088 2397 unius,
1106 2359 1160 2390 sed
1176 2360 1370 2391 diversarum

310 2405 490 2442 rationum,
515 2405 600 2436 iuxta
623 2403 802 2445 specificam
824 2404 1036 2434 diversitatem
1058 2411 1272 2444 peccatorum.
1296 2404 1369 2435 Alio

311 2449 421 2486 modo,
450 2450 626 2480 secundum
650 2458 857 2479 communem
884 2448 1039 2479 rationem
1063 2448 1234 2479 aversionis
1261 2449 1299 2479 ab
1323 2448 1371 2479 in-

312 2493 531 2524 commutabili
554 2493 655 2523 bono:
681 2499 712 2523 et
734 2493 777 2523 sic
801 2499 848 2522 est
870 2502 950 2528 una,
974 2492 1069 2523 unius
1093 2492 1209 2523 scilicet
1230 2492 1369 2523 rationis.

312 2538 405 2568 Unde
428 2537 537 2568 omnia
558 2544 686 2577 peccata
709 2536 854 2567 mortalia
873 2537 1067 2567 conveniunt
1081 2545 1117 2567 ex
1132 2543 1220 2577 parte
1235 2537 1371 2567 aversio-

312 2575 375 2612 nis:
394 2587 426 2612 et
448 2591 513 2612 non
537 2581 749 2622 multiplicant
771 2580 968 2611 aversionem
992 2590 1028 2611 ex
1051 2580 1109 2611 hac
1132 2587 1229 2621 parte,
1252 2581 1307 2611 sed
1325 2581 1372 2611 in-

312 2626 447 2656 tendunt
473 2635 562 2662 eam,
587 2626 667 2656 sicut
693 2625 853 2666 appositio
881 2624 1186 2665 impedimentorum
1207 2625 1240 2655 in
1264 2625 1371 2656 medio

313 2676 407 2710 auget
430 2669 665 2710 elongationem
682 2679 699 2700 a
714 2669 844 2700 lumine.
869 2669 910 2700 Et
929 2669 1003 2710 quia
1027 2669 1118 2709 culpa
1136 2675 1182 2699 est
1200 2669 1373 2700 formaliter

1415 380 1563 420 opposita
1589 380 1704 420 gratiae
1736 381 1925 421 inquantum
1957 387 2002 410 est
2031 379 2165 420 privatio
2196 380 2408 410 conversionis
2433 381 2472 410 ad

1415 424 1529 460 Deum,
1554 432 1590 455 ut
1613 425 1733 455 dictum
1756 423 1848 460 est*;
1873 423 1944 454 ideo
1968 431 2100 464 negatur
2122 424 2210 464 quod
2234 424 2335 464 culpa,
2352 430 2386 454 ut
2409 425 2472 464 pri-

1414 467 1515 498 vative
1539 468 1686 509 opposita
1708 468 1833 507 gratiae,
1857 477 1922 498 non
1946 468 1984 498 sit
2007 478 2081 499 una.
2237 471 2239 473 '

1474 512 1524 542 IV.
1548 512 1599 542 Ad
1622 512 1809 548 secundam,
1833 518 1938 551 potest
1960 512 2064 551 primo
2088 511 2193 552 negari
2217 511 2334 547 maior,
2359 518 2389 542 et
2412 511 2472 542 dici

1416 555 1503 594 quod
1530 555 1644 586 sufficit
1673 565 1767 596 posse
1789 555 1822 585 in
1846 565 1992 586 non-esse
2019 556 2145 586 alterius
2174 555 2385 586 demeritorie:
2409 556 2471 586 hoc

1416 598 1500 628 enim
1523 600 1622 629 modo
1647 599 1745 629 homo
1769 606 1873 639 potest
1896 610 1990 639 super
2012 609 2162 630 non-esse
2188 599 2312 639 gratiae.
2336 599 2377 630 Et
2391 600 2470 630 ratio

1416 642 1504 672 istius
1529 642 1610 673 tertii
1634 643 1767 673 membri
1791 649 1845 679 est,
1870 643 1999 683 quando
2019 644 2152 674 alterum
2172 643 2357 683 oppositum
2373 650 2419 674 est
2435 653 2472 674 ex

1416 686 1517 716 altiori
1541 686 1696 726 principio
1720 687 1870 726 pendens.

1469 730 1625 766 Secundo,
1646 737 1750 770 potest
1773 730 1878 770 negari
1897 730 2016 760 minor:
2041 741 2098 770 pro
2114 737 2235 771 quanto
2251 730 2351 761 homo
2367 737 2472 770 potest

1417 773 1566 804 defective
1594 784 1689 814 super
1717 784 1866 804 non-esse
1889 774 2020 814 gratiae,
2045 774 2135 815 quia,
2160 773 2350 810 deficiendo,
2380 775 2474 814 ponit

1416 817 1540 848 obicem
1563 818 1686 848 divinae
1709 818 1861 848 infusioni
1884 824 1914 848 et
1937 818 2166 849 conservationi
2188 818 2302 858 gratiae
2325 818 2358 848 in
2382 828 2424 848 se.
2449 836 2471 842 -

1416 861 1466 890 Ad
1481 862 1703 901 probationem
1719 862 1756 892 de
1776 861 2010 898 annihilatione,
2026 862 2142 902 pluries
2160 861 2279 892 dictum
2296 861 2367 892 est*
2383 863 2472 902 quod

1415 905 1522 944 gratia,
1537 905 1665 946 quando
1678 905 1790 935 desinit
1804 905 1920 941 haberi,
1934 916 2000 935 non
2011 906 2214 942 annihilatur;
2228 912 2355 946 propter
2365 906 2471 945 plures

1415 948 1550 979 rationes
1574 949 1648 979 alias
1672 949 1778 980 dictas.

1474 993 1511 1023 V.
1537 993 1571 1022 In
1603 993 1716 1023 eodem
1745 993 1858 1034 quinto
1894 993 2025 1023 articulo
2055 1000 2132 1024 nota
2159 993 2362 1023 differentiam
2391 994 2472 1025 inter

1416 1043 1543 1066 motum
1566 1037 1742 1067 naturalem
1765 1043 1796 1067 et
1808 1037 1993 1067 voluntatis:
2017 1037 2106 1077 quod
2128 1037 2160 1072 in
2183 1044 2293 1067 natura
2313 1037 2398 1067 idem
2414 1048 2471 1068 nu-

1416 1090 1503 1110 mero
1521 1087 1566 1110 est
1580 1087 1687 1111 motus
1702 1081 1810 1111 localis
1825 1090 1891 1121 quo
1908 1081 2063 1111 acceditur
2077 1081 2117 1111 ad
2131 1081 2303 1112 terminum
2322 1082 2361 1111 ad
2375 1092 2472 1122 quem

1416 1131 1446 1155 et
1474 1125 1627 1156 receditur
1652 1135 1670 1155 a
1694 1125 1829 1155 termino
1854 1135 1871 1155 a
1894 1133 1976 1165 quo;
2000 1125 2033 1155 in
2056 1125 2219 1156 voluntate
2251 1132 2373 1161 autem,
2397 1126 2472 1166 quia

1416 1168 1591 1199 animaliter
1619 1175 1745 1209 oportet
1773 1177 1944 1209 utrumque
1976 1168 2058 1205 fieri,
2089 1169 2165 1199 alter
2192 1175 2279 1199 actus
2307 1175 2353 1199 est
2383 1170 2472 1200 cuius

1416 1212 1576 1243 obiectum
1600 1220 1645 1243 est
1668 1213 1798 1250 malum,
1823 1223 1841 1243 a
1864 1222 1929 1254 quo
1953 1213 2058 1243 anima
2076 1223 2132 1253 per
2150 1214 2285 1244 modum
2300 1213 2470 1244 recedentis

1416 1267 1448 1287 se
1470 1257 1581 1293 habet,
1607 1263 1637 1287 et
1660 1257 1736 1287 alter
1766 1257 1856 1287 cuius
1884 1256 2044 1287 obiectum
2068 1264 2115 1288 est
2144 1258 2283 1293 bonum,
2311 1257 2351 1287 ad
2381 1258 2470 1298 quod

1416 1301 1520 1331 anima
1543 1311 1598 1341 per
1621 1301 1757 1332 modum
1776 1301 1949 1331 accedentis
1964 1311 1997 1331 se
2013 1301 2115 1332 habet.
2140 1301 2181 1331 Et
2194 1307 2360 1341 propterea
2374 1301 2407 1331 in
2422 1301 2471 1332 lit-

1415 1352 1480 1375 tera
1503 1345 1616 1376 dicitur
1643 1345 1731 1386 quod
1755 1345 1871 1385 duplex
1893 1351 2001 1375 motus
2027 1345 2117 1375 liberi
2146 1345 2262 1375 arbitrii
2286 1345 2470 1386 requiritur,

1415 1389 1491 1419 alter
1515 1389 1728 1420 detestationis
1750 1389 1840 1424 mali,
1867 1395 1897 1419 et
1919 1389 1994 1419 alter
2017 1388 2188 1419 affectionis
2212 1389 2252 1419 ad
2274 1389 2411 1419 bonum:
2436 1399 2472 1420 ex

1415 1433 1530 1474 quibus
1554 1433 1680 1464 duobus
1702 1433 1875 1473 integratur
1897 1433 1987 1473 quasi
2010 1443 2093 1464 unus
2121 1439 2227 1463 motus
2255 1433 2427 1463 voluntatis
2455 1443 2473 1463 a

1415 1477 1499 1507 malo
1522 1478 1556 1507 in
1578 1479 1711 1514 bonum,
1735 1487 1753 1507 a
1776 1477 1870 1517 culpa
1891 1477 1932 1506 ad
1953 1476 2104 1508 iustitiam
2125 1476 2251 1516 gratiae.
2424 1501 2427 1503 Α

1469 1522 1522 1552 VI.
1548 1521 1583 1551 In
1607 1521 1720 1551 eodem
1749 1521 1891 1557 articulo,
1914 1521 1948 1551 in
1971 1521 2177 1561 responsione
2200 1521 2240 1550 ad
2258 1520 2395 1557 tertium,
2420 1521 2472 1550 ad-

1415 1573 1498 1596 verte
1522 1566 1610 1606 quod
1633 1565 1712 1596 illud
1734 1566 1876 1601 verbum,
1904 1564 2035 1605 Oportet
2053 1565 2138 1605 quod
2152 1565 2244 1596 homo
2257 1565 2388 1606 singula
2398 1574 2471 1605 pec-

1416 1615 1487 1640 cata
1510 1619 1592 1650 quae
1615 1610 1771 1640 commisit
1797 1616 1870 1646 etc.,
1895 1619 1960 1639 non
1983 1608 2138 1649 significat
2161 1609 2377 1639 necessitatem
2400 1609 2473 1639 sim-

1417 1653 1536 1694 pliciter
1552 1654 1591 1684 ad
1606 1654 1862 1694 consequendam
1877 1652 2146 1684 iustificationem:
2158 1653 2234 1694 quia
2254 1652 2367 1683 unicus
2387 1660 2474 1683 actus

1417 1708 1482 1738 quo
1507 1697 1577 1739 quis
1601 1697 1770 1728 detestatur
1794 1697 2007 1728 universaliter
2036 1707 2132 1727 omne
2154 1704 2320 1737 peccatum
2343 1704 2474 1737 propter

1418 1742 1533 1778 Deum,
1551 1742 1644 1772 etiam
1660 1742 1685 1772 si
1702 1748 1778 1772 tunc
1801 1741 1881 1772 nolit
1904 1741 2039 1781 cogitare
2063 1742 2101 1771 de
2124 1741 2254 1780 singulis
2277 1751 2358 1782 quae
2381 1741 2475 1772 habet

1419 1786 1451 1816 in
1475 1786 1637 1822 memoria,
1661 1793 1787 1826 paratus
1811 1785 1946 1825 cogitare
1969 1792 2112 1826 tempore
2129 1785 2344 1821 confessionis,
2361 1785 2476 1815 sufficit

1420 1830 1459 1860 ad
1474 1829 1727 1860 iustificationem
1746 1829 1853 1870 impii;
1877 1830 2031 1870 quoniam
2045 1837 2249 1869 praeceptum
2264 1830 2303 1860 de
2318 1839 2473 1859 rememo-

1420 1871 1539 1904 ratione
1562 1874 1594 1904 in
1610 1874 1789 1914 particulari
1805 1873 2028 1904 affirmativum
2045 1868 2099 1910 est‘,
2117 1881 2147 1904 et
2162 1884 2220 1914 pro
2237 1874 2334 1903 semel
2350 1880 2475 1904 tantum

1422 1918 1554 1958 obligat,
1579 1918 1695 1949 scilicet
1716 1925 1860 1958 ternpore
1890 1917 2111 1953 confessionis,
2135 1918 2277 1948 absolute
2300 1918 2474 1958 loquendo.

1422 1963 1483 1993 Sed
1506 1962 1658 2002 significat
1680 1962 1896 1992 necessitatem
1919 1961 2068 1992 naturalis
2087 1972 2271 2002 progressus
2287 1961 2474 1991 infirmitatis

1422 2007 1578 2037 humanae
1602 2006 1640 2037 de
1664 2006 1749 2036 malo
1772 2005 1805 2036 in
1828 2006 1952 2036 bonum
1969 2006 2105 2036 iustitiae
2124 2005 2275 2045 gratuitae
2290 2015 2346 2047 per
2360 2005 2476 2045 imper-

1422 2051 1501 2081 fecta
1516 2051 1610 2087 bona,
1635 2050 1751 2081 scilicet
1772 2060 1828 2091 per
1850 2049 2021 2090 singulares
2038 2050 2210 2081 attritiones
2225 2056 2427 2090 peccatorum
2442 2049 2475 2079 in

1423 2095 1629 2125 universalem
1652 2094 1874 2125 contritionem
1898 2103 2028 2124 eorum:
2053 2094 2205 2134 paulatim
2229 2094 2314 2124 enim
2330 2094 2476 2125 innatum

1423 2146 1468 2170 est
1490 2139 1581 2169 nobis
1605 2138 1726 2169 moveri
1749 2139 1787 2169 de
1811 2145 1949 2168 extremo
1973 2137 2006 2168 in
2023 2145 2206 2169 extremum.
2232 2139 2300 2168 Hac
2317 2138 2402 2168 enim
2417 2148 2475 2168 no-

1422 2190 1483 2214 stra
1505 2183 1687 2214 conditione
1710 2193 1776 2213 non
1800 2184 1952 2218 obstante,
1975 2189 2080 2222 potest
2095 2183 2214 2223 absque
2228 2182 2413 2212 huiusmodi
2433 2189 2476 2212 at-

1422 2227 1599 2258 tritionibus
1622 2227 1694 2268 quis
1717 2226 1893 2257 iustificari:
1914 2233 1949 2257 ut
1972 2227 2010 2256 de
2033 2226 2132 2258 Paulo
2156 2232 2254 2267 patet,
2279 2233 2309 2257 et
2331 2226 2477 2267 frequen-

1422 2279 1475 2308 ter,
1493 2271 1551 2302 Dei
1567 2271 1664 2311 gratia
1679 2277 1839 2312 operante,
1859 2269 1971 2301 accidit
1983 2270 2015 2300 in
2032 2270 2201 2311 repentinis
2218 2270 2477 2303 conversionibus

1422 2322 1634 2356 peccatorum,
1658 2315 1787 2356 quando
1811 2314 1844 2345 in
1866 2314 1994 2346 veritate
2018 2321 2252 2345 convertuntur.

1479 2360 1595 2390 Utrum
1618 2366 1725 2390 autem
1747 2365 1869 2399 praeter
1886 2356 2101 2389 universalem.
2119 2359 2349 2395 contritionem,
2372 2357 2478 2399 requi-

1423 2411 1507 2434 ratur
1530 2403 1694 2443 singularis
1718 2403 1756 2433 de
1780 2403 1910 2443 singulis
1934 2402 2090 2439 contritio,
2115 2413 2180 2433 non
2199 2409 2318 2443 spectat
2333 2403 2372 2433 ad
2388 2412 2475 2441 prae-

1423 2455 1543 2478 sentem
1560 2447 1679 2484 locum,
1696 2447 1751 2477 ubi
1770 2447 1809 2477 de
1832 2447 2089 2478 detestationibus
2112 2447 2368 2487 praecedentibus
2390 2446 2478 2477 iusti-

1423 2492 1601 2522 ficationem
1623 2491 1714 2532 impii
1738 2497 1784 2522 est
1807 2501 1920 2522 sermo.
1946 2490 2080 2522 Constat
2102 2497 2208 2522 autem
2231 2490 2287 2520 has
2306 2490 2477 2530 singulares

1425 2536 1643 2567 detestationes
1667 2546 1732 2566 non
1757 2545 1822 2566 esse
1846 2535 2066 2571 contritione5‚
2091 2535 2165 2576 quia
2189 2544 2254 2564 non
2277 2541 2351 2565 sunt
2379 2534 2477 2564 infor-

1425 2587 1525 2611 matae
1542 2580 1678 2611 caritate:
1695 2579 1750 2610 sed
1765 2579 1948 2615 attritiones,
1966 2589 2056 2619 quae,
2072 2585 2108 2609 ut
2122 2578 2228 2618 ipsum
2244 2588 2362 2609 nomen
2376 2585 2477 2615 sonat,

1425 2624 1615 2665 praecedunt
1641 2623 1850 2664 generationis
1877 2623 1987 2654 ordine
2017 2622 2253 2659 contritionem;
2283 2623 2370 2663 prius
2394 2623 2480 2653 enim

1428 2668 1546 2709 aliquid
1569 2668 1708 2699 atteritur
1731 2677 1828 2708 quam
1852 2674 2039 2698 conteratur.

1126 2823 1338 2865 ARTICU
1345 2823 1442 2865 LUS
1472 2821 1678 2864 SEXTUS

469 2905 624 2937 UTRUM
646 2905 844 2937 REMISSIO
867 2905 1168 2938 PECCATORUM
1191 2907 1364 2937 DEBEAT
1387 2905 1612 2937 NUMERARI
1636 2893 1769 2935 INTER
1791 2904 1847 2935 EA
1871 2903 1989 2941 QUAE
2013 2903 2326 2940 REQUIRUNTUR

1102 2951 1160 2981 AD
1186 2950 1567 2982 IUSTIFICATIONEM
1593 2949 1692 2979 IMPII

1089 3029 1123 3053 IV
1143 3029 1225 3058 Seni„
1246 3021 1303 3053 dist.
1321 3036 1382 3059 xvn,
1401 3036 1446 3062 qu.
1470 3036 1489 3057 1,
1511 3033 1556 3052 art.
1578 3027 1600 3057 3,
1619 3027 1668 3060 qu⁸
1690 3026 1713 3051 5.

453 3139 501 3181 ᾳ(
527 3128 548 3154 n
568 3128 708 3157 sextum
737 3128 789 3154 sm
814 3127 1052 3154 paocrzmrua.
1081 3115 1242 3153 Videtur
1268 3117 1372 3165 quod

445 3160 503 3230 ἷῖἒὴ
527 3169 700 3207 remissio
717 3177 964 3219 peccatorum
984 3181 1063 3206 non
1083 3168 1220 3205 debeat
1239 3181 1373 3206 nume-

468 3220 600 3260 rari
627 3223 724 3259 inter
752 3235 796 3259 ea
820 3234 918 3271 quae
945 3221 1186 3270 requiruntur
1205 3221 1253 3270 ad
1272 3221 1374 3258 iusti-

406 3271 461 3303 ἴῳ
483 3268 746 3314 &ficationem
782 3275 898 3324 impii.
926 3274 1151 3322 *Substantia
1186 3273 1287 3310 enim
1322 3274 1374 3310 rei

317 3341 396 3366 non
425 3335 723 3367 connumeratur
741 3327 799 3365 his
820 3339 918 3376 quae
939 3327 987 3364 ad
1012 3329 1092 3364 re‘rn
1118 3326 1374 3375 requiruntur:

318 3381 414 3421 sicut
439 3382 560 3419 homo
594 3393 673 3419 non
708 3381 822 3419 debet
858 3379 1124 3417 connumerari
1161 3378 1310 3416 animae
1341 3387 1376 3416 et

320 3434 480 3482 corpori.
516 3434 594 3477 Sed
608 3434 704 3483 *ipsa
732 3433 944 3470 iustificatio
978 3432 1083 3480 impii
1122 3439 1176 3468 est
1204 3431 1374 3468 remissio

319 3494 576 3537 peceatorum,
596 3494 638 3524 ut
659 3487 803 3524 dictum
833 3493 887 3522 est
905 3485 935 3522 ³⁸.
966 3486 1069 3532 Ergo
1098 3483 1268 3521 remissio
1289 3496 1375 3532 pec-

1429 3123 1599 3152 catorum
1629 3127 1707 3151 non
1736 3114 1848 3150 debet
1877 3113 2088 3162 computari
2115 3114 2211 3151 inter
2243 3126 2288 3151 ea
2309 3126 2406 3162 quae
2433 3113 2486 3151 ad-

1428 3167 1733 3205 iustificationem
1761 3166 1866 3215 impii
1895 3166 2143 3216 requiruntur.

1483 3232 1517 3257 2.
1539 3221 1770 3266 PRAETEREA‚
1792 3219 1894 3256 idern
1915 3227 1970 3256 est
1983 3219 2120 3268 gratiae
2136 3219 2272 3256 infusio
2294 3226 2330 3256 et
2349 3220 2482 3268 culpae

1429 3272 1618 3309 remissio:
1640 3272 1735 3308 sicut
1753 3271 1855 3309 idern
1877 3279 1932 3309 est
1950 3271 2170 3309 illuminatio
2187 3279 2223 3309 et
2242 3272 2486 3312 tenebrarum

1430 3325 1612 3374 expulsio.
1644 3325 1720 3362 Sed
1749 3324 1850 3361 idern
1879 3337 1958 3362 non
1986 3325 2099 3363 debet
2129 3325 2395 3362 connumerari
2415 3325 2486 3362 sibi

1430 3378 1516 3427 ipsi:
1537 3390 1659 3415 unum
1680 3377 1783 3414 enim
1804 3378 2032 3415 multitudini
2051 3377 2266 3427 opponitur.
2283 3378 2384 3426 Ergo
2406 3390 2484 3414 non

1430 3431 1543 3468 debet
1572 3431 1703 3479 culpae
1729 3431 1901 3468 remissio
1921 3430 2188 3469 connumerari
2207 3430 2384 3468 infusioni
2404 3443 2487 3478 gra-

1431 3491 1513 3520 tlae.

2499 433 2510 443 ⁴
2524 432 2593 455 Num.
2604 435 2708 460 praeced.

2499 872 2506 880 ”
2518 871 2553 893 Cf.
2580 878 2602 892 u.
2618 877 2655 897 cx,
2665 875 2707 893 art.

2497 903 2523 945 ἒ,
2553 903 2565 918 a
2606 903 2621 945 3t
2642 898 2708 923 (vide

2497 930 2630 975 vimen·
2650 928 2708 952 ⁹⁰⁸²
