2840 4010
103 741 113 750 ·
128 739 164 761 Cf.
180 745 219 767 qu.
234 744 302 760 Lxxxr

104 766 190 788 Introd.

106 1413 116 1424 ⁸
123 1413 179 1440 Cap.
187 1419 211 1439 n,
219 1419 251 1440 ιιι,
260 1419 316 1440 xvu,

130 1455 135 1461 .
150 1446 194 1461 xxv

110 2318 118 2325 ·
129 2317 166 2337 ΑΙ.
180 2316 216 2337 De
227 2315 318 2337 Peccat.

110 2343 189 2364 Merit.
196 2344 219 2364 et
225 2342 318 2369 Remis„

106 2369 146 2390 lib.
161 2369 183 2392 Ι.
203 2375 223 2390 c.
240 2375 317 2390 xxxtx.

106 2406 115 2410 -
127 2395 163 2417 Cf.
173 2395 285 2426 Magistr.‚
297 2395 319 2416 11

109 2422 180 2449 Sem.J
197 2422 251 2443 dist.
263 2428 317 2443 xxx.

108 2588 117 2596 ·
134 2586 180 2614 Qu.
196 2593 260 2614 mx,
276 2591 317 2610 art.

129 2620 134 2625 ·
182 2629 187 2635 .
202 2621 216 2635 1.

108 3428 117 3435 '
133 3425 180 3452 Qu.
193 3430 249 3446 xux
265 3429 317 3451 sqq.

106 3467 116 3496 'f
134 3465 177 3514 itis.
197 3471 261 3488 num.

338 186 389 222 94

997 180 1263 226 QUAESTIO
1294 179 1486 225 LXXXII,
1516 179 1812 216 ARTICULUS
1844 180 1877 216 1.

751 349 1160 427 QUAESTIO
1200 348 2110 405 OCTOGESIMASECUNDA

534 475 617 514 DE
652 473 962 513 ORIGINALI
995 472 1276 512 PECCATO
1313 472 1620 524 QUANTUM
1653 473 1739 512 AD
1774 472 1944 513 SUAM
1977 471 2323 513 ESSENTIAM

1124 589 1159 614 ΙΝ
1189 589 1363 620 QUATUOR
1389 589 1591 617 ARTICULOS
1618 589 1735 615 D1V1SA

425 695 532 720 ElNDE
561 683 881 720 considerandum
906 690 962 720 est
990 683 1038 720 de
1060 691 1217 731 peccato
1238 682 1406 730 originali

344 694 608 784 unantum
637 736 686 773 ad
714 748 823 772 suam
853 735 1054 773 essentiam
1071 736 1102 772 ³¹⁶.

343 790 391 825 Et
420 789 516 826 circa
543 790 618 826 hoc
646 796 879 838 quaeruntur
907 797 1080 838 quatuor.

397 842 548 878 Primo:
579 850 706 878 utrum
736 841 916 890 originale
944 849 1144 890 peccatum
1175 840 1220 876 sit
1243 840 1405 876 habitus.

1515 683 1716 719 Secundo:
1745 690 1874 720 utrum
1903 683 1949 720 sit
1975 696 2096 720 unum
2125 691 2270 720 tantum
2296 683 2334 720 in
2353 695 2430 720 uno
2449 684 2519 720 ho-

1566 734 1681 772 mine.

1514 786 1670 824 Tertio:
1699 794 1828 825 utrum
1857 787 1903 825 sit
1930 789 2247 838 concupiscentia.

1516 840 1683 887 Quarto:
1712 847 1840 877 utrum
1869 841 1913 877 sit
1940 842 2144 890 aequaliter
2171 842 2210 878 in
2238 841 2429 880 omnibus.

1151 948 1469 990 ARTICULUS
1499 948 1704 990 PRIMUS

821 1042 1010 1072 UTRUM
1043 1040 1343 1071 ORIGINALE
1374 1040 1670 1072 PECCATUM
1703 1040 1786 1071 SIT
1815 1040 2049 1071 HABITUS

923 1119 943 1143 11
957 1119 1040 1150 Seni„
1060 1119 1118 1144 dist.
1131 1127 1191 1150 xxx,
1206 1126 1250 1151 qu.
1263 1126 1285 1149 ι,
1301 1124 1347 1143 art.
1364 1118 1391 1150 3,
1407 1119 1438 1144 ad
1455 1126 1483 1149 2;
1498 1119 1540 1144 De
1554 1119 1643 1148 Malo,
1659 1126 1704 1150 qu.
1717 1126 1751 1149 1v,
1766 1123 1812 1143 art.
1827 1126 1850 1149 2,
1870 1119 1901 1159 ad
1915 1126 1942 1150 4.

396 1241 405 1248 ,
462 1237 470 1246 ,Ἰ
555 1213 577 1237 1)
597 1212 733 1237 PRIMUM
762 1212 815 1236 stc
843 1211 1082 1236 PROCEmTUR.
1111 1199 1271 1236 Videtur
1296 1199 1401 1247 quod

469 1252 470 1255 ’
526 1253 734 1306 originale
754 1260 954 1301 peccatum
977 1265 1055 1289 non
1071 1252 1116 1289 sit
1135 1252 1296 1289 habitus.
1319 1252 1403 1289 Ori—

459 1326 470 1334 s
529 1333 532 1337 .
556 1306 675 1354 ginale
705 1306 806 1342 enim
835 1313 1033 1354 peccatum
1064 1313 1119 1342 est
1148 1305 1312 1342 carentia
1331 1305 1403 1342 ori-

549 1359 686 1407 ginalis
718 1358 897 1405 iustitiae,
926 1366 967 1395 ut
999 1355 1201 1395 Anselmus
1231 1358 1336 1405 dicit,
1365 1357 1403 1394 in

344 1413 440 1449 libro
460 1411 505 1447 de
525 1412 710 1460 Concepto
735 1412 924 1461 Virginali
938 1413 974 1448 *ε
996 1419 1033 1448 et
1051 1411 1103 1448 sic
1119 1411 1298 1459 originale
1317 1423 1406 1460 pec-

346 1473 471 1502 catum
501 1472 556 1501 est
584 1465 774 1514 quaedam
803 1465 976 1513 privatio.
1008 1465 1084 1501 Sed
1103 1464 1264 1513 privatio
1285 1476 1406 1513 oppo-

345 1518 444 1555 nitur
475 1518 631 1554 habitui.
667 1518 768 1565 Ergo
803 1517 981 1565 originale
1014 1525 1215 1567 peccatum
1243 1530 1321 1554 non
1351 1525 1407 1554 est

343 1571 505 1608 habitus.

401 1636 435 1661 2.
460 1625 692 1670 PRAETEREA,
722 1624 868 1660 actuale
895 1631 1094 1671 peccatum
1122 1624 1237 1660 habet
1255 1624 1339 1672 plus
1359 1624 1406 1661 de

346 1677 488 1714 ratione
517 1677 649 1725 culpae
679 1688 795 1724 quarn
822 1676 1013 1724 originale,
1040 1676 1265 1724 inquantum
1292 1677 1408 1714 habet

345 1731 429 1779 plus
464 1730 510 1766 de
547 1729 691 1765 ratione
723 1729 938 1766 voluntarii.
970 1729 1047 1766 Sed
1074 1729 1224 1766 habitus
1253 1730 1408 1767 actualis

344 1782 489 1832 peccati
517 1794 595 1818 non
622 1782 739 1818 habet
766 1781 952 1819 rationem
983 1783 1132 1831 culpae:
1159 1782 1324 1830 alioquin
1350 1796 1406 1820 se-

346 1842 523 1885 queretur
550 1835 656 1882 quod
683 1835 803 1871 homo
834 1835 1027 1872 dormiens
1056 1835 1298 1884 culpabiliter,
1318 1849 1406 1884 pec-

346 1896 456 1926 caret.
487 1889 590 1935 Ergo
619 1889 743 1925 nullus
771 1887 921 1925 habitus
951 1888 1140 1936 originalis
1159 1889 1274 1925 habet
1293 1889 1403 1926 ratio-

345 1954 434 1979 nem
465 1942 608 1989 culpae.
1348 1987 1353 1989 ξ

401 1996 435 2031 3.
459 1995 698 2041 PRAETEREA,
724 1993 763 2030 in
791 1994 900 2031 malis
920 2001 1025 2031 actus
1046 2006 1198 2043 semper
1216 1994 1409 2043 praecedit

345 2047 537 2084 habitum:
567 2047 690 2083 nullus
720 2046 821 2083 enim
850 2046 1000 2084 habitus
1025 2048 1150 2084 malus
1175 2055 1230 2084 est
1248 2047 1406 2096 infusus,

346 2101 412 2138 sed
433 2099 648 2147 acquisitus.
681 2100 758 2136 Sed
783 2099 963 2148 originale
982 2108 1183 2149 peccatum
1202 2112 1280 2138 non
1299 2113 1408 2150 prae-

346 2153 444 2191 cedit
472 2153 606 2200 aliquis
635 2161 750 2190 actus.
782 2154 883 2202 Ergo
912 2153 1089 2201 originale
1109 2160 1310 2202 peccatum
1329 2166 1408 2191 non

346 2214 401 2243 est
429 2206 590 2243 habitus.

401 2260 474 2296 SED
494 2270 640 2296 CONTRA
659 2270 724 2295 EST
751 2259 854 2307 quod
874 2259 1108 2307 Augustinus
1128 2259 1233 2306 dicit,
1254 2260 1292 2297 in
1310 2259 1408 2297 libro

346 2313 391 2349 de
408 2312 601 2360 Baptismo
620 2313 831 2348 Puerorum
851 2311 882 2359 *,
912 2312 1016 2360 quod
1038 2312 1249 2349 secundum
1274 2325 1407 2361 pecca-

345 2373 427 2402 tum
462 2365 642 2413 originale
675 2365 822 2414 parvuli
859 2373 946 2401 sunt
979 2365 1310 2414 concupiscibiles,
1341 2366 1407 2403 etsi

346 2427 425 2455 non
444 2418 516 2454 sint
535 2426 619 2455 actu
640 2418 963 2466 concupiscentes.
985 2419 1063 2455 Sed
1081 2418 1254 2455 habilitas
1275 2419 1409 2456 dicitur

347 2472 557 2508 secundum
583 2471 747 2519 aliquem
775 2470 960 2508 habitum.
991 2472 1093 2519 Ergo
1113 2479 1313 2520 peccatum
1334 2473 1407 2509 ori-

346 2524 468 2572 ginale
498 2531 552 2560 est
578 2524 738 2561 habitus.

399 2578 623 2614 RESPONDEO
643 2589 826 2614 DICENDUM
846 2577 962 2625 quod,
984 2577 1079 2614 sicut
1098 2589 1212 2626 supra
1226 2577 1246 2600 ’³‘
1266 2577 1406 2615 dictum

302 2621 317 2636 ¹'
347 2637 420 2677 est,
452 2630 590 2679 duplex
624 2638 679 2666 est
715 2630 875 2666 habitus.
910 2631 1017 2667 Unus
1051 2630 1205 2678 quidem
1241 2643 1318 2679 quo
1352 2631 1406 2668 in-

346 2683 503 2720 clinatur
529 2683 697 2732 potentia
726 2683 774 2719 ad
803 2683 1011 2730 agendum:
1041 2683 1136 2720 sicut
1164 2683 1341 2721 scientiae
1371 2692 1407 2720 et

344 2736 501 2773 virtutes
521 2735 671 2773 habitus
696 2736 879 2773 dicuntur.
906 2737 955 2772 Et
973 2737 1047 2772 hoc
1067 2736 1186 2773 modo
1206 2744 1406 2785 peccatum

345 2789 526 2838 originale
546 2801 624 2826 non
645 2796 699 2826 est
717 2788 880 2826 habitus.
897 2810 920 2815 —
940 2789 1027 2825 Alio
1048 2790 1166 2826 modo
1187 2789 1322 2827 dicitur
1341 2790 1407 2826 ha—

344 2842 442 2879 bitus
472 2841 667 2891 dispositio
697 2841 851 2878 alicuius
886 2849 1041 2878 naturae
1070 2854 1115 2878 ex
1144 2843 1271 2879 multis
1300 2855 1405 2880 com—

342 2896 499 2945 positae,
530 2896 743 2933 secundum
771 2907 886 2944 quam
907 2895 1004 2931 bene
1025 2907 1064 2931 se
1086 2895 1200 2932 habet
1222 2897 1283 2932 vel
1305 2896 1404 2933 male

344 2949 392 2986 ad
419 2948 571 2997 aliquid,
594 2957 630 2985 et
648 2947 853 2997 praecipue
874 2959 960 2984 cum
981 2947 1063 2984 talis
1083 2948 1277 2996 dispositio
1292 2961 1404 2986 versa

345 3003 452 3039 fuerit
481 3002 587 3050 quasi
616 3001 653 3038 in
683 3009 876 3038 naturam:
905 3008 947 3037 ut
973 3008 1077 3050 patet
1105 3001 1152 3037 de
1172 3001 1403 3048 aegritudine

346 3063 380 3091 et
409 3055 576 3092 sanitate.
608 3055 656 3091 Et
683 3055 757 3091 hoc
786 3055 904 3091 modo
932 3061 1131 3102 peccatum
1153 3053 1330 3101 originale
1351 3062 1406 3091 est

345 3108 505 3144 habitus.
537 3109 604 3144 Est
633 3108 733 3148 enim
763 3107 953 3156 quaedam
976 3106 1188 3144 inordinata
1208 3106 1403 3156 dispositio

1455 1198 1686 1247 proveniens
1706 1211 1750 1235 ex
1770 1198 2016 1235 dissolutione
2035 1198 2131 1235 illius
2151 1199 2372 1236 harmoniae
2390 1199 2430 1238 in
2444 1213 2521 1250 qua

1458 1251 1686 1288 consistebat
1718 1251 1811 1288 ratio
1845 1251 2034 1299 originalis
2067 1251 2245 1289 iustitiae:
2279 1253 2374 1289 sicut
2405 1253 2519 1290 etiarn

1457 1304 1651 1352 aegritudo
1682 1304 1888 1353 corporalis
1913 1312 1968 1341 est
1996 1305 2186 1353 quaedam
2215 1304 2428 1342 inordinata
2447 1305 2521 1343 dis-

1458 1357 1593 1406 positio
1624 1357 1805 1406 corporiS‚
1831 1357 2044 1394 secundum
2068 1369 2185 1406 quam
2205 1357 2363 1395 solvitur
2382 1369 2522 1406 aequa·

1458 1410 1540 1447 litas
1555 1410 1593 1446 in
1609 1422 1684 1459 qua
1700 1410 1866 1447 consistit
1884 1410 1978 1447 ratio
1994 1410 2172 1447 sanitatis.
2185 1411 2300 1448 Unde
2318 1418 2520 1459 peccatum

1459 1463 1638 1510 originale
1668 1463 1833 1512 languor
1861 1469 2020 1500 naturae
2047 1463 2180 1500 dicitur
2198 1462 2229 1500 ³¹⁸.
2293 1489 2297 1494 -
2333 1479 2335 1481 ·

1512 1517 1571 1552 AD
1591 1528 1728 1553 PRtMUM
1749 1528 1847 1553 ERGO
1868 1527 2052 1553 DtcENDUM
2071 1516 2188 1565 quod,
2208 1516 2303 1554 sicut
2326 1515 2520 1564 aegritudo

1461 1569 1667 1617 corporalis
1686 1569 1801 1605 habet
1819 1568 1962 1616 aliquid
1985 1569 2032 1605 de
2051 1569 2274 1618 privatione,
2295 1569 2521 1617 inquantum

1459 1621 1599 1658 tollitur
1626 1621 1831 1670 aequalitas
1859 1621 2041 1666 sanitatis;
2068 1629 2103 1658 et
2126 1621 2268 1670 aliquid
2287 1622 2403 1659 habet
2419 1622 2521 1671 posi—

1460 1674 1549 1720 tive,
1575 1674 1714 1711 scilicet
1741 1675 1844 1723 ipsos
1863 1675 2046 1711 humores
2065 1674 2277 1711 inordinate
2297 1674 2519 1724 dispositos:

2548 1467 2626 1518 ‘02⁰⁸
2653 1468 2764 1518 afflati:

1461 1727 1510 1764 ita
1539 1727 1652 1764 etiarn
1682 1735 1880 1775 peccatum
1919 1727 2098 1775 originale
2126 1728 2242 1764 habet
2267 1727 2522 1776 privationem
2568 1746 2570 1748 >

1461 1779 1649 1828 originalis
1668 1780 1839 1827 iustitiae,
1861 1787 1897 1816 et
1917 1793 2004 1817 cum
2025 1781 2100 1816 hoc
2119 1779 2374 1818 inordinatam
2395 1779 2521 1830 dispo-

1461 1833 1635 1870 sitionem
1663 1833 1826 1882 partium
1856 1833 2018 1870 animae.
2047 1833 2160 1870 Unde
2185 1845 2264 1870 non
2284 1841 2340 1870 est
2358 1832 2520 1882 privatio

1460 1898 1568 1935 pura,
1598 1887 1665 1923 sed
1695 1893 1749 1922 est
1776 1886 1932 1934 quidam
1961 1885 2111 1923 habitus
2141 1893 2351 1936 corruptus.
2500 1885 2502 1887 ’

1513 1941 1573 1975 Αι)
1601 1951 1790 1976 SECUNDUM
1819 1950 2003 1976 DICENDUM
2031 1939 2136 1987 quod
2156 1940 2301 1976 actuale
2320 1946 2522 1988 peccatum

1461 1999 1518 2029 est
1531 1991 1759 2029 inordinatio
1775 1992 1965 2040 quaedam
1981 1999 2103 2028 actus:
2116 1992 2295 2040 originale
2310 2003 2416 2040 vero,
2434 2003 2522 2028 cum

1461 2045 1507 2082 sit
1533 2052 1733 2094 peccatum
1768 2052 1925 2081 naturae
1944 2044 1975 2092 ²¹²,
2006 2052 2061 2082 est
2088 2044 2280 2093 quaedam
2310 2044 2523 2082 inordinata

1457 2097 1658 2147 dispositio
1695 2097 1813 2146 ipsius
1846 2105 2021 2144 naturae,
2056 2110 2155 2146 quae
2191 2098 2308 2136 habet
2336 2097 2522 2135 rationem

1462 2151 1595 2200 culpae
1624 2150 1847 2198 inquantum
1875 2150 2067 2187 derivatur
2097 2163 2141 2187 ex
2169 2151 2293 2200 primo
2313 2158 2470 2200 parente
2488 2149 2522 2199 *,

1461 2211 1503 2241 ut
1531 2203 1672 2240 dictum
1703 2211 1757 2239 est
1774 2203 1806 2240 ³².
1837 2203 2066 2240 Huiusmodi
2093 2211 2221 2240 autem
2243 2203 2439 2253 dispositio
2458 2215 2524 2240 na-

1461 2264 1568 2293 turae
1596 2256 1809 2293 inordinata
1836 2257 1951 2293 habet
1975 2256 2165 2294 rationem
2175 2257 2352 2297 habitus:
2381 2256 2450 2294 sed
2468 2256 2523 2294 in-

1462 2309 1634 2346 ordinata
1654 2309 1849 2358 dispositio
1879 2317 1984 2346 actus
2013 2322 2090 2346 non
2118 2310 2235 2347 habet
2252 2309 2438 2347 rationem
2458 2309 2524 2347 ha—

1461 2363 1572 2399 bitus.
1602 2363 1651 2399 Et
1678 2370 1834 2411 propter
1852 2363 1938 2408 hoc,
1964 2370 2165 2410 peccatum
2192 2362 2372 2411 originale
2398 2369 2526 2412 potest

1462 2428 1543 2452 esse
1571 2415 1733 2461 habitus,
1763 2427 1841 2452 non
1871 2423 1998 2452 autern
2026 2423 2226 2464 peccatum
2258 2416 2415 2452 actuale.

1514 2470 1573 2505 AD
1605 2480 1765 2505 TERTIUM
1798 2479 1982 2505 DICENDUM
2015 2468 2119 2517 quod
2153 2468 2314 2506 obiectio
2343 2467 2403 2505 illa
2434 2479 2522 2517 pro-

1462 2522 1561 2558 cedit
1581 2521 1627 2558 de
1652 2521 1782 2558 habitu
1802 2533 1879 2570 quo
1907 2521 2076 2570 potentia
2099 2521 2297 2558 inclinatur
2316 2521 2353 2558 in
2373 2528 2520 2558 actum:

1460 2574 1542 2611 talis
1570 2581 1698 2610 autem
1727 2573 1877 2610 habitus
1905 2586 1983 2611 non
2013 2582 2068 2610 est
2099 2582 2299 2622 peccatum
2330 2573 2520 2621 originale.

1462 2627 1650 2674 Quamvis
1677 2626 1790 2663 etiam
1821 2639 1864 2663 ex
1892 2634 2050 2675 peccato
2071 2626 2241 2675 originali
2261 2634 2442 2676 sequatur
2459 2626 2523 2663 ali-

1461 2693 1537 2728 qua
1565 2679 1755 2717 inclinatio
1776 2679 1815 2716 in
1834 2687 1960 2716 actum
1981 2679 2251 2727 inordinatum,
2273 2691 2349 2716 non
2371 2679 2522 2726 directe,

1461 2734 1528 2770 sed
1544 2733 1734 2779 indirecte,
1751 2732 1891 2769 scilicet
1909 2745 1978 2781 per
1997 2733 2253 2769 remotionem
2272 2731 2521 2780 prohibentis,

1460 2787 1555 2824 idest
1584 2785 1773 2834 originalis
1801 2785 1973 2832 iustitiae,
2003 2798 2101 2833 quae
2129 2785 2356 2834 prohibebat
2384 2785 2525 2822 inordi-

1460 2847 1569 2876 natos
1589 2846 1734 2875 motus:
1765 2838 1859 2875 sicut
1878 2838 1992 2875 etiam
2013 2851 2058 2875 ex
2078 2838 2311 2886 aegritudine
2327 2837 2536 2888 'corporali-

1459 2893 1638 2930 indirecte
1667 2891 1836 2940 sequitur
1862 2891 2053 2928 inclinatio
2082 2892 2130 2928 ad
2159 2898 2287 2928 motus
2307 2891 2523 2940 corporales

1458 2945 1704 2982 inordinatos.
1735 2945 1819 2980 Nec
1848 2944 1960 2980 debet
1989 2944 2062 2980 dici
2090 2944 2196 2992 quod
2223 2951 2424 2993 peccatum
2449 2942 2539 2980 ori-·

1458 2999 1580 3046 ginale
1596 2998 1642 3034 sit
1659 2997 1810 3034 habitus
1829 2996 1990 3042 infusus3
2012 3004 2076 3033 aut
2095 2997 2297 3045 acquisitus
2311 3008 2381 3046 per
2395 3003 2522 3033 actum

1458 3052 1528 3088 nisi
1555 3050 1669 3099 primi
1697 3049 1881 3098 parentis,
1912 3062 1990 3086 non
2019 3057 2147 3086 autern
2177 3050 2288 3087 huius
2316 3059 2520 3099 personae3

1459 3105 1526 3141 sed
1554 3116 1623 3152 per
1649 3102 1819 3140 vitiatam
1849 3102 2033 3150 originem
2063 3102 2223 3140 innatus.

1021 3201 1353 3234 commentaria
1375 3200 1625 3233 Cardinalis
1648 3199 1848 3232 (Daiei-‚ani

375 3293 394 3312 N
418 3282 509 3312 titulo
534 3282 626 3322 primi
650 3282 769 3314 articuli
793 3282 986 3323 quaestionis
1015 3281 1401 3322 octogesimaesecundae,
1429 3280 1432 3318 Ι
1459 3280 1625 3321 positionis
1649 3290 1731 3321 quae
1754 3279 1786 3310 in
1809 3279 1911 3310 littera
1935 3279 2056 3315 dicitur,
2082 3278 2121 3310 sit
2143 3277 2335 3310 inordinatio
2360 3276 2521 3318 privative,

348 3294 510 3356 lsumitur
538 3326 662 3356 habitus
690 3327 830 3367 proprie,
857 3334 886 3357 et
914 3336 978 3356 non
1007 3326 1113 3356 solum
1142 3333 1177 3356 ut
1204 3325 1405 3365 distinguitur
1459 3335 1499 3355 an
1516 3324 1679 3355 contrarie.
1698 3323 1729 3354 Si
1743 3323 1828 3354 enirn
1838 3323 1988 3364 privative
2005 3323 2142 3354 sumitur
2156 3321 2333 3353 inordinata
2345 3319 2520 3360 dispositio,

346 3377 454 3400 contra
477 3376 596 3400 actum:
617 3377 652 3400 ut
675 3378 759 3410 patet
778 3381 814 3400 ex
829 3380 972 3410 corpore,
989 3370 1043 3400 ubi
1060 3369 1224 3409 distinguit
1240 3370 1278 3400 de
1294 3369 1402 3400 habitu
1459 3369 1540 3399 idest
1563 3367 1728 3409 dispositio
1752 3367 1871 3408 privata
1894 3367 1948 3399 tali
1971 3367 2094 3403 ordine;
2118 3366 2261 3407 sequitur
2282 3364 2370 3405 quod
2392 3373 2459 3394 non
2482 3364 2525 3395 sit

344 3413 472 3454 proprie
489 3420 629 3453 sumpt0‚
646 3414 683 3444 de
701 3424 766 3454 quo
784 3415 927 3453 superius
939 3413 957 3431 ⁴⁹
971 3414 1091 3444 dictum
1108 3413 1176 3444 fuit.
1192 3414 1232 3444 Et
1249 3421 1294 3444 est
1309 3423 1406 3454 quae-

282 3470 318 3492 v¹‚
345 3458 405 3489 stio
429 3457 594 3498 singularis
605 3457 632 3487 *.

401 3502 436 3532 In
453 3511 584 3541 corpore
601 3501 720 3531 articuli
738 3501 870 3531 dubium
888 3502 991 3541 primo
1009 3508 1064 3538 est,
1082 3512 1121 3531 an
1137 3501 1327 3532 inordinatio
1345 3501 1406 3531 dis-

1461 3413 1595 3448 habitus,
1610 3413 1664 3443 sed
1678 3411 1811 3452 privatio
1828 3418 1993 3452 peccatum
2009 3410 2169 3450 originale,
2181 3409 2213 3440 in
2225 3409 2278 3439 tali
2289 3407 2522 3438 inordinatione

1463 3457 1646 3488 consistens.
1663 3456 1695 3487 Si
1708 3466 1782 3486 vero
1799 3455 1935 3486 sumitur
1950 3454 2118 3490 contrarie,
2135 3459 2261 3493 oportet
2275 3452 2432 3492 assignare
2444 3452 2522 3493 quid

1463 3501 1501 3532 sit
1524 3501 1603 3531 illud
1626 3500 1800 3540 positivum
1820 3499 1955 3530 fundans
1978 3498 2060 3528 hanc
2083 3496 2342 3528 contrarietatem.

2549 2054 2560 2064 ”
2573 2054 2603 2076 n.
2617 2052 2700 2076 ιοοδα.

2550 2160 2560 2170 ·
2574 2159 2604 2182 D.
2619 2158 2698 2182 ιοοόῠ.

2551 2217 2692 2246 'Quanam
2698 2219 2767 2239 arta-
