2840 4010
88 350 99 362 ⁶
114 349 170 378 Cap.
187 355 233 377 vu,
248 355 297 371 vui.

84 770 93 779 ⁸
109 769 165 797 Cap.
181 775 218 790 xv.

79 1567 88 1576 '¹
103 1567 154 1589 Art.
169 1573 189 1588 2.

80 1724 89 1733 '¹
105 1722 164 1744 Ibid.

178 1868 192 1902 β

178 1984 194 2010 γ

80 2087 159 2136 §.0421
168 2088 292 2136 112119·

179 2238 192 2263 δ

334 158 404 205 178

383 237 416 273 3.
438 237 669 282 PRAETEREA,
691 235 785 272 sicut
804 235 841 271 in
862 234 1008 270 civitate
1036 239 1123 269 sunt
1139 231 1330 280 principes
1356 239 1392 268 et

327 290 541 326 sacerdotes
571 296 606 325 et
633 288 787 334 milites,
818 287 868 323 ita
897 286 1009 322 etiam
1039 291 1125 321 sunt
1158 291 1194 320 et
1222 284 1293 321 alia
1321 285 1388 321 ho-

326 342 473 378 minum
495 341 631 378 officia.
653 342 754 388 Ergo
779 339 930 376 videtur
945 337 1059 386 quod,
1082 336 1178 373 sicut
1195 337 1350 385 ponitur
1369 338 1388 357 ¹⁵

326 395 521 443 quoddam
540 395 597 430 ius
621 393 792 438 militare,
815 398 851 427 et
874 391 930 427 ius
943 390 1151 438 publicum,
1174 389 1279 438 quod
1300 402 1389 427 con-

326 447 418 484 sistit
445 448 483 484 in
512 445 770 483 sacerdotibus
805 451 841 480 et
869 442 1165 490 magistratibus3
1195 443 1245 479 ita
1275 442 1388 479 etiam

325 501 490 537 debeant
522 498 613 547 poni
643 497 713 534 alia
741 497 841 543 iura,
872 496 920 532 ad
954 496 1025 532 alia
1063 495 1191 532 officia
1229 495 1388 533 civitatis

323 551 558 601 pertinentia.

376 617 412 651 4.
434 606 666 649 PRAETEREA,
688 614 731 638 ea
751 613 851 649 quae
879 608 967 638 sunt
994 613 1063 650 per
1091 601 1278 649 accidens,
1300 609 1388 638 sunt

322 655 668 705 praetermittenda.
701 655 777 691 Sed
806 653 941 691 accidit
969 654 1041 702 legi
1074 661 1117 690 ut
1145 654 1192 690 ab
1221 655 1297 691 hoc
1324 654 1387 691 vel

322 710 385 746 illo
407 715 424 730 α
451 708 608 745 homine
637 708 788 744 feratur.
819 707 921 755 Ergo
950 706 1263 744 inconvenienter
1280 707 1388 756 poni-

322 770 380 799 tur
398 762 418 784 *
437 762 572 799 divisio
593 762 720 808 legum
748 761 1006 796 humanarum
1026 772 1070 796 ex
1090 759 1311 797 nominibus
1335 761 1387 796 le-

321 816 553 864 gislatorum,
582 821 625 850 ut
653 813 792 850 scilicet
817 813 1008 861 quaedam
1030 812 1176 850 dicatur
1199 813 1386 859 Cornelia,

321 869 512 918 quaedam
539 867 726 912 Falcidia,
757 873 826 903 etc.

375 923 414 958 IN
445 931 679 958 commatum
708 918 910 956 auctoritas
939 918 1072 955 Isidori
1101 917 1273 955 sufficiat.

374 975 600 1011 RESPONDEO
616 984 801 1009 DICENDUM
816 971 921 1020 quod
935 970 1243 1019 unumquodque
1262 978 1388 1020 potest

321 1040 389 1076 per
418 1039 458 1064 se
488 1026 605 1064 dividi
632 1025 843 1062 secundum
876 1024 913 1061 id
943 1025 1048 1071 quod
1075 1024 1115 1060 in
1144 1023 1223 1060 eius
1242 1023 1386 1060 ratione

322 1080 545 1118 continetur.
577 1079 680 1115 Sicut
713 1078 751 1114 in
785 1077 929 1114 ratione
968 1076 1140 1113 animalis
1176 1076 1387 1113 continetur

321 1134 460 1180 anima,
481 1144 579 1181 quae
600 1138 655 1168 est
674 1130 864 1167 rationalis
882 1130 945 1166 vel
969 1128 1213 1166 irrationalis:
1244 1136 1280 1165 et
1298 1129 1385 1166 ideo

320 1186 460 1224 animal
489 1184 642 1234 proprie
672 1191 708 1220 et
734 1195 803 1231 per
827 1195 867 1219 se
888 1182 1068 1219 dividitur
1095 1181 1308 1218 secundum
1330 1193 1386 1218 ra-

319 1239 457 1276 tionale
478 1245 515 1274 et
533 1237 763 1281 irrationale;
781 1247 859 1272 non
877 1242 1005 1271 autem
1020 1235 1233 1271 secundum
1254 1234 1385 1271 album

320 1299 356 1328 et
382 1291 551 1339 nigrum,
582 1301 680 1337 quae
710 1295 797 1325 sunt
825 1287 983 1324 omnino
1015 1293 1167 1335 praeter
1198 1286 1385 1324 rationem

320 1345 410 1381 eius.
442 1344 538 1380 Sunt
570 1349 700 1379 autem
733 1341 853 1377 multa
882 1340 929 1377 de
958 1340 1104 1377 ratione
1132 1339 1223 1387 legis
1251 1340 1386 1377 huma-

318 1409 411 1444 nae,
442 1395 654 1433 secundum
688 1405 854 1442 quorum
890 1392 1087 1442 quodlibet
1119 1392 1178 1428 lex
1215 1392 1386 1430 humana

317 1449 470 1500 proprie
500 1456 535 1486 et
562 1460 631 1497 per
659 1460 699 1484 se
729 1446 847 1484 dividi
866 1453 1001 1495 potest.
1031 1447 1100 1482 Est
1128 1444 1230 1481 enim
1259 1446 1385 1495 primo

319 1504 365 1541 de
386 1503 530 1540 ratione
549 1501 641 1549 legis
661 1501 855 1537 humanae
874 1499 977 1548 quod
1006 1499 1052 1535 sit
1071 1499 1242 1536 derivata
1262 1511 1284 1535 a
1304 1499 1386 1547 lege

319 1564 497 1602 naturae,
526 1562 568 1591 ut
597 1566 642 1590 ex
671 1553 778 1591 dictis
805 1552 825 1574 '¹‘
852 1559 965 1600 patet.
996 1552 1045 1588 Et
1072 1552 1287 1589 secundum
1311 1553 1387 1588 hoc

320 1609 498 1646 dividitur
525 1608 583 1644 ius
610 1606 819 1655 positivum
843 1605 881 1641 in
907 1605 964 1641 ius
990 1605 1159 1654 gentium
1188 1612 1226 1641 et
1252 1605 1309 1641 ius
1336 1605 1387 1641 ci-

318 1662 402 1709 vile,
433 1660 646 1698 secundum
667 1659 764 1696 duos
784 1657 924 1695 modos
954 1657 1092 1706 quibus
1117 1657 1258 1706 aliquid
1290 1657 1385 1694 deri-

318 1722 430 1752 vatur
450 1727 471 1750 a
490 1715 572 1761 lege
601 1719 770 1758 naturae,
791 1718 833 1748 ut
856 1723 970 1759 supra
988 1710 1008 1732 '¹‘
1028 1710 1171 1747 dictum
1192 1718 1258 1747 est.
1281 1711 1386 1747 Nam

320 1768 368 1805 ad
396 1767 453 1803 ius
481 1765 650 1814 gentium
678 1764 866 1813 pertinent
895 1776 939 1800 ea
968 1775 1065 1812 quae
1095 1763 1314 1800 derivantur
1342 1775 1388 1800 ex

318 1822 401 1868 lege
429 1827 586 1856 naturae
614 1818 710 1854 sicut
742 1816 1007 1854 conclusiones
1036 1828 1081 1852 ex
1109 1815 1318 1865 principiis:
1346 1823 1388 1853 ut

318 1874 438 1910 iustae
468 1872 682 1920 emptiones
701 1869 726 1916 β,
747 1869 999 1916 venditiones,
1031 1876 1067 1906 et
1095 1869 1167 1906 alia
1190 1869 1388 1906 huiusmo-

321 1926 378 1973 di,
418 1926 496 1962 sine
527 1924 666 1973 quibus
698 1922 876 1960 homines
909 1923 957 1959 ad
986 1922 1151 1959 invicem
1181 1921 1386 1959 convivere

319 1991 399 2016 non
426 1985 583 2027 possent
610 1982 641 2022 Υ;
671 1976 776 2024 quod
813 1983 868 2012 est
897 1975 943 2012 de
979 1975 1061 2023 lege
1089 1982 1266 2023 naturae,
1296 1975 1386 2023 quia

319 2033 439 2069 homo
476 2038 531 2068 est
565 2029 781 2067 naturaliter
815 2028 955 2065 animal
988 2027 1145 2075 sociale,
1174 2035 1217 2064 ut
1248 2028 1386 2077 proba-

319 2093 378 2122 tur
406 2084 445 2121 in
473 2086 486 2121 I
507 2083 614 2120 Polit.
635 2082 655 2104 ²¹⁶
674 2083 784 2129 Quae
812 2093 906 2118 vero
932 2081 1151 2118 derivantur
1178 2093 1201 2117 a
1219 2081 1301 2129 lege
1321 2093 1385 2118 na-

320 2146 424 2175 turae
458 2149 528 2186 per
565 2136 726 2173 modum
763 2133 998 2183 particularis
1035 2133 1384 2182 determinationis,

319 2190 509 2240 pertinent
536 2189 585 2226 ad
613 2188 671 2225 ius
692 2188 814 2235 civile,
835 2187 1047 2224 secundum
1069 2186 1175 2235 quod
1194 2187 1386 2235 quaelibet

321 2244 452 2282 civitas
481 2241 623 2291 aliquid
652 2241 722 2278 sibi
751 2239 1051 2277 accommodum
1069 2238 1082 2261 ὅ
1113 2239 1349 2276 determinat.

375 2295 554 2333 Secundo
589 2301 644 2331 est
673 2294 720 2331 de
754 2293 898 2330 ratione
935 2292 1026 2340 legis
1058 2293 1252 2330 humanae
1280 2291 1385 2340 quod

321 2349 515 2387 ordinetur
543 2349 591 2385 ad
620 2348 767 2384 bonum
801 2358 1006 2382 commune
1041 2345 1212 2383 civitatis.
1247 2346 1297 2382 Et
1328 2357 1387 2382 se-

321 2402 490 2440 cundum
509 2402 584 2438 hoc
607 2401 666 2437 lex
689 2401 859 2436 humana
886 2398 1002 2436 dividi
1021 2406 1146 2448 potest
1175 2398 1386 2435 secundum

320 2455 577 2493 diversitatem
608 2465 741 2490 eorum
771 2452 836 2501 qui
864 2451 1075 2500 specialiter
1103 2451 1194 2488 dant
1226 2463 1384 2500 operam

373 2586 401 2618 α)
422 2586 475 2610 illo.
492 2599 512 2605 -
529 2585 582 2609 alio
601 2585 631 2614 E,
650 2584 683 2609 ab
702 2583 755 2608 alio
775 2583 803 2608 P.

374 2620 399 2654 β)
419 2621 572 2652 emptiones.
590 2633 610 2638 —
629 2618 771 2644 occisiones
789 2617 1007 2650 ABCDFGLpH;
1032 2618 1129 2643 addunt
1148 2619 1189 2643 vel
1206 2618 1258 2648 EF,
1277 2621 1304 2643 et
1321 2617 1363 2643 lx.

372 2658 399 2689 γ)
415 2659 534 2688 possent.
551 2669 571 2674 —
583 2658 699 2687 possunt
718 2654 765 2679 Pa.

373 2691 397 2724 δ)
417 2691 626 2717 accommodum.
645 2704 662 2708 -
680 2690 717 2714 ad
735 2689 902 2714 commodum
922 2687 1033 2722 K(sH?).
1053 2689 1221 2714 accommode
1239 2689 1285 2714 Pa.

1004 155 1270 202 QUAESTIO
1300 154 1422 201 XCV,
1452 155 1748 192 ARTICULUS
1779 157 1829 193 lV

1446 232 1494 269 ad
1514 233 1660 269 bonum
1677 245 1901 270 commune:
1922 234 2017 271 sicut
2031 237 2259 284 sacerdotes,
2274 250 2345 286 pro
2360 238 2504 286 populo

1445 286 1573 322 Deum
1601 293 1769 332 orantes3
1790 286 1992 335 principes,
2017 289 2203 336 populum
2231 291 2504 337 gubernantes;

1445 345 1482 374 et
1508 338 1664 385 milites,
1694 350 1763 387 pro
1789 339 1907 375 salute
1931 339 2063 387 populi
2089 349 2311 388 pugnantes.
2343 344 2390 379 Et
2418 343 2504 380 ideo

1443 390 1519 427 istis
1538 391 1759 427 hominibus
1788 391 1962 440 specialia
1989 392 2180 439 quaedam
2209 393 2290 430 iura
2318 402 2503 443 aptantur.

1497 444 1628 480 Tertio
1658 451 1713 481 est
1742 444 1788 480 de
1819 443 1964 481 ratione
1992 444 2084 491 legis
2111 445 2305 482 humanae
2332 454 2373 483 ut
2404 448 2505 485 insti-

1442 503 1566 533 tuatur
1585 509 1607 533 a
1626 498 1860 544 gubernante
1885 495 2198 534 communitatem
2218 497 2388 547 civitatis,
2413 500 2507 538 sicut

1441 550 1586 598 supra*
1601 549 1742 586 dictum
1759 557 1824 586 est.
1846 550 1895 586 Et
1909 549 2119 586 secundum
2140 550 2215 586 hoc
2231 550 2507 599 distinguuntur
2533 568 2542 577 ·
2557 568 2605 596 Qu.
2616 573 2653 595 xc,
2668 571 2710 590 art.
2722 573 2743 596 ³-

1440 603 1542 650 leges
1570 603 1763 639 humanae
1791 603 2004 639 secundum
2033 602 2182 639 diversa
2211 603 2395 651 regimina
2417 604 2507 642 eivi-

1439 662 1570 691 tatum.
1588 655 1765 701 Quorum
1785 667 1916 702 unum,
1933 655 2143 692 secundum
2159 655 2449 704 Philosophum,
2469 657 2506 694 in

1442 708 1491 743 III
1512 707 1660 754 Polit.*,
1684 715 1739 744 est
1758 719 1931 755 regnum,
1952 708 2107 756 quando
2128 708 2269 746 scilicet
2289 708 2420 746 civitas
2439 711 2512 757 gu-'
2533 720 2742 768 {qragamaffi

2622 748 2675 770 lect.
2689 754 2720 769 vr.
2732 759 2743 764 -

1441 761 1622 797 bernatur
1649 760 1697 796 ab
1725 772 1827 797 uno:
1858 767 1894 797 et
1921 762 2134 798 secundum
2162 762 2238 798 hoc
2271 761 2507 810 accipiuntur
2533 772 2742 821 &gavamm

1441 813 1715 850 constitutiones
1736 813 1965 861 principum.
1995 814 2108 851 Aliud
2131 827 2226 851 vero
2255 814 2426 862 regimen
2452 822 2508 852 est
2533 805 2553 821 ε’
2605 800 2724 823 '¹⁸⁰³‘¹¹'

1442 866 1682 912 aristocratia,
1696 865 1791 902 idest
1805 865 2036 914 principatus
2051 866 2297 916 optimorum,
2308 868 2370 904 vel
2381 872 2393 888 ⁸
2410 867 2505 916 opti·
2635 875 2646 891 ⁶

1442 926 1605 955 matum:
1623 926 1658 955 et
1678 918 1890 955 secundum
1910 919 1984 955 hoc
2000 928 2201 956 sumuntur
2219 932 2397 969 responsa
2411 932 2505 969 pru—

1441 973 1609 1018 dentum,
1635 979 1672 1008 et
1696 971 1809 1008 etiam
1833 973 2162 1010 senatusconsulta.
2192 972 2306 1010 Aliud
2335 973 2505 1021 regimen

1442 1032 1498 1061 est
1516 1024 1732 1072 oligarchia,
1749 1024 1846 1060 idest
1863 1023 2094 1072 principatus
2112 1038 2326 1074 paucorum
2342 1025 2503 1063 divitum

1442 1085 1478 1114 et
1496 1085 1713 1126 potentum:
1736 1084 1771 1113 et
1786 1077 1998 1113 secundum
2018 1078 2092 1114 hoc
2107 1078 2267 1115 sumitur
2281 1079 2339 1115 ius
2352 1085 2504 1127 praeto-

1441 1131 1552 1176 rium,
1578 1130 1682 1178 quod
1710 1129 1824 1166 etiam
1852 1130 2099 1167 honorarium
2129 1130 2273 1168 dicitur.
2303 1131 2418 1169 Aliud
2437 1144 2504 1169 au-

1440 1190 1517 1219 tern
1546 1183 1716 1230 regimen
1746 1190 1800 1219 est
1827 1182 1971 1231 populi,
1997 1183 2102 1231 quod
2124 1183 2344 1220 nominatur
2372 1185 2504 1224 demo-

1441 1236 1570 1272 cratia:
1591 1243 1628 1272 et
1642 1235 1854 1272 secundum
1870 1236 1945 1271 hoc
1959 1243 2163 1272 sumuntur
2171 1235 2374 1284 plebiscita.
2390 1237 2504 1274 Aliud

1440 1296 1568 1325 autem
1598 1295 1653 1325 est
1679 1287 1937 1336 tyrannicum,
1968 1288 2072 1336 quod
2102 1295 2157 1325 est
2188 1288 2347 1325 omnino
2377 1301 2504 1326 corru-

1439 1349 1566 1390 ptum:
1596 1341 1699 1378 unde
1729 1353 1774 1377 ex
1801 1341 1875 1377 hoc
1904 1353 1982 1377 non
2011 1341 2171 1378 sumitur
2198 1341 2323 1390 aliqua
2342 1341 2411 1380 lex.
2436 1343 2505 1379 Est

1440 1394 1554 1431 etiarn
1571 1394 1726 1442 aliquod
1741 1393 1752 1415 ²
1773 1393 1942 1441 regimen
1957 1405 2003 1430 ex
2021 1393 2099 1430 istis
2118 1394 2381 1441 commixtum,
2398 1395 2504 1442 quod
2583 1408 2585 1410 ·
2627 1391 2643 1420 ζ

1441 1455 1496 1484 est
1511 1447 1717 1496 optimum:
1735 1453 1771 1482 et
1785 1446 1998 1483 secundum
2012 1447 2088 1484 hoc
2102 1446 2263 1484 sumitur
2276 1447 2339 1484 lex
2355 1462 2374 1480 α
2385 1459 2503 1496 quam

1441 1500 1605 1537 maiores
1633 1507 1724 1536 natu
1744 1499 1856 1535 simul
1877 1511 1964 1536 cum
1984 1499 2160 1548 plebibus
2179 1508 2383 1537 sanxerunt
2399 1516 2434 1549 a»,
2463 1508 2505 1538 ut

1441 1553 1606 1590 Isidorus
1635 1552 1721 1589 dicit
1738 1551 1769 1588 ²¹⁸.

1495 1606 1642 1652 Quarto
1655 1617 1748 1642 vero
1769 1604 1816 1641 de
1833 1604 1978 1641 ratione
2002 1605 2092 1652 legis
2110 1605 2303 1642 humanae
2323 1613 2379 1643 est
2397 1606 2504 1655 quod

1441 1658 1487 1695 sit
1514 1658 1695 1695 directiva
1722 1658 1982 1694 humanorum
2015 1665 2182 1694 actuum.
2212 1658 2262 1695 Et
2290 1658 2502 1695 secundum

1439 1712 1531 1758 hoc,
1551 1712 1761 1748 secundum
1790 1710 1940 1747 diversa
1969 1710 2016 1747 de
2045 1710 2183 1758 quibus
2201 1711 2304 1758 leges
2321 1711 2502 1759 feruntur,

1442 1763 1720 1812 distinguuntur
1742 1764 1855 1810 leges,
1876 1775 1975 1812 quae
1999 1763 2188 1801 interdum
2218 1764 2266 1800 ab
2286 1763 2504 1801 auctoribus

1441 1817 1703 1855 nominantur:
1725 1816 1821 1852 sicut
1839 1816 2077 1864 distinguitur
2099 1817 2184 1853 Lex
2205 1816 2305 1853 Iulia
2324 1817 2370 1853 de
2386 1816 2505 1854 Adul-

1439 1870 1551 1916 teriis,
1571 1871 1655 1906 Lex
1678 1869 1853 1906 Cornelia
1876 1869 1922 1906 de
1945 1869 2098 1906 Sicariis
2118 1875 2152 1915 η,
2184 1876 2220 1906 et
2247 1869 2300 1906 sic
2329 1869 2377 1906 de
2405 1869 2502 1918 aliis,
2624 1874 2640 1898 Ἰ

1440 1935 1518 1960 non
1545 1930 1701 1971 propter
1729 1930 1914 1970 auctores,
1942 1922 2010 1959 sed
2033 1929 2189 1971 propter
2212 1934 2272 1959 res
2297 1922 2345 1960 de
2364 1922 2503 1971 quibus

1441 1982 1538 2012 sunt.

1492 2030 1550 2065 An
1571 2040 1708 2065 PR1MUM
1726 2039 1824 2064 ERGO
1853 2038 2037 2065 mcENDUM
2057 2027 2162 2076 quod
2182 2027 2239 2064 ius
2258 2027 2428 2075 gentium
2448 2035 2504 2065 est

1440 2081 1594 2130 quidem
1625 2080 1752 2129 aliquo
1781 2080 1901 2117 modo
1921 2081 2090 2117 naturale
2109 2080 2269 2127 homini,
2289 2079 2503 2118 secundum

1439 2134 1544 2183 quod
1573 2141 1628 2170 est
1656 2133 1863 2180 rationalis,
1894 2133 2120 2182 inquantum
2154 2133 2344 2170 derivatur
2371 2145 2394 2170 a
2421 2133 2507 2181 lege

1439 2187 1598 2224 naturali
1633 2198 1701 2235 per
1733 2186 1895 2223 modum
1929 2186 2182 2223 conclusionis
2214 2197 2313 2235 quae
2340 2197 2421 2223 non
2448 2192 2505 2223 est

1439 2241 1600 2276 multum
1634 2246 1782 2276 remota
1810 2251 1832 2276 a
1859 2238 2064 2288 principiis.
2098 2239 2210 2277 Unde
2247 2238 2295 2276 de
2331 2238 2430 2276 facili
2465 2239 2504 2276 in

1439 2292 1660 2329 huiusmodi
1674 2292 1851 2329 homines
1872 2299 2160 2329 consenserunt.
2185 2291 2433 2340 Distinguitur
2451 2299 2506 2329 ta-

1439 2358 1531 2382 men
1558 2357 1580 2381 a
1613 2345 1694 2392 lege
1733 2345 1926 2394 naturali„
1947 2345 2113 2382 maxime
2147 2346 2195 2382 ab
2229 2357 2276 2381 eo
2310 2344 2415 2394 quod
2449 2351 2504 2382 est

1441 2398 1620 2435 omnibus
1649 2398 1875 2434 animalibus
1904 2409 2122 2435 commune.

1493 2451 1553 2488 Ad
1569 2451 1641 2487 alia
1659 2458 1762 2499 patet
1777 2450 1973 2499 responsio
1994 2462 2040 2487 ex
2058 2450 2116 2487 his
2135 2462 2234 2498 quae
2249 2450 2348 2487 dicta
2368 2456 2456 2487 sunt
2466 2449 2500 2487 *.
2529 2462 2539 2470 ·
2553 2460 2579 2483 ιιι
2594 2466 2700 2488 corpore·

2530 1565 2605 1587 Ἴου.
2613 1565 2652 1588 cit.
2658 1570 2741 1593 αρας

2531 1595 2553 1613 et
2563 1591 2603 1614 lib.
2613 1591 2644 1619 n,
2652 1597 2704 1620 cap.
2717 1598 2741 1614 x.

1491 2582 1513 2614 ε)
1534 2583 1583 2607 vel.
1599 2596 1620 2602 -
1637 2586 1663 2607 et
1682 2583 1792 2607 codices.

1491 2617 1516 2650 ζ)
1535 2618 1652 2650 aliquod.
1669 2632 1688 2637 —
1705 2618 1781 2643 aliud
1799 2617 1875 2643 EFK.

1490 2654 1517 2685 η)
1538 2653 1657 2678 Sicariis.
1675 2667 1694 2672 -
1706 2653 1824 2687 sucat-iis
1841 2652 1981 2686 ABDLpC.
1994 2651 2118 2691 fricat-iis
2137 2651 2169 2683 G,
2181 2651 2298 2685 socan-iis
2317 2652 2350 2683 H,
2369 2652 2503 2678 usurariis

1430 2688 1550 2721 sucariis
1568 2688 1599 2713 Κ.

994 2776 1328 2809 Commenta-ia
1349 2775 1602 2809 Oardjnalis
1624 2775 1825 2808 Caietam‘.

352 2879 372 2899 N
396 2867 528 2898 articulo
548 2873 663 2908 quarto
687 2865 829 2896 eiusdem
846 2864 1051 2905 quaestionis,
1069 2864 1189 2895 omisso
1208 2864 1312 2902 tertio,
1329 2864 1387 2895 du-

325 2881 442 2943 Ibium
466 2918 513 2942 est
536 2911 616 2942 circa
634 2910 687 2951 iila
701 2910 810 2940 verba:
830 2909 889 2940 Est
908 2914 938 2940 et
954 2909 1085 2949 aliquod
1101 2910 1244 2950 regimen
1262 2918 1303 2939 ex
1319 2909 1387 2939 istis

322 2957 542 2993 commixtum,
567 2955 652 2995 quod
675 2959 722 2985 est
747 2954 910 2994 optimum.
934 2952 1018 2990 Quia
1041 2953 1103 2983 hoc
1126 2953 1307 2983 adversatur
1330 2952 1386 2982 do-

323 3001 438 3031 ctrinae
457 2999 605 3030 Auctoris
629 2999 661 3029 in
685 2997 830 3039 pluribus
853 2997 947 3028 locis:
964 3003 1001 3027 ut
1015 3003 1101 3037 patet
1117 2996 1149 3027 in
1165 2997 1270 3027 Prima
1285 2996 1385 3033 Parte,

323 3055 376 3084 qu.
394 3055 460 3080 0111,
477 3050 533 3075 art.
553 3044 581 3080 3,
606 3050 636 3074 et
654 3043 688 3074 in
702 3042 745 3074 IV
763 3042 884 3073 Contra
903 3041 1007 3079 Gent„
1029 3051 1097 3081 cap.
1112 3051 1213 3078 Lxxw,
1230 3040 1286 3071 ubi
1301 3047 1387 3071 tenet

323 3089 411 3128 quod
434 3088 595 3128 optimum
618 3087 758 3127 regimen
782 3092 829 3117 est
851 3085 991 3126 regimen
1015 3085 1125 3122 unius,
1150 3092 1180 3116 et
1203 3085 1326 3126 probat,
1351 3091 1387 3115 ut

324 3139 409 3172 patet
431 3132 558 3162 ibidem.

379 3176 416 3206 ΙΙ.
440 3176 491 3206 Ad
514 3176 575 3207 hoc
598 3174 814 3215 multipliciter
836 3173 1055 3215 respondetur.
1080 3172 1205 3210 Primo,
1229 3173 1318 3214 quod
1340 3181 1386 3203 re-

324 3218 430 3258 gimen
461 3219 555 3250 unius
586 3226 633 3250 est
662 3218 824 3259 optimum
854 3224 997 3258 respectu
1031 3217 1168 3248 aliorum
1195 3216 1387 3258 regiminum

325 3263 531 3302 simplicium;
556 3273 622 3293 non
651 3269 757 3294 autem
782 3262 1040 3293 commixtorum.
1065 3262 1106 3292 Et
1134 3261 1207 3292 ideo
1233 3261 1319 3292 nulla
1342 3267 1389 3292 est

326 3306 536 3337 contrarietas.

383 3350 539 3386 Secundo,
564 3351 652 3390 quod
675 3350 814 3390 regimen
838 3350 932 3380 unius
956 3357 1003 3380 est
1025 3349 1186 3390 optimum
1209 3349 1387 3381 secundum

325 3394 462 3434 speciem
484 3394 654 3433 regiminis.
682 3394 836 3434 Regimen
864 3401 971 3424 autem
1002 3393 1212 3425 commixtum
1235 3400 1282 3425 est
1305 3394 1388 3434 opti-

326 3449 417 3469 mum
429 3438 605 3468 secundum
618 3437 755 3477 partium
770 3438 1025 3478 dispositionem:
1039 3444 1075 3468 ut
1086 3438 1216 3468 inferius
1228 3437 1262 3469 in
1274 3447 1328 3478 qu.
1339 3448 1386 3475 cv,

325 3489 381 3514 art.
398 3493 422 3519 1,
448 3481 632 3522 explicatur,
658 3482 735 3512 dum
758 3481 859 3512 littera
882 3481 940 3512 ista
962 3481 1005 3512 ibi
1029 3482 1226 3522 explanatur,
1252 3482 1386 3513 dicendo

1439 2864 1528 2904 quod
1550 2863 1691 2903 regimen
1715 2863 1932 2904 compositum
1956 2873 1993 2894 ex
2016 2863 2168 2903 regimine
2186 2863 2282 2894 unius
2298 2869 2428 2904 propter
2442 2862 2504 2894 vir-

1440 2914 1560 2943 tutem,
1586 2914 1616 2938 et
1639 2908 1840 2948 appositione
1869 2908 2046 2938 multorum
2070 2908 2128 2938 sub
2152 2907 2223 2948 ipso
2256 2907 2504 2948 principantiutn

1439 2958 1569 2992 propter
1586 2951 1745 2988 virtutem,
1770 2962 1826 2993 per
1849 2952 2036 2982 electionem
2060 2952 2184 2992 populi,
2202 2957 2248 2982 est
2267 2951 2438 2992 optimum,
2455 2957 2503 2982 ut-

1440 3002 1516 3036 pote
1538 2995 1674 3026 mixtum
1698 3006 1735 3026 ex
1757 3005 1865 3036 regno,
1889 2995 2081 3026 aristocratia
2104 3002 2135 3026 et
2158 2995 2358 3026 democratia.

1495 3039 1605 3070 Tertio
1630 3039 1744 3070 dicitur
1765 3040 1864 3080 quod,
1886 3039 1962 3080 quia
1977 3039 2174 3080 comparatio
2194 3046 2240 3070 est
2263 3039 2345 3070 inter
2360 3039 2505 3071 distincta

1440 3084 1617 3115 secundum
1639 3084 1670 3114 id
1695 3083 1728 3114 in
1751 3094 1817 3125 quo
1842 3083 2089 3124 distinguuntur,
2113 3090 2280 3125 propterea
2304 3093 2378 3114 cum
2401 3090 2505 3115 unum

1441 3137 1471 3159 et
1485 3128 1571 3159 idem
1587 3127 1744 3159 clauditur
1758 3128 1790 3158 in
1807 3134 1945 3169 utroque
1964 3134 2232 3168 comparatorum,
2247 3137 2287 3158 ne
2303 3133 2504 3168 comparetur

1439 3172 1525 3203 idem
1548 3173 1588 3202 ad
1611 3172 1770 3212 seipsum,
1804 3172 1999 3212 comparatio
2030 3171 2216 3212 intelligitur
2244 3171 2422 3202 secundum
2448 3169 2503 3202 ad-

1440 3216 1557 3247 iuncta.
1582 3219 1629 3247 Ac
1652 3226 1708 3257 per
1730 3217 1802 3253 hoc,
1824 3226 1899 3247 cum
1914 3216 2055 3256 regimen
2078 3216 2188 3253 unius,
2208 3222 2239 3247 et
2253 3215 2393 3256 regimen
2416 3223 2502 3246 com-

1440 3260 1577 3291 mixtum
1593 3271 1629 3291 ex
1644 3260 1798 3300 regimine
1813 3260 1909 3291 unius
1925 3266 1956 3291 et
1974 3260 2133 3291 maiorum
2148 3266 2179 3291 et
2193 3259 2303 3301 plebis,
2318 3262 2503 3299 comparan-

1441 3311 1508 3341 tur;
1534 3315 1570 3335 ex
1596 3315 1660 3335 una
1683 3312 1770 3345 parte
1794 3304 1931 3336 sumitur
1946 3304 2087 3344 regimen
2109 3304 2214 3341 unius,
2231 3310 2263 3335 et
2285 3313 2322 3334 ex
2342 3302 2402 3333 alin
2424 3301 2503 3340 regi-

1442 3359 1517 3380 men
1537 3349 1683 3385 mixtum,
1697 3359 1764 3380 non
1779 3355 1936 3390 quatenus
1951 3348 2086 3380 includit
2104 3348 2244 3388 regimen
2260 3346 2355 3378 unius
2371 3352 2402 3376 et
2417 3345 2504 3377 addit

1442 3393 1537 3424 aliam
1569 3393 1758 3429 bonitatem,
1791 3393 1846 3423 sed
1878 3393 2056 3423 secundum
2083 3391 2240 3423 bonitates
2267 3389 2440 3420 adiunctas.
2462 3389 2503 3420 Et

1443 3438 1556 3468 dicitur
1571 3437 1660 3478 quod
1675 3437 1816 3477 regimen
1832 3436 1927 3467 unius
1944 3442 1990 3467 est
2005 3435 2179 3477 optimum;
2196 3440 2232 3465 ut
2246 3434 2280 3464 in
2295 3433 2440 3474 pluribus
2455 3433 2503 3464 lo-
2529 3434 2742 3484 iifffcdf'igenl'ess

1443 3481 1486 3513 cis
1502 3492 1519 3512 a
1533 3481 1731 3522 Philosopho
1745 3480 1763 3500 *
1779 3487 1810 3512 et
1823 3480 1898 3511 divo
1909 3480 2038 3511 Thoma
2051 3479 2087 3499 ¹⁸*
2099 3479 2204 3509 habes.
2221 3477 2307 3508 Cum
2319 3477 2381 3508 hoc
2395 3483 2503 3509 tamen
2530 3477 2596 3510 usim.
2609 3476 2716 3516 p'moed.

2531 3305 2540 3313 ·
2555 3303 2591 3325 cf.
2608 3302 2740 3332 Metapkys.

2530 3329 2570 3351 lib.
2584 3329 2629 3357 XI,
2647 3335 2698 3358 etp.
2713 3336 2741 3357 ι,

2529 3362 2638 3410 iiivffixs
2639 3355 2742 3405 1322:

2531 3410 2551 3419 '¹
2571 3408 2608 3430 De
2627 3408 2740 3438 Regi-dn.
