2840 4010
67 3110 77 3121 ’
84 3109 137 3132 Lib.
147 3109 178 3132 de
190 3108 247 3131 Fide
256 3110 280 3130 et

10 3150 13 3151 ν
158 3151 164 3158 .
183 3141 277 3162 mxxvi:

14 3170 17 3186 t
164 3161 201 3189 4.,
225 3167 276 3189 cap.

61 3194 128 3212 uxr.

10 3299 13 3302 Α
67 3267 78 3278 ·
91 3266 149 3295 (hp.
163 3272 206 3289 ιιι.

926 179 1190 225 QUAESTIO
1220 178 1392 225 LXXIV,

1072 312 1282 354 ARTICU
1289 311 1385 352 LUS

1420 177 1714 215 ARTICULUS
1742 178 1827 214 V111

1415 311 1685 353 OCTAVUS

650 404 804 436 UTRUM
827 403 1071 436 CONSENSUS
1093 403 1135 433 IN
1159 401 1528 432 DELECTATIONEM
1549 403 1617 449 SIT
1639 403 1875 435 PECCATUM
1897 404 2107 435 MORTALE

463 491 536 521 lufta.
555 499 601 524 qu.
612 499 734 523 Lxxxvm,
752 497 800 517 art.
815 491 837 521 5,
856 492 887 516 ad
908 498 937 521 23
956 491 977 514 11
997 490 1079 518 Sem„
1099 489 1156 513 dist.
1168 495 1233 516 mit.
1253 495 1297 520 qu.
1310 495 1353 518 m,
1373 493 1418 512 art.
1432 496 1461 519 43
1482 489 1523 513 De
1545 489 1632 519 Ver-it„
1653 498 1696 522 qu.
1710 498 1749 520 xv,
1770 497 1814 515 art.
1829 499 1858 523 4;
1879 492 1974 522 Quodl.
1993 492 2052 522 XII,
2072 499 2117 525 qu.
2129 500 2192 524 xxu,
2211 498 2257 517 art.
2276 501 2297 518 1.

336 595 393 623 ³
419 602 487 640 ,ms
510 591 533 615 n
553 591 724 616 ocrAvuM
747 589 800 615 Sic
819 587 1056 614 PROCEmTuR.
1072 575 1230 612 Videtur
1248 574 1352 622 quod

328 621 490 689 ’ψὲιὴ
511 643 717 668 consensus
736 631 774 666 in
794 629 1083 666 delectationem
1103 639 1180 664 non
1203 627 1250 663 sit
1266 638 1353 675 pec-

379 700 431 717 ν’
449 669 480 732 ’ἢ
511 690 636 720 catum
665 683 836 719 mortale.
866 681 1090 718 Consentire
1110 679 1211 718 enim
1232 679 1269 715 in
1289 679 1353 715 de-

358 712 453 766 ἐξ)
470 729 748 772 §lectationem
767 734 926 783 pertinet
941 734 989 770 ad
1005 733 1188 770 rationem
1204 731 1353 768 inferio-

300 799 394 833 rem,
425 787 530 824 cuius
549 799 627 824 non
655 795 712 823 est
738 787 934 823 intendere
963 785 1169 822 rationibus
1192 782 1353 820 aeternis

300 841 362 877 vel
389 839 461 887 legi
489 839 658 887 divinae,
693 846 728 876 et
755 852 824 888 per
851 850 1089 886 consequens
1122 849 1193 873 nec
1224 837 1272 872 ab
1302 835 1354 871 eis

300 891 431 929 averti.
453 892 529 928 Sed
549 903 664 928 omne
683 899 880 940 peccatum
902 891 1060 928 mortale
1081 896 1136 926 est
1157 900 1226 937 per
1248 900 1356 924 aver-

301 944 449 981 sionem
477 955 500 980 a
526 945 608 992 lege
637 944 786 989 divina:
814 952 856 980 ut
873 951 976 992 patet
1002 954 1071 991 per
1094 940 1353 978 definitionem

266 1021 272 1027 -
299 996 511 1043 Augustini,
528 997 575 1033 de
593 1004 749 1045 peccato
769 996 919 1033 mortali
938 996 1076 1041 datam,
1092 1005 1190 1042 quae
1210 1004 1323 1041 supra
1337 992 1356 1014 ’¹‘

299 1049 423 1098 posita
451 1056 517 1085 est.
547 1050 649 1097 Ergo
670 1061 877 1086 consensus
905 1049 943 1085 in
970 1046 1258 1084 delectationem
1277 1057 1354 1081 non

301 1109 358 1139 est
383 1109 583 1150 peccatum
610 1103 781 1139 mortale.

359 1165 394 1191 2.
427 1154 663 1202 PRAETEREA,
699 1153 910 1191 consentire
942 1152 981 1189 in
1017 1151 1159 1200 aliquid
1191 1162 1270 1186 non
1302 1157 1358 1185 est

301 1207 446 1243 malum
466 1206 537 1243 nisi
555 1207 643 1255 quia
670 1207 762 1244 illud
780 1214 837 1243 est
857 1206 1000 1242 malum
1017 1204 1055 1240 in
1074 1204 1178 1252 quod
1198 1215 1357 1239 consen-

243 1282 280 1286 ψ·
290 1259 508 1296 fituffSed
529 1265 687 1307 propter
712 1260 813 1308 quod
839 1257 1127 1305 unumquodque
1150 1261 1179 1302 ⁴²,
1208 1261 1244 1292 et
1269 1256 1360 1291 illud

302 1312 446 1361 magis,
479 1313 542 1349 vel
575 1312 706 1348 saltem
740 1324 818 1348 non
850 1311 986 1347 minus.
1021 1309 1112 1346 Non
1145 1320 1234 1355 ergo
1268 1307 1358 1345 illud

302 1364 342 1401 in
370 1364 474 1413 quod
502 1364 750 1410 consentitur,
783 1371 908 1412 potest
941 1375 1023 1400 esse
1055 1361 1182 1398 minus
1214 1362 1358 1397 malurn

304 1428 422 1465 quam
451 1428 669 1453 consensus.
700 1417 777 1453 Sed
806 1416 1002 1453 delectatio
1030 1414 1111 1451 sine
1139 1425 1254 1461 opere
1283 1425 1361 1450 non

305 1476 363 1506 est
379 1477 580 1517 peccatum
609 1470 780 1516 mortale,
809 1469 877 1506 sed
903 1467 1050 1506 veniale
1075 1474 1234 1503 tantum.
1260 1467 1361 1514 Ergo

305 1533 378 1559 nec
396 1533 604 1558 consensus
618 1521 656 1558 in
673 1521 961 1558 delectationem
977 1527 1033 1557 est
1045 1527 1245 1568 peccatum
1261 1531 1362 1555 mor-

303 1574 389 1612 tale.

362 1627 396 1664 3.
416 1627 648 1673 PRAETEREA,
666 1626 932 1663 delectationes
948 1625 1124 1662 differunt
1142 1624 1181 1660 in
1196 1624 1362 1660 bonitate

259 1684 262 1685 ’
307 1686 344 1716 et
361 1678 502 1716 malitia
520 1679 731 1716 secundum
752 1678 1000 1716 differentiam
1021 1677 1297 1726 operationum,
1322 1684 1364 1713 ut

210 1755 220 1789 ⁶.
248 1750 279 1762 ·-
307 1731 396 1770 dicit
413 1731 679 1780 Philosophus,
700 1732 738 1768 in
757 1732 792 1768 X
810 1732 928 1769 Ethic.
945 1730 965 1752 ’¹‘
992 1730 1070 1767 Sed
1097 1729 1168 1766 alia
1191 1729 1360 1777 operatio

307 1792 363 1821 est
381 1784 535 1821 interior
558 1784 744 1831 cogitatio,
767 1792 803 1820 et
822 1784 893 1820 alia
912 1782 926 1812 β
954 1791 1058 1820 actus
1078 1782 1249 1828 exterior,
1270 1789 1362 1830 puta

306 1837 574 1874 fornicationis.
596 1838 697 1884 Ergo
719 1845 754 1873 et
769 1836 966 1874 delectatio
982 1847 1218 1882 consequens
1234 1842 1360 1870 actum

305 1889 490 1927 interioris
524 1889 772 1937 cogitationis,
808 1896 954 1925 tantum
988 1887 1111 1925 differt
1142 1900 1164 1924 a
1201 1887 1361 1924 delecta-

306 1942 408 1979 tione
436 1942 690 1979 fornicationis
718 1942 756 1978 in
785 1941 951 1978 bonitate
979 1941 1041 1978 vel
1060 1940 1211 1987 malitia,
1241 1952 1360 1988 quan-

306 2003 389 2032 tum
410 1995 533 2032 differt
552 1994 725 2042 cogitatio
745 1994 899 2031 interior
924 1994 971 2030 ab
991 2001 1076 2030 actu
1097 1993 1279 2030 exteriori.
1312 1994 1362 2029 Et

306 2060 375 2096 per
403 2059 640 2096 consequens
670 2047 783 2084 etiam
813 2047 951 2083 eodem
970 2046 1089 2083 modo
1118 2045 1242 2083 differt
1270 2057 1359 2082 con-

306 2100 442 2138 sentire
470 2100 509 2136 in
536 2107 751 2147 utrumque.
787 2099 863 2136 Sed
892 2098 1064 2147 cogitatio
1097 2098 1252 2135 interior
1283 2110 1361 2135 non

307 2160 363 2190 est
389 2160 589 2202 peccatum
622 2153 799 2197 mortale3
833 2164 904 2188 nec
939 2151 1053 2188 etiam
1088 2163 1295 2188 consensus
1323 2151 1361 2188 in

307 2205 586 2254 cogitationem.
607 2206 709 2253 Ergo
728 2217 798 2253 per
817 2216 1054 2252 consequens
1069 2215 1139 2240 nec
1154 2216 1362 2240 consensus

305 2257 345 2297 in
374 2258 673 2295 delectationem.
1297 2271 1300 2275 ·

357 2323 396 2357 4.
426 2311 664 2357 Pmmmzi,
695 2310 853 2346 exterior
881 2316 985 2346 actus
1016 2309 1272 2346 fornicationis
1299 2310 1360 2346 vel

305 2363 478 2401 adulterii
506 2375 585 2400 non
609 2370 665 2399 est
682 2370 881 2411 peccatum
910 2363 1067 2398 mortale
1096 2362 1241 2398 ratione
1262 2362 1361 2398 dele-

306 2415 489 2463 ctationis,
518 2427 618 2464 quae
648 2415 758 2452 etiam
786 2414 975 2452 invenitur
1001 2414 1039 2451 in
1063 2422 1149 2451 actu
1169 2415 1361 2451 matrimo-

305 2468 410 2515 niali:
439 2468 507 2506 sed
531 2468 675 2505 ratione
695 2467 982 2505 inordinationis
1001 2466 1117 2516 ipsius
1137 2475 1252 2504 actus.
1284 2468 1359 2504 Sed

303 2521 364 2559 ille
392 2521 458 2570 qui
485 2521 670 2558 consentit
696 2520 735 2558 in
762 2519 1067 2566 delectationem,
1101 2532 1179 2557 non
1205 2528 1361 2569 propter

304 2574 380 2612 hoc
408 2573 591 2611 consentit
609 2573 646 2610 in
667 2573 995 2610 deordinationem
1014 2580 1130 2610 actus.
1160 2574 1262 2621 Ergo
1282 2586 1360 2610 non

303 2627 455 2664 videtur
480 2626 686 2663 mortaliter
712 2638 882 2675 peccare.

362 2681 395 2716 5.
423 2680 655 2726 PRAETEREA,
684 2686 883 2727 peccatum
911 2677 1105 2715 homicidii
1133 2685 1188 2714 est
1209 2678 1359 2726 gravius

305 2743 422 2780 quam
454 2731 634 2780 simplicis
666 2730 931 2768 fornicationis.
967 2731 1044 2767 Sed
1079 2731 1288 2768 consentire
1321 2731 1359 2768 in

305 2783 593 2822 delectationem
621 2796 717 2832 quae
747 2783 987 2832 consequitur
1014 2783 1278 2830 cogitationem
1313 2784 1359 2821 de

304 2836 523 2883 homicidio,
543 2848 622 2873 non
641 2844 697 2873 est
714 2844 913 2885 peccatum
933 2837 1103 2873 mortale.
1121 2837 1222 2884 Ergo
1240 2837 1359 2873 multo

306 2889 431 2926 minus
464 2889 674 2926 consentire
706 2889 743 2926 in
778 2888 1065 2926 delectationem
1098 2901 1195 2937 quae
1229 2902 1360 2926 conse-

305 2941 431 2990 quitur
450 2941 714 2988 cogitationem
736 2941 782 2978 de
801 2941 1058 2989 fornicatione,
1089 2949 1143 2978 est
1161 2950 1359 2990 peccatum

305 2995 475 3031 mortale.

358 3047 394 3083 6.
415 3047 647 3093 PRAETEREA,
673 3046 792 3082 oratio
813 3046 1004 3083 dominica
1032 3046 1199 3095 quotidie
1229 3047 1362 3084 dicitur

304 3111 375 3148 pro
404 3098 625 3136 remissione
651 3098 870 3144 venialium,
898 3106 940 3135 ut
966 3098 1198 3146 Augustinus
1223 3099 1311 3136 dicit
1328 3099 1359 3136 ³⁸.

305 3152 382 3189 Sed
398 3163 625 3188 consensum
641 3151 679 3187 in
694 3150 982 3187 delectationem
1001 3151 1232 3198 Augustinus
1253 3152 1363 3189 docet

305 3217 388 3242 esse
407 3203 640 3242 abolendum
665 3215 733 3251 per
753 3203 963 3240 orationem
990 3203 1246 3241 dominicam:
1276 3204 1363 3241 dicit

306 3257 420 3304 enim,
441 3257 479 3294 in
498 3258 567 3293 XII
587 3257 632 3293 de
656 3257 692 3292 T
687 3256 758 3292 rin.
774 3255 805 3301 *,
826 3256 931 3304 quod
948 3256 1020 3291 hoc
1037 3261 1093 3292 est
1109 3256 1221 3306 longe
1238 3257 1362 3293 minus

298 3315 496 3358 peccatum
524 3321 638 3357 quam
656 3309 819 3357 siopere
844 3313 1029 3344 statuatur
1056 3308 1305 3356 implendum.-
1329 3315 1364 3345 et

356 3449 384 3483 α)
405 3449 616 3481 unumquodque.
635 3462 653 3467 —
672 3448 725 3472 tale
743 3447 813 3472 addit
832 3447 877 3471 sD.
891 3461 909 3465 -
922 3450 948 3472 et
966 3455 1018 3471 om.
1034 3446 1236 3472 ABCDEFl-IIL.
1383 3446 1386 3511 Ι

356 3483 382 3518 β)
401 3485 464 3509 alia.
480 3498 500 3503 —
517 3484 586 3508 alius
604 3481 863 3515 AcEFGHIKLpBD
883 3488 907 3507 et
925 3489 950 3506 α.

1406 575 1487 610 ideo
1507 576 1551 610 de
1570 576 1701 612 talibus
1729 589 1874 626 quoque
1892 580 2175 629 cogitationibus
2200 581 2310 617 venia
2331 586 2457 629 peten-

1407 627 1455 662 da
1483 632 1545 672 est,
1569 634 1770 676 pectusque
1793 633 2084 678 percutiendum,
2113 639 2224 681 atque
2249 634 2456 680 dicendum,

1407 679 1560 715 Dimitte
1591 681 1696 716 nobis
1728 682 1848 718 debita
1881 690 2018 721 nostra.
2048 686 2149 732 Ergo
2183 697 2389 722 consensus
2421 686 2459 722 in

1408 731 1695 768 delectationem
1725 742 1779 769 est
1806 744 2004 782 peccatum
2032 738 2192 775 veniale.

1463 783 1536 819 SED
1565 794 1709 820 CONTRA
1736 797 1802 821 EST
1832 789 1934 834 quod
1967 790 2197 836 Augustinus
2225 798 2310 839 post
2337 803 2459 839 pauca

1409 835 1548 871 subdit:
1582 837 1694 872 Totus
1721 838 1831 874 homo
1859 840 2107 886 damnabitur,
2137 843 2209 878 nisi
2232 845 2324 879 haec
2351 855 2457 891 quae,

1407 887 1487 923 sine
1512 888 1701 925 voluntate
1728 892 1918 937 operandi,
1941 893 2006 928 sed
2024 899 2144 930 tamen
2165 906 2249 931 cum
2272 895 2459 932 voluntate

1410 940 1577 976 animum
1606 941 1739 977 talibus
1758 943 1974 989 oblectandi,
1998 946 2111 981 solius
2130 948 2362 995 cogitationis
2379 960 2460 984 sen-

1410 992 1550 1028 tiuntur
1576 1004 1653 1029 esse
1673 1000 1841 1040 peccata,
1866 1008 1938 1043 per
1964 998 2185 1035 Mediatoris
2212 1001 2376 1048 gratiam
2404 1012 2460 1036 re-

1410 1045 1613 1081 mittantur.
1645 1047 1720 1082 Sed
1740 1048 1864 1084 nullus
1894 1049 2093 1086 damnatur
2120 1051 2188 1086 nisi
2216 1063 2285 1099 pro
2304 1059 2459 1100 peccato

1410 1097 1570 1134 mortali.
1592 1098 1692 1145 Ergo
1714 1111 1920 1137 consensus
1939 1101 1977 1138 in
1998 1102 2282 1140 delectationem
2303 1111 2358 1140 est
2376 1116 2462 1152 pec-

1410 1157 1535 1186 catum
1564 1151 1734 1187 mortale.

1464 1203 1688 1239 RESPONDEo
1708 1215 1890 1241 DICENDUM
1919 1206 2023 1254 quod
2051 1207 2148 1244 circa
2175 1209 2250 1244 hoc
2277 1208 2388 1256 aliqui
2410 1208 2463 1245 di-

1411 1255 1628 1292 versimode
1657 1256 1799 1304 opinati
1828 1265 1924 1294 sunt.
1959 1259 2126 1305 Quidam
2156 1260 2256 1296 enirn
2292 1260 2464 1298 dixerunt

1413 1308 1517 1356 quod
1546 1320 1751 1345 consensus
1779 1309 1817 1346 in
1837 1310 2124 1348 delectationem
2153 1325 2230 1349 non
2259 1321 2314 1349 est
2330 1325 2463 1361 pecca—

1414 1367 1494 1396 tum
1528 1362 1704 1408 mortale,
1734 1362 1801 1398 sed
1828 1363 1975 1399 veniale
2004 1372 2159 1401 tantum.
2189 1365 2262 1401 Alii
2289 1377 2381 1402 vero
2411 1366 2464 1402 di-

1414 1421 1547 1449 xerunt
1565 1414 1669 1461 quod
1689 1421 1743 1450 est
1756 1423 1953 1462 peccatum
1974 1418 2150 1453 mortale:
2172 1425 2208 1453 et
2221 1419 2315 1454 haec
2335 1418 2463 1466 opinio

1417 1473 1472 1501 est
1506 1466 1745 1502 communior
1773 1475 1809 1503 et
1835 1468 2084 1505 verisimilior.
2114 1470 2181 1505 Est
2208 1470 2308 1506 enirn
2345 1470 2464 1506 consi-

1417 1518 1629 1555 derandum
1649 1519 1763 1567 quod,
1786 1532 1872 1556 cum
1896 1520 2021 1556 omnis
2041 1521 2234 1558 delectatio
2259 1535 2466 1570 consequa-

1417 1578 1476 1607 tur
1495 1571 1660 1620 aliquam
1680 1572 1952 1620 operationem,
1973 1581 2014 1609 ut
2033 1574 2166 1610 dicitur
2184 1574 2222 1611 in
2241 1576 2276 1611 X
2294 1576 2413 1612 Ethic.
2429 1575 2466 1618 ²⁸,-

1418 1631 1453 1660 et
1481 1624 1614 1660 iterum
1647 1636 1733 1660 curn
1771 1625 1896 1661 omnis
1924 1626 2119 1662 delectatio
2147 1627 2285 1663 habeat
2312 1628 2466 1676 aliquod

1417 1676 1626 1713 obiectum:
1657 1677 1852 1714 delectatio
1887 1679 2074 1725 quaelibet
2104 1687 2228 1727 potest
2256 1681 2466 1728 comparari

1416 1730 1463 1765 ad
1479 1730 1568 1776 duo,
1583 1729 1721 1766 scilicet
1740 1730 1788 1766 ad
1808 1730 2067 1778 operationem
2084 1744 2198 1779 quam
2215 1733 2465 1781 consequitur,

1417 1790 1452 1818 et
1479 1783 1527 1819 ad
1551 1783 1741 1818 obiectum
1765 1782 1803 1819 in
1823 1795 1899 1831 quo
1929 1783 2012 1830 quis
2033 1785 2245 1821 delectatur.
2277 1786 2465 1834 Contingit

1416 1843 1542 1871 autem
1563 1835 1666 1883 quod
1686 1835 1810 1884 aliqua
1838 1836 2006 1883 operatio
2028 1836 2072 1872 sit
2097 1837 2286 1873 obiectum
2308 1839 2465 1875 delecta-

1416 1887 1537 1933 tionis,
1568 1888 1660 1924 sicut
1679 1895 1714 1924 et
1733 1888 1859 1935 aliqua
1878 1888 1950 1924 alia
1969 1901 2044 1924 res:
2075 1889 2162 1937 quia
2190 1889 2270 1938 ipsa
2296 1892 2463 1939 operatio

1416 1948 1540 1987 potest
1566 1940 1683 1988 accipi
1710 1948 1751 1976 ut
1770 1941 1915 1977 bonum
1941 1948 1976 1976 et
2003 1941 2100 1988 finis,
2129 1942 2167 1978 in
2187 1954 2263 1990 quo
2291 1943 2373 1990 quis
2403 1944 2465 1980 de-

1416 1994 1570 2029 lectatus
1590 1993 1797 2040 requiescit.
1820 1994 1867 2029 Et
1886 1992 2116 2041 quandoque
2131 1994 2285 2043 quidem
2305 1996 2466 2044 ipsamet

1417 2045 1585 2093 operatio
1615 2058 1730 2093 quam
1765 2046 2004 2094 consequitur
2035 2047 2251 2094 delectatio,
2282 2056 2336 2084 est
2364 2049 2465 2085 obie-

1417 2106 1518 2134 ctum
1547 2098 1822 2134 delectationis:
1851 2098 2073 2147 inquantum
2102 2099 2240 2136 scilicet
2266 2100 2324 2137 vis
2352 2113 2466 2150 appe-

1415 2151 1531 2197 titiva,
1553 2150 1658 2187 cuius
1678 2158 1734 2187 est
1752 2150 1938 2197 delectari,
1960 2151 2160 2188 reflectitur
2179 2152 2216 2189 in
2235 2153 2356 2201 ipsam
2376 2166 2466 2202 ope-

1416 2204 1599 2240 rationem
1632 2203 1727 2240 sicut
1758 2203 1795 2240 in
1828 2204 2022 2251 quoddam
2058 2205 2220 2251 bonum3
2253 2214 2344 2254 puta
2378 2219 2464 2243 cum

1417 2256 1548 2305 aliquis
1569 2256 1714 2303 cogitat,
1736 2264 1772 2292 et
1791 2256 1994 2293 delectatur
2017 2257 2065 2293 de
2083 2257 2158 2293 hoc
2176 2257 2259 2305 ipso
2281 2259 2384 2306 quod
2405 2272 2465 2295 co-

1416 2309 1515 2357 gitat,
1535 2309 1757 2356 inquantum
1783 2321 1851 2345 sua
1871 2309 2041 2356 cogitatio
2060 2310 2193 2357 placet.
2225 2311 2466 2360 Quandoque

1414 2374 1508 2398 vero
1538 2361 1733 2398 delectatio
1771 2373 2007 2410 consequens
2038 2374 2154 2401 unam
2184 2364 2465 2412 operationem,

1416 2422 1505 2463 puta
1544 2414 1808 2461 cogitationem
1843 2414 2031 2462 aliquam,
2061 2415 2175 2451 habet
2209 2428 2280 2463 pro
2317 2417 2464 2453 obiecto

1415 2467 1526 2504 aliam
1554 2466 1813 2515 operationem
1843 2466 1949 2515 quasi
1973 2479 2053 2503 rem
2076 2467 2295 2515 cogitatam:
2325 2477 2361 2506 et
2379 2477 2466 2506 tunc

1415 2520 1496 2556 talis
1525 2519 1722 2556 delectatio
1750 2519 1920 2567 procedit
1943 2531 1988 2556 ex
2015 2519 2255 2557 inclinatione
2283 2522 2465 2570 appetitus

1415 2585 1492 2609 non
1516 2572 1671 2620 quidem
1698 2572 1736 2608 in
1765 2572 2042 2620 cogitationem,
2063 2573 2129 2609 sed
2150 2573 2188 2609 in
2208 2575 2464 2622 operationem

1414 2625 1625 2673 cogitatam.

1468 2678 1530 2714 Sic
1557 2677 1665 2725 igitur
1695 2676 1827 2725 aliquis
1856 2677 1903 2713 de
1932 2677 2175 2714 fornicatione
2212 2678 2385 2726 cogitans,
2417 2679 2462 2715 de

1415 2731 1564 2768 duobus
1592 2737 1716 2778 potest
1735 2729 1929 2766 delectari:
1958 2742 2036 2766 uno
2066 2730 2200 2778 modo,
2231 2731 2276 2766 de
2303 2731 2383 2779 ipsa
2403 2743 2464 2768 co-

1414 2783 1607 2832 gitatione3
1637 2782 1708 2818 alio
1742 2783 1881 2828 modo,
1912 2782 1958 2819 de
1987 2782 2230 2819 fornicatione
2250 2788 2264 2810 Υ
2295 2783 2462 2830 cogitata.

1415 2835 1622 2873 Delectatio
1652 2842 1779 2871 autem
1799 2835 1846 2871 de
1867 2834 2089 2882 cogitatione
2117 2835 2197 2883 ipsa
2226 2836 2392 2884 sequitur
2410 2836 2464 2873 in-

1415 2888 1655 2925 clinationem
1680 2887 1835 2924 affectus
1854 2887 1892 2923 in
1912 2887 2175 2934 cogitationem
2194 2888 2327 2935 ipsam.
2354 2889 2464 2936 Cogi—

1414 2941 1503 2978 tatio
1524 2948 1650 2977 autem
1670 2940 1751 2988 ipsa
1770 2940 1980 2976 secundum
2008 2952 2048 2976 se
2076 2952 2153 2976 non
2181 2947 2235 2976 est
2265 2948 2463 2989 peccatum

1417 2994 1595 3031 mortale:
1624 2993 1743 3029 immo
1777 2993 2003 3041 quandoque
2038 3000 2092 3028 est
2118 2992 2264 3029 veniale
2297 3001 2462 3042 tantum,

1416 3054 1506 3095 puta
1535 3058 1622 3083 cum
1656 3045 1787 3094 aliquis
1819 3045 1994 3081 inutiliter
2022 3045 2156 3092 cogitat
2175 3043 2204 3091 ⁸3
2234 3045 2464 3094 quandoque

1417 3107 1545 3136 autem
1565 3098 1644 3135 sine
1663 3105 1819 3146 peccato
1840 3097 2006 3143 omnino,
2028 3105 2118 3145 puta
2138 3110 2225 3134 cum
2245 3098 2376 3147 aliquis
2395 3099 2464 3135 uti-

1416 3152 1496 3188 liter
1512 3151 1559 3188 de
1580 3163 1624 3187 ea
1643 3150 1788 3197 cogitat,
1805 3149 1898 3186 sicut
1918 3161 2004 3185 cum
2019 3150 2099 3186 vult
2118 3150 2164 3187 de
2185 3162 2229 3186 ea
2246 3151 2464 3199 praedicare

1414 3205 1477 3240 vel
1497 3203 1697 3251 disputare.
1727 3203 1776 3238 Et
1795 3202 1882 3238 ideo
1902 3213 1969 3249 per
1988 3214 2224 3251 consequens
2251 3203 2399 3240 affectio
2429 3212 2465 3241 et

1417 3255 1612 3293 delectatio
1628 3266 1724 3302 quae
1745 3254 1797 3290 sic
1812 3262 1867 3290 est
1887 3254 1934 3290 de
1953 3254 2176 3302 cogitatione
2196 3255 2462 3304 fornicationis,

1415 3320 1492 3345 non
1514 3315 1568 3344 est
1587 3307 1633 3344 de
1657 3319 1793 3354 genere
1820 3307 1964 3355 peccati
1983 3308 2168 3355 mortalis;
2198 3308 2267 3346 sed
2294 3310 2463 3358 quando-

1464 3446 1490 3480 γ)
1502 3446 1693 3479 sornicationc.
1711 3460 1731 3465 —-
1749 3446 1806 3478 ipsa
1819 3446 2001 3480 fornicatione
2019 3447 2064 3471 Pa.

1465 3480 1490 3515 ὅ)
1509 3482 1620 3515 cogitat.
1637 3495 1656 3500 -
1673 3481 1775 3514 cogitat
1793 3481 1825 3506 de
1843 3489 1874 3506 ea
1893 3482 1938 3510 Pa,
1957 3482 2059 3515 cogitat
2077 3482 2125 3507 hoc
2144 3483 2174 3507 K.

2492 1579 2570 1628 sciit·
2579 1585 2644 1627 ¹12AE
2653 1586 2700 1628 312·
